<?xml version="1.0" encoding="UTF-8"?>
<!DOCTYPE html PUBLIC "-//W3C//DTD XHTML 1.0 Transitional//EN"
    "http://www.w3.org/TR/xhtml1/DTD/xhtml1-transitional.dtd">
<html xmlns="http://www.w3.org/1999/xhtml" xml:lang="en" lang="en">
 <head>
  <title>
</title>
<meta http-equiv="Content-Type" content="text/html;charset=utf-8" />
  <meta name='ocr-system' content='tesseract 3.04.00' />
  <meta name='ocr-capabilities' content='ocr_page ocr_carea ocr_par ocr_line ocrx_word'/>
</head>
<body>
  <div class='ocr_page' id='page_1' title='image "./joanniskepleria03frisgoog_0409.png"; bbox 0 0 4459 6275; ppageno 0'>
   <div class='ocr_carea' id='block_1_1' title="bbox 429 1648 1786 1985">
    <p class='ocr_par' dir='ltr' id='par_1_1' title="bbox 429 1648 1786 1985">
     <span class='ocr_line' id='line_1_1' title="bbox 429 1648 1786 1738; baseline -0.004 -11"><span class='ocrx_word' id='word_1_1' title='bbox 429 1654 628 1729; x_wconf 80' lang='lat' dir='ltr'><strong>Admodum</strong></span> <span class='ocrx_word' id='word_1_2' title='bbox 655 1651 880 1738; x_wconf 84' lang='lat' dir='ltr'><strong>Reverendis,</strong></span> <span class='ocrx_word' id='word_1_3' title='bbox 909 1650 1114 1738; x_wconf 74' lang='lat' dir='ltr'><strong>illustribus,</strong></span> <span class='ocrx_word' id='word_1_4' title='bbox 1144 1649 1340 1737; x_wconf 85' lang='lat' dir='ltr'><strong>Generosis,</strong></span> <span class='ocrx_word' id='word_1_5' title='bbox 1369 1648 1606 1738; x_wconf 90' lang='lat' dir='ltr'><strong>Nobilissimis,</strong></span> <span class='ocrx_word' id='word_1_6' title='bbox 1626 1652 1786 1724; x_wconf 88' lang='lat' dir='ltr'><strong>Strenuis</strong></span> 
     </span>
     <span class='ocr_line' id='line_1_2' title="bbox 430 1764 1783 1865; baseline -0.007 -15"><span class='ocrx_word' id='word_1_7' title='bbox 430 1784 496 1852; x_wconf 86' lang='lat' dir='ltr'><strong>etc.</strong></span> <span class='ocrx_word' id='word_1_8' title='bbox 527 1779 698 1865; x_wconf 83' lang='lat' dir='ltr'><strong>Dominis,</strong></span> <span class='ocrx_word' id='word_1_9' title='bbox 735 1764 994 1850; x_wconf 77' lang='lat' dir='ltr'><strong>Arcbid&#39;ncatus</strong></span> <span class='ocrx_word' id='word_1_10' title='bbox 1021 1773 1186 1847; x_wconf 71' lang='lat' dir='ltr'><strong>niustriae</strong></span> <span class='ocrx_word' id='word_1_11' title='bbox 1216 1773 1476 1863; x_wconf 87' lang='lat' dir='ltr'><strong>Supranisanae</strong></span> <span class='ocrx_word' id='word_1_12' title='bbox 1499 1770 1687 1847; x_wconf 88' lang='lat' dir='ltr'><strong>Ordinibus</strong></span> <span class='ocrx_word' id='word_1_13' title='bbox 1715 1777 1783 1845; x_wconf 84' lang='lat' dir='ltr'><strong>etc.</strong></span> 
     </span>
     <span class='ocr_line' id='line_1_3' title="bbox 822 1896 1386 1985; baseline 0 -17"><span class='ocrx_word' id='word_1_14' title='bbox 822 1896 976 1970; x_wconf 84' lang='lat' dir='ltr'><strong>Dominis</strong></span> <span class='ocrx_word' id='word_1_15' title='bbox 1003 1897 1088 1970; x_wconf 88' lang='lat' dir='ltr'><strong>meis</strong></span> <span class='ocrx_word' id='word_1_16' title='bbox 1114 1897 1386 1985; x_wconf 76' lang='lat' dir='ltr'><strong>gratiosissimis.</strong></span> 
     </span>
    </p>
   </div>
   <div class='ocr_carea' id='block_1_2' title="bbox 515 2100 1780 2182">
    <p class='ocr_par' dir='ltr' id='par_1_2' title="bbox 515 2100 1780 2182">
     <span class='ocr_line' id='line_1_4' title="bbox 515 2100 1780 2182; baseline 0.001 -19"><span class='ocrx_word' id='word_1_17' title='bbox 515 2104 588 2166; x_wconf 88' lang='lat' dir='ltr'><strong>Post</strong></span> <span class='ocrx_word' id='word_1_18' title='bbox 610 2101 833 2182; x_wconf 75' lang='lat' dir='ltr'><strong>quadriennium</strong></span> <span class='ocrx_word' id='word_1_19' title='bbox 862 2100 901 2160; x_wconf 87' lang='lat' dir='ltr'><strong>ab</strong></span> <span class='ocrx_word' id='word_1_20' title='bbox 923 2100 1052 2163; x_wconf 80' lang='lat' dir='ltr'><strong>editiorm</strong></span> <span class='ocrx_word' id='word_1_21' title='bbox 1073 2102 1186 2179; x_wconf 89' lang='lat' dir='ltr'><strong>primas</strong></span> <span class='ocrx_word' id='word_1_22' title='bbox 1208 2103 1299 2181; x_wconf 86' lang='lat' dir='ltr'><strong>partis</strong></span> <span class='ocrx_word' id='word_1_23' title='bbox 1322 2101 1529 2163; x_wconf 80' lang='lat' dir='ltr'><strong>Astronomiae</strong></span> <span class='ocrx_word' id='word_1_24' title='bbox 1552 2101 1780 2179; x_wconf 84' lang='lat' dir='ltr'><strong>Coperoicaose,</strong></span> 
     </span>
    </p>
   </div>
   <div class='ocr_carea' id='block_1_3' title="bbox 428 2188 1877 2270">
    <p class='ocr_par' dir='ltr' id='par_1_3' title="bbox 428 2188 1877 2270">
     <span class='ocr_line' id='line_1_5' title="bbox 428 2188 1877 2270; baseline -0.003 -18"><span class='ocrx_word' id='word_1_25' title='bbox 428 2208 507 2270; x_wconf 80' lang='lat' dir='ltr'><strong>quse</strong></span> <span class='ocrx_word' id='word_1_26' title='bbox 536 2191 698 2251; x_wconf 88' lang='lat' dir='ltr'><strong>doctrinam</strong></span> <span class='ocrx_word' id='word_1_27' title='bbox 724 2189 907 2267; x_wconf 84' lang='lat' dir='ltr'><strong>spbaerloam</strong></span> <span class='ocrx_word' id='word_1_28' title='bbox 928 2188 1011 2246; x_wconf 90' lang='lat' dir='ltr'><strong>libris</strong></span> <span class='ocrx_word' id='word_1_29' title='bbox 1034 2190 1128 2248; x_wconf 86' lang='lat' dir='ltr'><strong>tribus</strong></span> <span class='ocrx_word' id='word_1_30' title='bbox 1149 2189 1326 2268; x_wconf 83' lang='lat' dir='ltr'><strong>explicatam</strong></span> <span class='ocrx_word' id='word_1_31' title='bbox 1349 2191 1494 2264; x_wconf 89' lang='lat' dir='ltr'><strong>continet,</strong></span> <span class='ocrx_word' id='word_1_32' title='bbox 1524 2198 1593 2267; x_wconf 91' lang='lat' dir='ltr'><strong>post</strong></span> <span class='ocrx_word' id='word_1_33' title='bbox 1614 2189 1784 2250; x_wconf 80' lang='lat' dir='ltr'><strong>sanum-ab</strong></span> <span class='ocrx_word' id='word_1_34' title='bbox 1875 2242 1877 2247; x_wconf 90' lang='lat'><em>.</em></span> 
     </span>
    </p>
   </div>
   <div class='ocr_carea' id='block_1_4' title="bbox 428 2274 1829 2359">
    <p class='ocr_par' dir='ltr' id='par_1_4' title="bbox 428 2274 1829 2359">
     <span class='ocr_line' id='line_1_6' title="bbox 428 2274 1829 2359; baseline -0.001 -20"><span class='ocrx_word' id='word_1_35' title='bbox 428 2279 508 2339; x_wconf 87' lang='lat' dir='ltr'><strong>edito</strong></span> <span class='ocrx_word' id='word_1_36' title='bbox 531 2279 608 2338; x_wconf 88' lang='lat' dir='ltr'><strong>libro</strong></span> <span class='ocrx_word' id='word_1_37' title='bbox 629 2286 751 2356; x_wconf 74' lang='lat' dir='ltr'><strong>quomo,</strong></span> <span class='ocrx_word' id='word_1_38' title='bbox 774 2293 835 2355; x_wconf 82' lang='lat' dir='ltr'><strong>quo</strong></span> <span class='ocrx_word' id='word_1_39' title='bbox 855 2274 1009 2353; x_wconf 81' lang='lat' dir='ltr'><strong>physicam</strong></span> <span class='ocrx_word' id='word_1_40' title='bbox 1031 2276 1198 2349; x_wconf 87' lang='lat' dir='ltr'><strong>coelestem,</strong></span> <span class='ocrx_word' id='word_1_41' title='bbox 1223 2294 1277 2338; x_wconf 90' lang='lat' dir='ltr'><strong>seu</strong></span> <span class='ocrx_word' id='word_1_42' title='bbox 1298 2277 1443 2354; x_wconf 88' lang='lat' dir='ltr'><strong>principia</strong></span> <span class='ocrx_word' id='word_1_43' title='bbox 1465 2276 1614 2338; x_wconf 77' lang='lat' dir='ltr'><strong>doeulose</strong></span> <span class='ocrx_word' id='word_1_44' title='bbox 1636 2277 1785 2338; x_wconf 62' lang='lat' dir='ltr'><strong>bsodcas</strong></span> <span class='ocrx_word' id='word_1_45' title='bbox 1825 2354 1829 2359; x_wconf 10' lang='grc' dir='ltr'>ᾖ</span> 
     </span>
    </p>
   </div>
   <div class='ocr_carea' id='block_1_5' title="bbox 428 2361 1916 2530">
    <p class='ocr_par' dir='ltr' id='par_1_5' title="bbox 428 2361 1916 2530">
     <span class='ocr_line' id='line_1_7' title="bbox 428 2361 1916 2443; baseline -0.003 -17"><span class='ocrx_word' id='word_1_46' title='bbox 428 2364 465 2427; x_wconf 84' lang='lat' dir='ltr'><strong>ds</strong></span> <span class='ocrx_word' id='word_1_47' title='bbox 487 2367 618 2427; x_wconf 89' lang='lat' dir='ltr'><strong>motibus</strong></span> <span class='ocrx_word' id='word_1_48' title='bbox 639 2364 822 2443; x_wconf 85' lang='lat' dir='ltr'><strong>planetarum</strong></span> <span class='ocrx_word' id='word_1_49' title='bbox 845 2361 967 2438; x_wconf 88' lang='lat' dir='ltr'><strong>tradidi,</strong></span> <span class='ocrx_word' id='word_1_50' title='bbox 989 2365 1123 2441; x_wconf 88' lang='lat' dir='ltr'><strong>seqnitur</strong></span> <span class='ocrx_word' id='word_1_51' title='bbox 1144 2362 1264 2423; x_wconf 62' lang='lat' dir='ltr'><strong>undem</strong></span> <span class='ocrx_word' id='word_1_52' title='bbox 1286 2363 1446 2442; x_wconf 83' lang='lat' dir='ltr'><strong>aliquando</strong></span> <span class='ocrx_word' id='word_1_53' title='bbox 1462 2380 1530 2442; x_wconf 85' lang='lat' dir='ltr'><strong>psrs</strong></span> <span class='ocrx_word' id='word_1_54' title='bbox 1552 2364 1691 2440; x_wconf 51' lang='lat' dir='ltr'><strong>theodos</strong></span> <span class='ocrx_word' id='word_1_55' title='bbox 1714 2381 1784 2443; x_wconf 85' lang='lat' dir='ltr'><strong>spe·</strong></span> <span class='ocrx_word' id='word_1_56' title='bbox 1902 2372 1916 2427; x_wconf 82' lang='lat'><strong>.&#39;</strong></span> 
     </span>
     <span class='ocr_line' id='line_1_8' title="bbox 428 2451 1901 2530; baseline -0.002 -16"><span class='ocrx_word' id='word_1_57' title='bbox 428 2452 576 2528; x_wconf 63' lang='lat' dir='ltr'><strong>maura,</strong></span> <span class='ocrx_word' id='word_1_58' title='bbox 604 2455 648 2513; x_wconf 92' lang='lat' dir='ltr'><strong>sic</strong></span> <span class='ocrx_word' id='word_1_59' title='bbox 671 2452 749 2514; x_wconf 84' lang='lat' dir='ltr'><strong>dieta</strong></span> <span class='ocrx_word' id='word_1_60' title='bbox 771 2469 790 2512; x_wconf 86' lang='lat' dir='ltr'><strong>a</strong></span> <span class='ocrx_word' id='word_1_61' title='bbox 811 2451 945 2525; x_wconf 87' lang='lat' dir='ltr'><strong>theoriis,</strong></span> <span class='ocrx_word' id='word_1_62' title='bbox 975 2451 1031 2511; x_wconf 92' lang='lat' dir='ltr'><strong>boc</strong></span> <span class='ocrx_word' id='word_1_63' title='bbox 1052 2457 1098 2511; x_wconf 91' lang='lat' dir='ltr'><strong>est</strong></span> <span class='ocrx_word' id='word_1_64' title='bbox 1119 2452 1318 2512; x_wconf 82' lang='lat' dir='ltr'><strong>instrumentis</strong></span> <span class='ocrx_word' id='word_1_65' title='bbox 1339 2453 1518 2529; x_wconf 73' lang='lat' dir='ltr'><strong>marinariis,</strong></span> <span class='ocrx_word' id='word_1_66' title='bbox 1546 2453 1706 2530; x_wconf 85' lang='lat' dir='ltr'><strong>inquibus</strong></span> <span class='ocrx_word' id='word_1_67' title='bbox 1730 2468 1784 2514; x_wconf 89' lang='lat' dir='ltr'><strong>ceu</strong></span> <span class='ocrx_word' id='word_1_68' title='bbox 1869 2456 1873 2461; x_wconf 85' lang='lat'>&#39;</span> <span class='ocrx_word' id='word_1_69' title='bbox 1895 2492 1901 2511; x_wconf 56' lang='lat'><em>1</em></span> 
     </span>
    </p>
   </div>
   <div class='ocr_carea' id='block_1_6' title="bbox 425 2538 1783 3230">
    <p class='ocr_par' dir='ltr' id='par_1_6' title="bbox 428 2538 1376 2620">
     <span class='ocr_line' id='line_1_9' title="bbox 428 2538 1376 2620; baseline -0.005 -18"><span class='ocrx_word' id='word_1_70' title='bbox 428 2541 558 2620; x_wconf 85' lang='lat' dir='ltr'><strong>speculis</strong></span> <span class='ocrx_word' id='word_1_71' title='bbox 579 2549 677 2602; x_wconf 89' lang='lat' dir='ltr'><strong>motus</strong></span> <span class='ocrx_word' id='word_1_72' title='bbox 700 2539 883 2616; x_wconf 76' lang='lat' dir='ltr'><strong>singulorum</strong></span> <span class='ocrx_word' id='word_1_73' title='bbox 905 2538 1088 2615; x_wconf 89' lang='lat' dir='ltr'><strong>planetarum</strong></span> <span class='ocrx_word' id='word_1_74' title='bbox 1112 2546 1376 2616; x_wconf 71' lang='lat' dir='ltr'><strong>repraesentantur.</strong></span> 
     </span>
    </p>

    <p class='ocr_par' dir='ltr' id='par_1_7' title="bbox 425 2625 1783 3230">
     <span class='ocr_line' id='line_1_10' title="bbox 514 2625 1783 2706; baseline -0.002 -17"><span class='ocrx_word' id='word_1_75' title='bbox 514 2628 546 2689; x_wconf 82' lang='lat' dir='ltr'><strong>Si</strong></span> <span class='ocrx_word' id='word_1_76' title='bbox 577 2628 717 2706; x_wconf 90' lang='lat' dir='ltr'><strong>temporis</strong></span> <span class='ocrx_word' id='word_1_77' title='bbox 745 2628 977 2688; x_wconf 86' lang='lat' dir='ltr'><strong>circumstantiae</strong></span> <span class='ocrx_word' id='word_1_78' title='bbox 1006 2627 1148 2703; x_wconf 85' lang='lat' dir='ltr'><strong>respicio,</strong></span> <span class='ocrx_word' id='word_1_79' title='bbox 1178 2643 1244 2688; x_wconf 86' lang='lat' dir='ltr'><strong>sera</strong></span> <span class='ocrx_word' id='word_1_80' title='bbox 1274 2635 1319 2688; x_wconf 92' lang='lat' dir='ltr'><strong>est</strong></span> <span class='ocrx_word' id='word_1_81' title='bbox 1349 2625 1458 2704; x_wconf 93' lang='lat' dir='ltr'><strong>oppido</strong></span> <span class='ocrx_word' id='word_1_82' title='bbox 1487 2626 1562 2703; x_wconf 90' lang='lat' dir='ltr'><strong>prob</strong></span> <span class='ocrx_word' id='word_1_83' title='bbox 1587 2625 1672 2687; x_wconf 84' lang='lat' dir='ltr'><strong>dolor</strong></span> <span class='ocrx_word' id='word_1_84' title='bbox 1693 2625 1783 2688; x_wconf 89' lang='lat' dir='ltr'><strong>editio</strong></span> 
     </span>
     <span class='ocr_line' id='line_1_11' title="bbox 428 2713 1782 2794; baseline -0.002 -18"><span class='ocrx_word' id='word_1_85' title='bbox 428 2718 502 2790; x_wconf 78' lang='lat' dir='ltr'><strong>ista,</strong></span> <span class='ocrx_word' id='word_1_86' title='bbox 534 2725 692 2794; x_wconf 85' lang='lat' dir='ltr'><strong>postquam</strong></span> <span class='ocrx_word' id='word_1_87' title='bbox 720 2713 799 2774; x_wconf 91' lang='lat' dir='ltr'><strong>bello</strong></span> <span class='ocrx_word' id='word_1_88' title='bbox 826 2722 927 2774; x_wconf 89' lang='lat' dir='ltr'><strong>coorto</strong></span> <span class='ocrx_word' id='word_1_89' title='bbox 956 2714 1202 2789; x_wconf 90' lang='lat' dir='ltr'><strong>perniciosissimo</strong></span> <span class='ocrx_word' id='word_1_90' title='bbox 1231 2722 1333 2776; x_wconf 91' lang='lat' dir='ltr'><strong>coetus</strong></span> <span class='ocrx_word' id='word_1_91' title='bbox 1364 2713 1553 2789; x_wconf 88' lang='lat' dir='ltr'><strong>discentium,</strong></span> <span class='ocrx_word' id='word_1_92' title='bbox 1585 2714 1693 2792; x_wconf 83' lang='lat' dir='ltr'><strong>quibus</strong></span> <span class='ocrx_word' id='word_1_93' title='bbox 1723 2716 1782 2773; x_wconf 85' lang='lat' dir='ltr'><strong>ista</strong></span> 
     </span>
     <span class='ocr_line' id='line_1_12' title="bbox 427 2799 1783 2880; baseline -0.003 -16"><span class='ocrx_word' id='word_1_94' title='bbox 427 2804 608 2878; x_wconf 90' lang='lat' dir='ltr'><strong>scribuntur,</strong></span> <span class='ocrx_word' id='word_1_95' title='bbox 637 2802 688 2864; x_wconf 86' lang='lat' dir='ltr'><strong>rel</strong></span> <span class='ocrx_word' id='word_1_96' title='bbox 715 2801 849 2878; x_wconf 85' lang='lat' dir='ltr'><strong>dissipati</strong></span> <span class='ocrx_word' id='word_1_97' title='bbox 876 2807 945 2861; x_wconf 91' lang='lat' dir='ltr'><strong>snut</strong></span> <span class='ocrx_word' id='word_1_98' title='bbox 975 2801 1067 2861; x_wconf 90' lang='lat' dir='ltr'><strong>turbis</strong></span> <span class='ocrx_word' id='word_1_99' title='bbox 1096 2800 1226 2876; x_wconf 84' lang='lat' dir='ltr'><strong>bellicis,</strong></span> <span class='ocrx_word' id='word_1_100' title='bbox 1258 2803 1305 2862; x_wconf 81' lang='lat' dir='ltr'><strong>sel</strong></span> <span class='ocrx_word' id='word_1_101' title='bbox 1328 2803 1472 2862; x_wconf 80' lang='lat' dir='ltr'><strong>attenuati</strong></span> <span class='ocrx_word' id='word_1_102' title='bbox 1494 2803 1691 2880; x_wconf 79' lang='lat' dir='ltr'><strong>emsctetique</strong></span> <span class='ocrx_word' id='word_1_103' title='bbox 1713 2799 1783 2861; x_wconf 86' lang='lat' dir='ltr'><strong>balli</strong></span> 
     </span>
     <span class='ocr_line' id='line_1_13' title="bbox 430 2886 1783 2969; baseline -0.003 -18"><span class='ocrx_word' id='word_1_104' title='bbox 430 2892 665 2969; x_wconf 87' lang='lat' dir='ltr'><strong>exspectetiooe;</strong></span> <span class='ocrx_word' id='word_1_105' title='bbox 689 2897 847 2966; x_wconf 85' lang='lat' dir='ltr'><strong>postquam</strong></span> <span class='ocrx_word' id='word_1_106' title='bbox 870 2888 1004 2962; x_wconf 80' lang='lat' dir='ltr'><strong>Austris,</strong></span> <span class='ocrx_word' id='word_1_107' title='bbox 1028 2889 1170 2950; x_wconf 68' lang='lat' dir='ltr'><strong>bacwuus</strong></span> <span class='ocrx_word' id='word_1_108' title='bbox 1192 2889 1279 2949; x_wconf 85' lang='lat' dir='ltr'><strong>altrix</strong></span> <span class='ocrx_word' id='word_1_109' title='bbox 1302 2898 1332 2950; x_wconf 90' lang='lat' dir='ltr'><strong>st</strong></span> <span class='ocrx_word' id='word_1_110' title='bbox 1353 2888 1532 2950; x_wconf 78' lang='lat' dir='ltr'><strong>benefactrix</strong></span> <span class='ocrx_word' id='word_1_111' title='bbox 1553 2906 1634 2964; x_wconf 87' lang='lat' dir='ltr'><strong>mas,</strong></span> <span class='ocrx_word' id='word_1_112' title='bbox 1658 2886 1783 2949; x_wconf 87' lang='lat' dir='ltr'><strong>durissi-</strong></span> 
     </span>
     <span class='ocr_line' id='line_1_14' title="bbox 429 2974 1783 3055; baseline 0 -18"><span class='ocrx_word' id='word_1_113' title='bbox 429 2995 509 3038; x_wconf 89' lang='lat' dir='ltr'><strong>mum</strong></span> <span class='ocrx_word' id='word_1_114' title='bbox 537 2981 567 3037; x_wconf 93' lang='lat' dir='ltr'><strong>in</strong></span> <span class='ocrx_word' id='word_1_115' title='bbox 595 2977 748 3055; x_wconf 88' lang='lat' dir='ltr'><strong>scopulum</strong></span> <span class='ocrx_word' id='word_1_116' title='bbox 778 2975 873 3048; x_wconf 80' lang='lat' dir='ltr'><strong>illisa,</strong></span> <span class='ocrx_word' id='word_1_117' title='bbox 903 2993 922 3035; x_wconf 88' lang='lat' dir='ltr'><strong>s</strong></span> <span class='ocrx_word' id='word_1_118' title='bbox 949 2974 1084 3035; x_wconf 89' lang='lat' dir='ltr'><strong>decorum</strong></span> <span class='ocrx_word' id='word_1_119' title='bbox 1115 2977 1236 3036; x_wconf 90' lang='lat' dir='ltr'><strong>istorum</strong></span> <span class='ocrx_word' id='word_1_120' title='bbox 1261 2976 1356 3046; x_wconf 83' lang='lat' dir='ltr'><strong>tutela</strong></span> <span class='ocrx_word' id='word_1_121' title='bbox 1382 2974 1421 3037; x_wconf 79' lang='lat' dir='ltr'><strong>sd</strong></span> <span class='ocrx_word' id='word_1_122' title='bbox 1449 2978 1555 3037; x_wconf 85' lang='lat' dir='ltr'><strong>seriam</strong></span> <span class='ocrx_word' id='word_1_123' title='bbox 1584 2977 1689 3037; x_wconf 89' lang='lat' dir='ltr'><strong>salutis</strong></span> <span class='ocrx_word' id='word_1_124' title='bbox 1710 2992 1783 3037; x_wconf 88' lang='lat' dir='ltr'><strong>suae</strong></span> 
     </span>
     <span class='ocr_line' id='line_1_15' title="bbox 425 3061 1783 3144; baseline -0.001 -18"><span class='ocrx_word' id='word_1_125' title='bbox 425 3076 529 3128; x_wconf 71' lang='lat' dir='ltr'><strong>&#39;mam</strong></span> <span class='ocrx_word' id='word_1_126' title='bbox 558 3067 676 3126; x_wconf 66' lang='lat' dir='ltr'><strong>socom</strong></span> <span class='ocrx_word' id='word_1_127' title='bbox 702 3061 834 3140; x_wconf 59' lang='lat' dir='ltr'><strong>videtum</strong></span> <span class='ocrx_word' id='word_1_128' title='bbox 861 3071 1018 3141; x_wconf 88' lang='lat' dir='ltr'><strong>postquam</strong></span> <span class='ocrx_word' id='word_1_129' title='bbox 1045 3064 1109 3141; x_wconf 91' lang='lat' dir='ltr'><strong>ipso</strong></span> <span class='ocrx_word' id='word_1_130' title='bbox 1132 3080 1251 3143; x_wconf 85' lang='lat' dir='ltr'><strong>quoque</strong></span> <span class='ocrx_word' id='word_1_131' title='bbox 1273 3064 1379 3144; x_wconf 78' lang='lat' dir='ltr'><strong>privati</strong></span> <span class='ocrx_word' id='word_1_132' title='bbox 1402 3080 1534 3124; x_wconf 88' lang='lat' dir='ltr'><strong>meorum</strong></span> <span class='ocrx_word' id='word_1_133' title='bbox 1555 3063 1651 3124; x_wconf 86' lang='lat' dir='ltr'><strong>bostis</strong></span> <span class='ocrx_word' id='word_1_134' title='bbox 1672 3065 1783 3124; x_wconf 87' lang='lat' dir='ltr'><strong>atroci·</strong></span> 
     </span>
     <span class='ocr_line' id='line_1_16' title="bbox 430 3145 1739 3230; baseline -0.002 -15"><span class='ocrx_word' id='word_1_135' title='bbox 430 3162 489 3215; x_wconf 83' lang='lat' dir='ltr'><strong>tste</strong></span> <span class='ocrx_word' id='word_1_136' title='bbox 514 3153 663 3215; x_wconf 89' lang='lat' dir='ltr'><strong>domicilio</strong></span> <span class='ocrx_word' id='word_1_137' title='bbox 685 3169 751 3213; x_wconf 87' lang='lat' dir='ltr'><strong>meo</strong></span> <span class='ocrx_word' id='word_1_138' title='bbox 776 3152 915 3211; x_wconf 82' lang='lat' dir='ltr'><strong>biociano</strong></span> <span class='ocrx_word' id='word_1_139' title='bbox 938 3154 1059 3226; x_wconf 81' lang='lat' dir='ltr'><strong>arcitus,</strong></span> <span class='ocrx_word' id='word_1_140' title='bbox 1081 3167 1190 3212; x_wconf 88' lang='lat' dir='ltr'><strong>annum</strong></span> <span class='ocrx_word' id='word_1_141' title='bbox 1213 3169 1288 3230; x_wconf 86' lang='lat' dir='ltr'><strong>pene</strong></span> <span class='ocrx_word' id='word_1_142' title='bbox 1310 3158 1405 3213; x_wconf 92' lang='lat' dir='ltr'><strong>totum</strong></span> <span class='ocrx_word' id='word_1_143' title='bbox 1427 3153 1498 3214; x_wconf 86' lang='lat' dir='ltr'><strong>ioris</strong></span> <span class='ocrx_word' id='word_1_144' title='bbox 1521 3145 1739 3229; x_wconf 72' lang='lat' dir='ltr'><strong>discursito.”)</strong></span> 
     </span>
    </p>
   </div>
   <div class='ocr_carea' id='block_1_7' title="bbox 518 3237 1894 3317">
    <p class='ocr_par' dir='ltr' id='par_1_8' title="bbox 518 3237 1894 3317">
     <span class='ocr_line' id='line_1_17' title="bbox 518 3237 1894 3317; baseline -0.004 -15"><span class='ocrx_word' id='word_1_145' title='bbox 518 3241 550 3302; x_wconf 85' lang='lat' dir='ltr'><strong>Si</strong></span> <span class='ocrx_word' id='word_1_146' title='bbox 582 3258 691 3302; x_wconf 89' lang='lat' dir='ltr'><strong>causae</strong></span> <span class='ocrx_word' id='word_1_147' title='bbox 718 3246 864 3299; x_wconf 70' lang='lat' dir='ltr'><strong>motarum</strong></span> <span class='ocrx_word' id='word_1_148' title='bbox 893 3254 1039 3298; x_wconf 88' lang='lat' dir='ltr'><strong>morarum</strong></span> <span class='ocrx_word' id='word_1_149' title='bbox 1061 3247 1130 3299; x_wconf 88' lang='lat' dir='ltr'><strong>sunt</strong></span> <span class='ocrx_word' id='word_1_150' title='bbox 1152 3237 1319 3316; x_wconf 84' lang='lat' dir='ltr'><strong>dicendas,</strong></span> <span class='ocrx_word' id='word_1_151' title='bbox 1341 3256 1401 3299; x_wconf 90' lang='lat' dir='ltr'><strong>uon</strong></span> <span class='ocrx_word' id='word_1_152' title='bbox 1423 3256 1479 3317; x_wconf 79' lang='lat' dir='ltr'><strong>ego</strong></span> <span class='ocrx_word' id='word_1_153' title='bbox 1502 3243 1644 3301; x_wconf 84' lang='lat' dir='ltr'><strong>curatoris</strong></span> <span class='ocrx_word' id='word_1_154' title='bbox 1665 3240 1781 3317; x_wconf 90' lang='lat' dir='ltr'><strong>supini·</strong></span> <span class='ocrx_word' id='word_1_155' title='bbox 1891 3301 1894 3306; x_wconf 70' lang='grc'>,</span> 
     </span>
    </p>
   </div>
   <div class='ocr_carea' id='block_1_8' title="bbox 427 3325 1785 3930">
    <p class='ocr_par' dir='ltr' id='par_1_9' title="bbox 427 3325 1785 3930">
     <span class='ocr_line' id='line_1_18' title="bbox 431 3325 1782 3406; baseline -0.004 -16"><span class='ocrx_word' id='word_1_156' title='bbox 431 3337 537 3403; x_wconf 80' lang='lat' dir='ltr'><strong>tatem,</strong></span> <span class='ocrx_word' id='word_1_157' title='bbox 569 3346 646 3406; x_wconf 81' lang='lat' dir='ltr'><strong>quaa</strong></span> <span class='ocrx_word' id='word_1_158' title='bbox 669 3327 736 3387; x_wconf 89' lang='lat' dir='ltr'><strong>iude</strong></span> <span class='ocrx_word' id='word_1_159' title='bbox 758 3327 797 3387; x_wconf 84' lang='lat' dir='ltr'><strong>ab</strong></span> <span class='ocrx_word' id='word_1_160' title='bbox 820 3326 949 3387; x_wconf 84' lang='lat' dir='ltr'><strong>editione</strong></span> <span class='ocrx_word' id='word_1_161' title='bbox 971 3326 1142 3403; x_wconf 83' lang='lat' dir='ltr'><strong>sphaericae</strong></span> <span class='ocrx_word' id='word_1_162' title='bbox 1165 3325 1315 3389; x_wconf 86' lang='lat' dir='ltr'><strong>doctrinae</strong></span> <span class='ocrx_word' id='word_1_163' title='bbox 1337 3333 1417 3388; x_wconf 86' lang='lat' dir='ltr'><strong>temet</strong></span> <span class='ocrx_word' id='word_1_164' title='bbox 1439 3327 1605 3405; x_wconf 75' lang='lat' dir='ltr'><strong>bucusque,</strong></span> <span class='ocrx_word' id='word_1_165' title='bbox 1631 3344 1689 3388; x_wconf 88' lang='lat' dir='ltr'><strong>nou</strong></span> <span class='ocrx_word' id='word_1_166' title='bbox 1712 3325 1782 3389; x_wconf 87' lang='lat' dir='ltr'><strong>beili</strong></span> 
     </span>
     <span class='ocr_line' id='line_1_19' title="bbox 430 3412 1782 3492; baseline -0.001 -17"><span class='ocrx_word' id='word_1_167' title='bbox 430 3417 476 3477; x_wconf 82' lang='lat' dir='ltr'><strong>sel</strong></span> <span class='ocrx_word' id='word_1_168' title='bbox 497 3417 702 3476; x_wconf 81' lang='lat' dir='ltr'><strong>‘incumbentis</strong></span> <span class='ocrx_word' id='word_1_169' title='bbox 732 3412 917 3474; x_wconf 87' lang='lat' dir='ltr'><strong>incommoda</strong></span> <span class='ocrx_word' id='word_1_170' title='bbox 943 3415 993 3474; x_wconf 84' lang='lat' dir='ltr'><strong>uei</strong></span> <span class='ocrx_word' id='word_1_171' title='bbox 1022 3416 1198 3475; x_wconf 86' lang='lat' dir='ltr'><strong>imminentis</strong></span> <span class='ocrx_word' id='word_1_172' title='bbox 1229 3422 1324 3476; x_wconf 90' lang='lat' dir='ltr'><strong>metus</strong></span> <span class='ocrx_word' id='word_1_173' title='bbox 1347 3414 1502 3492; x_wconf 56' lang='lat' dir='ltr'><strong>allegatam</strong></span> <span class='ocrx_word' id='word_1_174' title='bbox 1533 3414 1706 3477; x_wconf 79' lang='lat' dir='ltr'><strong>beneficium</strong></span> <span class='ocrx_word' id='word_1_175' title='bbox 1729 3423 1782 3489; x_wconf 92' lang='lat' dir='ltr'><strong>est,</strong></span> 
     </span>
     <span class='ocr_line' id='line_1_20' title="bbox 430 3499 1784 3582; baseline -0.003 -18"><span class='ocrx_word' id='word_1_176' title='bbox 430 3520 488 3564; x_wconf 91' lang='lat' dir='ltr'><strong>noo</strong></span> <span class='ocrx_word' id='word_1_177' title='bbox 512 3502 614 3582; x_wconf 86' lang='lat' dir='ltr'><strong>culpa,</strong></span> <span class='ocrx_word' id='word_1_178' title='bbox 645 3499 724 3580; x_wconf 83' lang='lat' dir='ltr'><strong>qood</strong></span> <span class='ocrx_word' id='word_1_179' title='bbox 747 3500 889 3562; x_wconf 89' lang='lat' dir='ltr'><strong>hactenus</strong></span> <span class='ocrx_word' id='word_1_180' title='bbox 912 3499 1054 3578; x_wconf 83' lang='lat' dir='ltr'><strong>impedita</strong></span> <span class='ocrx_word' id='word_1_181' title='bbox 1075 3502 1131 3561; x_wconf 90' lang='lat' dir='ltr'><strong>init</strong></span> <span class='ocrx_word' id='word_1_182' title='bbox 1152 3502 1226 3563; x_wconf 88' lang='lat' dir='ltr'><strong>baec</strong></span> <span class='ocrx_word' id='word_1_183' title='bbox 1248 3502 1349 3564; x_wconf 87' lang='lat' dir='ltr'><strong>editio.</strong></span> <span class='ocrx_word' id='word_1_184' title='bbox 1395 3501 1473 3579; x_wconf 84' lang='lat' dir='ltr'><strong>Quid</strong></span> <span class='ocrx_word' id='word_1_185' title='bbox 1495 3504 1585 3581; x_wconf 76' lang='lat' dir='ltr'><strong>igitur</strong></span> <span class='ocrx_word' id='word_1_186' title='bbox 1606 3519 1715 3564; x_wconf 89' lang='lat' dir='ltr'><strong>causas</strong></span> <span class='ocrx_word' id='word_1_187' title='bbox 1737 3500 1784 3561; x_wconf 91' lang='lat' dir='ltr'><strong>di-</strong></span> 
     </span>
     <span class='ocr_line' id='line_1_21' title="bbox 428 3588 1785 3668; baseline 0.001 -19"><span class='ocrx_word' id='word_1_188' title='bbox 428 3607 509 3665; x_wconf 84' lang='lat' dir='ltr'><strong>csm,</strong></span> <span class='ocrx_word' id='word_1_189' title='bbox 543 3608 603 3668; x_wconf 84' lang='lat' dir='ltr'><strong>qno</strong></span> <span class='ocrx_word' id='word_1_190' title='bbox 630 3598 715 3651; x_wconf 78' lang='lat' dir='ltr'><strong>mear</strong></span> <span class='ocrx_word' id='word_1_191' title='bbox 736 3590 981 3652; x_wconf 72' lang='lat' dir='ltr'><strong>existimationem</strong></span> <span class='ocrx_word' id='word_1_192' title='bbox 1003 3606 1099 3650; x_wconf 91' lang='lat' dir='ltr'><strong>msam</strong></span> <span class='ocrx_word' id='word_1_193' title='bbox 1121 3591 1288 3667; x_wconf 79' lang='lat' dir='ltr'><strong>erimannus</strong></span> <span class='ocrx_word' id='word_1_194' title='bbox 1309 3588 1506 3668; x_wconf 77' lang='lat' dir='ltr'><strong>negligentiae</strong></span> <span class='ocrx_word' id='word_1_195' title='bbox 1528 3589 1661 3652; x_wconf 85' lang='lat' dir='ltr'><strong>diiusmi</strong></span> <span class='ocrx_word' id='word_1_196' title='bbox 1697 3589 1785 3650; x_wconf 81' lang='lat' dir='ltr'><strong>Nosti</strong></span> 
     </span>
     <span class='ocr_line' id='line_1_22' title="bbox 427 3676 1781 3755; baseline -0.002 -16"><span class='ocrx_word' id='word_1_197' title='bbox 427 3695 526 3739; x_wconf 79' lang='lat' dir='ltr'><strong>mores</strong></span> <span class='ocrx_word' id='word_1_198' title='bbox 546 3679 726 3750; x_wconf 62' lang='lat' dir='ltr'><strong>mmmm,</strong></span> <span class='ocrx_word' id='word_1_199' title='bbox 750 3678 845 3753; x_wconf 87' lang='lat' dir='ltr'><strong>inquit</strong></span> <span class='ocrx_word' id='word_1_200' title='bbox 860 3676 1008 3755; x_wconf 83' lang='lat' dir='ltr'><strong>Comicus,</strong></span> <span class='ocrx_word' id='word_1_201' title='bbox 1030 3677 1104 3737; x_wconf 84' lang='lat' dir='ltr'><strong>dnm</strong></span> <span class='ocrx_word' id='word_1_202' title='bbox 1118 3678 1298 3753; x_wconf 77' lang='lat' dir='ltr'><strong>moliuntur,</strong></span> <span class='ocrx_word' id='word_1_203' title='bbox 1322 3677 1397 3737; x_wconf 77' lang='lat' dir='ltr'><strong>dam</strong></span> <span class='ocrx_word' id='word_1_204' title='bbox 1417 3686 1591 3747; x_wconf 77' lang='lat' dir='ltr'><strong>wmusstasr,</strong></span> <span class='ocrx_word' id='word_1_205' title='bbox 1614 3693 1719 3738; x_wconf 73' lang='lat' dir='ltr'><strong>mestus</strong></span> <span class='ocrx_word' id='word_1_206' title='bbox 1731 3685 1781 3738; x_wconf 81' lang='lat' dir='ltr'><strong>est.</strong></span> 
     </span>
     <span class='ocr_line' id='line_1_23' title="bbox 431 3763 1782 3843; baseline -0.002 -17"><span class='ocrx_word' id='word_1_207' title='bbox 431 3766 522 3843; x_wconf 75' lang='lat' dir='ltr'><strong>Atqui</strong></span> <span class='ocrx_word' id='word_1_208' title='bbox 553 3767 577 3826; x_wconf 92' lang='lat' dir='ltr'><strong>si</strong></span> <span class='ocrx_word' id='word_1_209' title='bbox 606 3767 653 3826; x_wconf 92' lang='lat' dir='ltr'><strong>cui</strong></span> <span class='ocrx_word' id='word_1_210' title='bbox 685 3764 748 3824; x_wconf 90' lang='lat' dir='ltr'><strong>noti</strong></span> <span class='ocrx_word' id='word_1_211' title='bbox 770 3772 837 3823; x_wconf 90' lang='lat' dir='ltr'><strong>suut</strong></span> <span class='ocrx_word' id='word_1_212' title='bbox 859 3780 954 3823; x_wconf 88' lang='lat' dir='ltr'><strong>mores</strong></span> <span class='ocrx_word' id='word_1_213' title='bbox 977 3766 1188 3838; x_wconf 87' lang='lat' dir='ltr'><strong>astronomiae,</strong></span> <span class='ocrx_word' id='word_1_214' title='bbox 1220 3763 1316 3825; x_wconf 89' lang='lat' dir='ltr'><strong>dicere</strong></span> <span class='ocrx_word' id='word_1_215' title='bbox 1337 3766 1364 3823; x_wconf 91' lang='lat' dir='ltr'><strong>is</strong></span> <span class='ocrx_word' id='word_1_216' title='bbox 1385 3765 1504 3841; x_wconf 88' lang='lat' dir='ltr'><strong>poterit,</strong></span> <span class='ocrx_word' id='word_1_217' title='bbox 1535 3764 1646 3825; x_wconf 88' lang='lat' dir='ltr'><strong>nuliam</strong></span> <span class='ocrx_word' id='word_1_218' title='bbox 1669 3781 1702 3825; x_wconf 90' lang='lat' dir='ltr'><strong>se</strong></span> <span class='ocrx_word' id='word_1_219' title='bbox 1723 3779 1782 3823; x_wconf 92' lang='lat' dir='ltr'><strong>uu·</strong></span> 
     </span>
     <span class='ocr_line' id='line_1_24' title="bbox 427 3850 1782 3930; baseline -0.003 -17"><span class='ocrx_word' id='word_1_220' title='bbox 427 3869 517 3930; x_wconf 81' lang='lat' dir='ltr'><strong>quam</strong></span> <span class='ocrx_word' id='word_1_221' title='bbox 540 3856 658 3913; x_wconf 73' lang='lat' dir='ltr'><strong>uosism</strong></span> <span class='ocrx_word' id='word_1_222' title='bbox 682 3868 777 3928; x_wconf 88' lang='lat' dir='ltr'><strong>nequo</strong></span> <span class='ocrx_word' id='word_1_223' title='bbox 800 3853 1029 3911; x_wconf 69' lang='lat' dir='ltr'><strong>cuucmotiorem</strong></span> <span class='ocrx_word' id='word_1_224' title='bbox 1050 3867 1147 3927; x_wconf 81' lang='lat' dir='ltr'><strong>nequa</strong></span> <span class='ocrx_word' id='word_1_225' title='bbox 1168 3851 1413 3928; x_wconf 88' lang='lat' dir='ltr'><strong>scrupulosiorem</strong></span> <span class='ocrx_word' id='word_1_226' title='bbox 1435 3853 1582 3912; x_wconf 80' lang='lat' dir='ltr'><strong>dominam.</strong></span> <span class='ocrx_word' id='word_1_227' title='bbox 1616 3850 1782 3928; x_wconf 88' lang='lat' dir='ltr'><strong>Quodnisi</strong></span> 
     </span>
    </p>
   </div>
   <div class='ocr_carea' id='block_1_9' title="bbox 427 3937 1874 4017">
    <p class='ocr_par' dir='ltr' id='par_1_10' title="bbox 427 3937 1874 4017">
     <span class='ocr_line' id='line_1_25' title="bbox 427 3937 1874 4017; baseline 0 -19"><span class='ocrx_word' id='word_1_228' title='bbox 427 3939 484 4000; x_wconf 89' lang='lat' dir='ltr'><strong>boe</strong></span> <span class='ocrx_word' id='word_1_229' title='bbox 507 3941 646 4017; x_wconf 86' lang='lat' dir='ltr'><strong>temporis</strong></span> <span class='ocrx_word' id='word_1_230' title='bbox 669 3939 773 3999; x_wconf 89' lang='lat' dir='ltr'><strong>inisset</strong></span> <span class='ocrx_word' id='word_1_231' title='bbox 794 3939 1007 4015; x_wconf 89' lang='lat' dir='ltr'><strong>interpositum,</strong></span> <span class='ocrx_word' id='word_1_232' title='bbox 1033 3954 1093 4014; x_wconf 84' lang='lat' dir='ltr'><strong>quo</strong></span> <span class='ocrx_word' id='word_1_233' title='bbox 1116 3937 1240 3997; x_wconf 89' lang='lat' dir='ltr'><strong>conslila</strong></span> <span class='ocrx_word' id='word_1_234' title='bbox 1262 3953 1329 3997; x_wconf 84' lang='lat' dir='ltr'><strong>mas</strong></span> <span class='ocrx_word' id='word_1_235' title='bbox 1350 3940 1549 4001; x_wconf 83' lang='lat' dir='ltr'><strong>maturitatem</strong></span> <span class='ocrx_word' id='word_1_236' title='bbox 1570 3956 1654 4000; x_wconf 86' lang='lat' dir='ltr'><strong>snam</strong></span> <span class='ocrx_word' id='word_1_237' title='bbox 1676 3954 1783 3999; x_wconf 88' lang='lat' dir='ltr'><strong>conss·</strong></span> <span class='ocrx_word' id='word_1_238' title='bbox 1868 3958 1874 3974; x_wconf 71' lang='lat'><strong><em>¹</em></strong></span> 
     </span>
    </p>
   </div>
   <div class='ocr_carea' id='block_1_10' title="bbox 425 4022 1782 4805">
    <p class='ocr_par' dir='ltr' id='par_1_11' title="bbox 425 4022 1782 4805">
     <span class='ocr_line' id='line_1_26' title="bbox 427 4022 1781 4106; baseline -0.002 -19"><span class='ocrx_word' id='word_1_239' title='bbox 427 4036 522 4106; x_wconf 66' lang='lat' dir='ltr'><strong>quun</strong></span> <span class='ocrx_word' id='word_1_240' title='bbox 551 4034 666 4105; x_wconf 81' lang='lat' dir='ltr'><strong>essem,</strong></span> <span class='ocrx_word' id='word_1_241' title='bbox 698 4029 726 4084; x_wconf 90' lang='lat' dir='ltr'><strong>io</strong></span> <span class='ocrx_word' id='word_1_242' title='bbox 754 4024 885 4103; x_wconf 89' lang='lat' dir='ltr'><strong>periculo</strong></span> <span class='ocrx_word' id='word_1_243' title='bbox 913 4042 960 4085; x_wconf 88' lang='lat' dir='ltr'><strong>ras</strong></span> <span class='ocrx_word' id='word_1_244' title='bbox 988 4025 1174 4098; x_wconf 83' lang='lat' dir='ltr'><strong>versabatur,</strong></span> <span class='ocrx_word' id='word_1_245' title='bbox 1206 4041 1244 4085; x_wconf 90' lang='lat' dir='ltr'><strong>ne</strong></span> <span class='ocrx_word' id='word_1_246' title='bbox 1267 4022 1425 4087; x_wconf 75' lang='lat' dir='ltr'><strong>delicatulo</strong></span> <span class='ocrx_word' id='word_1_247' title='bbox 1446 4024 1516 4103; x_wconf 87' lang='lat' dir='ltr'><strong>iila,</strong></span> <span class='ocrx_word' id='word_1_248' title='bbox 1547 4024 1678 4087; x_wconf 78' lang='lat' dir='ltr'><strong>iestldito</strong></span> <span class='ocrx_word' id='word_1_249' title='bbox 1702 4027 1781 4085; x_wconf 89' lang='lat' dir='ltr'><strong>omui</strong></span> 
     </span>
     <span class='ocr_line' id='line_1_27' title="bbox 426 4111 1782 4189; baseline -0.002 -14"><span class='ocrx_word' id='word_1_250' title='bbox 426 4113 546 4189; x_wconf 86' lang='lat' dir='ltr'><strong>mundo,</strong></span> <span class='ocrx_word' id='word_1_251' title='bbox 569 4131 665 4175; x_wconf 83' lang='lat' dir='ltr'><strong>nosos</strong></span> <span class='ocrx_word' id='word_1_252' title='bbox 687 4121 810 4187; x_wconf 88' lang='lat' dir='ltr'><strong>sumtus,</strong></span> <span class='ocrx_word' id='word_1_253' title='bbox 833 4129 944 4173; x_wconf 75' lang='lat' dir='ltr'><strong>nomm</strong></span> <span class='ocrx_word' id='word_1_254' title='bbox 967 4118 1100 4173; x_wconf 87' lang='lat' dir='ltr'><strong>umatum</strong></span> <span class='ocrx_word' id='word_1_255' title='bbox 1123 4112 1306 4189; x_wconf 76' lang='lat' dir='ltr'><strong>efflagitaret.</strong></span> <span class='ocrx_word' id='word_1_256' title='bbox 1345 4111 1442 4175; x_wconf 81' lang='lat' dir='ltr'><strong>binits</strong></span> <span class='ocrx_word' id='word_1_257' title='bbox 1463 4114 1578 4174; x_wconf 88' lang='lat' dir='ltr'><strong>scilicet</strong></span> <span class='ocrx_word' id='word_1_258' title='bbox 1599 4130 1646 4174; x_wconf 89' lang='lat' dir='ltr'><strong>me</strong></span> <span class='ocrx_word' id='word_1_259' title='bbox 1668 4115 1782 4174; x_wconf 88' lang='lat' dir='ltr'><strong>monuit</strong></span> 
     </span>
     <span class='ocr_line' id='line_1_28' title="bbox 425 4198 1781 4281; baseline -0.002 -17"><span class='ocrx_word' id='word_1_260' title='bbox 425 4204 609 4281; x_wconf 85' lang='lat' dir='ltr'><strong>computatio</strong></span> <span class='ocrx_word' id='word_1_261' title='bbox 625 4200 858 4278; x_wconf 77' lang='lat' dir='ltr'><strong>llpbemeridum,</strong></span> <span class='ocrx_word' id='word_1_262' title='bbox 881 4201 975 4261; x_wconf 86' lang='lat' dir='ltr'><strong>multa</strong></span> <span class='ocrx_word' id='word_1_263' title='bbox 985 4199 1075 4261; x_wconf 86' lang='lat' dir='ltr'><strong>aditio</strong></span> <span class='ocrx_word' id='word_1_264' title='bbox 1098 4198 1238 4260; x_wconf 88' lang='lat' dir='ltr'><strong>librorum</strong></span> <span class='ocrx_word' id='word_1_265' title='bbox 1253 4199 1505 4275; x_wconf 81' lang='lat' dir='ltr'><strong>Harmouioorum,</strong></span> <span class='ocrx_word' id='word_1_266' title='bbox 1524 4199 1688 4263; x_wconf 84' lang='lat' dir='ltr'><strong>intermedii</strong></span> <span class='ocrx_word' id='word_1_267' title='bbox 1703 4208 1781 4261; x_wconf 90' lang='lat' dir='ltr'><strong>tem·</strong></span> 
     </span>
     <span class='ocr_line' id='line_1_29' title="bbox 425 4286 1782 4369; baseline -0.001 -20"><span class='ocrx_word' id='word_1_268' title='bbox 425 4292 506 4369; x_wconf 89' lang='lat' dir='ltr'><strong>poris</strong></span> <span class='ocrx_word' id='word_1_269' title='bbox 530 4306 635 4367; x_wconf 90' lang='lat' dir='ltr'><strong>opera,</strong></span> <span class='ocrx_word' id='word_1_270' title='bbox 658 4296 691 4349; x_wconf 88' lang='lat' dir='ltr'><strong>ot</strong></span> <span class='ocrx_word' id='word_1_271' title='bbox 713 4290 849 4365; x_wconf 81' lang='lat' dir='ltr'><strong>quamvis</strong></span> <span class='ocrx_word' id='word_1_272' title='bbox 873 4288 1027 4365; x_wconf 83' lang='lat' dir='ltr'><strong>plenaque,</strong></span> <span class='ocrx_word' id='word_1_273' title='bbox 1050 4304 1127 4365; x_wconf 86' lang='lat' dir='ltr'><strong>qnae</strong></span> <span class='ocrx_word' id='word_1_274' title='bbox 1150 4286 1189 4348; x_wconf 83' lang='lat' dir='ltr'><strong>ad</strong></span> <span class='ocrx_word' id='word_1_275' title='bbox 1211 4304 1263 4349; x_wconf 85' lang='lat' dir='ltr'><strong>sex</strong></span> <span class='ocrx_word' id='word_1_276' title='bbox 1284 4286 1419 4367; x_wconf 84' lang='lat' dir='ltr'><strong>planetas</strong></span> <span class='ocrx_word' id='word_1_277' title='bbox 1441 4290 1601 4367; x_wconf 86' lang='lat' dir='ltr'><strong>pertinent,</strong></span> <span class='ocrx_word' id='word_1_278' title='bbox 1627 4288 1691 4365; x_wconf 80' lang='lat' dir='ltr'><strong>jam</strong></span> <span class='ocrx_word' id='word_1_279' title='bbox 1712 4295 1782 4349; x_wconf 89' lang='lat' dir='ltr'><strong>snte</strong></span> 
     </span>
     <span class='ocr_line' id='line_1_30' title="bbox 425 4374 1782 4440; baseline -0.002 0"><span class='ocrx_word' id='word_1_280' title='bbox 425 4395 519 4440; x_wconf 79' lang='lat' dir='ltr'><strong>sonos</strong></span> <span class='ocrx_word' id='word_1_281' title='bbox 543 4376 697 4437; x_wconf 89' lang='lat' dir='ltr'><strong>duodecim</strong></span> <span class='ocrx_word' id='word_1_282' title='bbox 721 4377 750 4433; x_wconf 90' lang='lat' dir='ltr'><strong>in</strong></span> <span class='ocrx_word' id='word_1_283' title='bbox 774 4375 997 4437; x_wconf 81' lang='lat' dir='ltr'><strong>Commentariis</strong></span> <span class='ocrx_word' id='word_1_284' title='bbox 1021 4375 1124 4436; x_wconf 83' lang='lat' dir='ltr'><strong>Martis</strong></span> <span class='ocrx_word' id='word_1_285' title='bbox 1147 4374 1193 4435; x_wconf 85' lang='lat' dir='ltr'><strong>val</strong></span> <span class='ocrx_word' id='word_1_286' title='bbox 1224 4377 1384 4437; x_wconf 87' lang='lat' dir='ltr'><strong>constituta</strong></span> <span class='ocrx_word' id='word_1_287' title='bbox 1406 4376 1455 4438; x_wconf 86' lang='lat' dir='ltr'><strong>ssi</strong></span> <span class='ocrx_word' id='word_1_288' title='bbox 1477 4377 1582 4437; x_wconf 87' lang='lat' dir='ltr'><strong>saltem</strong></span> <span class='ocrx_word' id='word_1_289' title='bbox 1603 4376 1711 4438; x_wconf 70' lang='lat' dir='ltr'><strong>abacto</strong></span> <span class='ocrx_word' id='word_1_290' title='bbox 1731 4392 1782 4437; x_wconf 89' lang='lat' dir='ltr'><strong>ss·</strong></span> 
     </span>
     <span class='ocr_line' id='line_1_31' title="bbox 425 4462 1782 4542; baseline -0.001 -16"><span class='ocrx_word' id='word_1_291' title='bbox 425 4474 506 4538; x_wconf 90' lang='lat' dir='ltr'><strong>seut,</strong></span> <span class='ocrx_word' id='word_1_292' title='bbox 538 4465 675 4542; x_wconf 81' lang='lat' dir='ltr'><strong>quamvis</strong></span> <span class='ocrx_word' id='word_1_293' title='bbox 702 4462 771 4523; x_wconf 90' lang='lat' dir='ltr'><strong>luds</strong></span> <span class='ocrx_word' id='word_1_294' title='bbox 802 4470 979 4524; x_wconf 72' lang='lat' dir='ltr'><strong>bsumnmta</strong></span> <span class='ocrx_word' id='word_1_295' title='bbox 1007 4464 1097 4541; x_wconf 84' lang='lat' dir='ltr'><strong>loque</strong></span> <span class='ocrx_word' id='word_1_296' title='bbox 1126 4462 1248 4523; x_wconf 78' lang='lat' dir='ltr'><strong>formam</strong></span> <span class='ocrx_word' id='word_1_297' title='bbox 1279 4465 1471 4524; x_wconf 89' lang='lat' dir='ltr'><strong>institutionis</strong></span> <span class='ocrx_word' id='word_1_298' title='bbox 1492 4464 1658 4541; x_wconf 80' lang='lat' dir='ltr'><strong>composita</strong></span> <span class='ocrx_word' id='word_1_299' title='bbox 1676 4462 1782 4540; x_wconf 77' lang='lat' dir='ltr'><strong>istus</strong></span> 
     </span>
     <span class='ocr_line' id='line_1_32' title="bbox 426 4550 1782 4631; baseline -0.004 -17"><span class='ocrx_word' id='word_1_300' title='bbox 426 4559 541 4631; x_wconf 88' lang='lat' dir='ltr'><strong>septem</strong></span> <span class='ocrx_word' id='word_1_301' title='bbox 564 4554 650 4613; x_wconf 86' lang='lat' dir='ltr'><strong>aunis</strong></span> <span class='ocrx_word' id='word_1_302' title='bbox 672 4550 825 4612; x_wconf 87' lang='lat' dir='ltr'><strong>haererent</strong></span> <span class='ocrx_word' id='word_1_303' title='bbox 847 4553 876 4610; x_wconf 90' lang='lat' dir='ltr'><strong>in</strong></span> <span class='ocrx_word' id='word_1_304' title='bbox 898 4552 1013 4611; x_wconf 88' lang='lat' dir='ltr'><strong>scriniis</strong></span> <span class='ocrx_word' id='word_1_305' title='bbox 1034 4552 1117 4625; x_wconf 88' lang='lat' dir='ltr'><strong>mais,</strong></span> <span class='ocrx_word' id='word_1_306' title='bbox 1142 4567 1246 4628; x_wconf 90' lang='lat' dir='ltr'><strong>operas</strong></span> <span class='ocrx_word' id='word_1_307' title='bbox 1268 4554 1469 4629; x_wconf 82' lang='lat' dir='ltr'><strong>exspeeteutla</strong></span> <span class='ocrx_word' id='word_1_308' title='bbox 1491 4553 1632 4612; x_wconf 84' lang='lat' dir='ltr'><strong>curatoris</strong></span> <span class='ocrx_word' id='word_1_309' title='bbox 1653 4550 1782 4612; x_wconf 82' lang='lat' dir='ltr'><strong>etobsi-</strong></span> 
     </span>
     <span class='ocr_line' id='line_1_33' title="bbox 425 4637 1781 4718; baseline -0.003 -17"><span class='ocrx_word' id='word_1_310' title='bbox 425 4639 584 4718; x_wconf 76' lang='lat' dir='ltr'><strong>cograpbi:</strong></span> <span class='ocrx_word' id='word_1_311' title='bbox 615 4641 849 4717; x_wconf 86' lang='lat' dir='ltr'><strong>quotiescunque</strong></span> <span class='ocrx_word' id='word_1_312' title='bbox 870 4644 968 4698; x_wconf 85' lang='lat' dir='ltr'><strong>tamam</strong></span> <span class='ocrx_word' id='word_1_313' title='bbox 992 4638 1044 4699; x_wconf 89' lang='lat' dir='ltr'><strong>ilia</strong></span> <span class='ocrx_word' id='word_1_314' title='bbox 1063 4638 1246 4714; x_wconf 75' lang='lat' dir='ltr'><strong>relegebam,</strong></span> <span class='ocrx_word' id='word_1_315' title='bbox 1269 4638 1317 4700; x_wconf 87' lang='lat' dir='ltr'><strong>rei</strong></span> <span class='ocrx_word' id='word_1_316' title='bbox 1341 4638 1640 4717; x_wconf 76' lang='lat' dir='ltr'><strong>augmentationibus,</strong></span> <span class='ocrx_word' id='word_1_317' title='bbox 1664 4637 1713 4700; x_wconf 87' lang='lat' dir='ltr'><strong>ssi</strong></span> <span class='ocrx_word' id='word_1_318' title='bbox 1734 4638 1781 4698; x_wconf 92' lang='lat' dir='ltr'><strong>dl·</strong></span> 
     </span>
     <span class='ocr_line' id='line_1_34' title="bbox 425 4723 1780 4805; baseline 0 -19"><span class='ocrx_word' id='word_1_319' title='bbox 425 4726 671 4800; x_wconf 84' lang='lat' dir='ltr'><strong>lueidstionibus,</strong></span> <span class='ocrx_word' id='word_1_320' title='bbox 700 4726 748 4786; x_wconf 85' lang='lat' dir='ltr'><strong>vel</strong></span> <span class='ocrx_word' id='word_1_321' title='bbox 775 4726 1052 4802; x_wconf 85' lang='lat' dir='ltr'><strong>transpositionibus</strong></span> <span class='ocrx_word' id='word_1_322' title='bbox 1084 4732 1182 4786; x_wconf 84' lang='lat' dir='ltr'><strong>textus</strong></span> <span class='ocrx_word' id='word_1_323' title='bbox 1207 4728 1367 4788; x_wconf 73' lang='lat' dir='ltr'><strong>neesuitas</strong></span> <span class='ocrx_word' id='word_1_324' title='bbox 1389 4730 1586 4805; x_wconf 86' lang='lat' dir='ltr'><strong>imponeretur</strong></span> <span class='ocrx_word' id='word_1_325' title='bbox 1606 4742 1704 4787; x_wconf 78' lang='lat' dir='ltr'><strong>norae</strong></span> <span class='ocrx_word' id='word_1_326' title='bbox 1727 4723 1780 4786; x_wconf 90' lang='lat' dir='ltr'><strong>de·</strong></span> 
     </span>
    </p>
   </div>
   <div class='ocr_carea' id='block_1_11' title="bbox 423 4812 1872 4897">
    <p class='ocr_par' dir='ltr' id='par_1_12' title="bbox 423 4812 1872 4897">
     <span class='ocr_line' id='line_1_35' title="bbox 423 4812 1872 4897; baseline -0.002 -22"><span class='ocrx_word' id='word_1_327' title='bbox 423 4816 601 4893; x_wconf 78' lang='lat' dir='ltr'><strong>scriptionis.</strong></span> <span class='ocrx_word' id='word_1_328' title='bbox 639 4814 686 4874; x_wconf 87' lang='lat' dir='ltr'><strong>lta</strong></span> <span class='ocrx_word' id='word_1_329' title='bbox 708 4814 827 4886; x_wconf 76' lang='lat' dir='ltr'><strong>iactum</strong></span> <span class='ocrx_word' id='word_1_330' title='bbox 849 4820 883 4873; x_wconf 91' lang='lat' dir='ltr'><strong>ut</strong></span> <span class='ocrx_word' id='word_1_331' title='bbox 906 4812 942 4873; x_wconf 92' lang='lat' dir='ltr'><strong>da</strong></span> <span class='ocrx_word' id='word_1_332' title='bbox 965 4815 1058 4892; x_wconf 90' lang='lat' dir='ltr'><strong>primo</strong></span> <span class='ocrx_word' id='word_1_333' title='bbox 1076 4812 1235 4893; x_wconf 80' lang='lat' dir='ltr'><strong>exemplari</strong></span> <span class='ocrx_word' id='word_1_334' title='bbox 1249 4830 1287 4877; x_wconf 90' lang='lat' dir='ltr'><strong>oe</strong></span> <span class='ocrx_word' id='word_1_335' title='bbox 1302 4817 1461 4892; x_wconf 74' lang='lat' dir='ltr'><strong>vestgium</strong></span> <span class='ocrx_word' id='word_1_336' title='bbox 1475 4813 1596 4892; x_wconf 85' lang='lat' dir='ltr'><strong>quidem</strong></span> <span class='ocrx_word' id='word_1_337' title='bbox 1614 4821 1782 4892; x_wconf 85' lang='lat' dir='ltr'><strong>superesset</strong></span> <span class='ocrx_word' id='word_1_338' title='bbox 1868 4891 1872 4897; x_wconf 13' lang='grc' dir='ltr'>ᾖ</span> 
     </span>
    </p>
   </div>
   <div class='ocr_carea' id='block_1_12' title="bbox 425 4899 1780 4980">
    <p class='ocr_par' dir='ltr' id='par_1_13' title="bbox 425 4899 1780 4980">
     <span class='ocr_line' id='line_1_36' title="bbox 425 4899 1780 4980; baseline -0.002 -17"><span class='ocrx_word' id='word_1_339' title='bbox 425 4904 454 4963; x_wconf 88' lang='lat' dir='ltr'><strong>lo</strong></span> <span class='ocrx_word' id='word_1_340' title='bbox 477 4917 524 4979; x_wconf 86' lang='lat' dir='ltr'><strong>so,</strong></span> <span class='ocrx_word' id='word_1_341' title='bbox 547 4901 628 4979; x_wconf 84' lang='lat' dir='ltr'><strong>quod</strong></span> <span class='ocrx_word' id='word_1_342' title='bbox 651 4900 812 4961; x_wconf 81' lang='lat' dir='ltr'><strong>exhibitam</strong></span> <span class='ocrx_word' id='word_1_343' title='bbox 836 4909 882 4961; x_wconf 89' lang='lat' dir='ltr'><strong>sst</strong></span> <span class='ocrx_word' id='word_1_344' title='bbox 903 4900 1129 4979; x_wconf 76' lang='lat' dir='ltr'><strong>chalcograpbo.</strong></span> <span class='ocrx_word' id='word_1_345' title='bbox 1166 4899 1237 4962; x_wconf 84' lang='lat' dir='ltr'><strong>Jam</strong></span> <span class='ocrx_word' id='word_1_346' title='bbox 1260 4901 1340 4978; x_wconf 88' lang='lat' dir='ltr'><strong>quod</strong></span> <span class='ocrx_word' id='word_1_347' title='bbox 1354 4902 1479 4977; x_wconf 80' lang='lat' dir='ltr'><strong>Lunam,</strong></span> <span class='ocrx_word' id='word_1_348' title='bbox 1501 4900 1685 4980; x_wconf 79' lang='lat' dir='ltr'><strong>planetarum</strong></span> <span class='ocrx_word' id='word_1_349' title='bbox 1707 4899 1780 4961; x_wconf 89' lang='lat' dir='ltr'><strong>ulti·</strong></span> 
     </span>
    </p>
   </div>
   <div class='ocr_carea' id='block_1_13' title="bbox 425 4987 1921 5067">
    <p class='ocr_par' dir='ltr' id='par_1_14' title="bbox 425 4987 1921 5067">
     <span class='ocr_line' id='line_1_37' title="bbox 425 4987 1921 5067; baseline 0.003 -18"><span class='ocrx_word' id='word_1_350' title='bbox 425 5005 519 5060; x_wconf 79' lang='lat' dir='ltr'><strong>muns,</strong></span> <span class='ocrx_word' id='word_1_351' title='bbox 552 4992 673 5061; x_wconf 89' lang='lat' dir='ltr'><strong>attinet,</strong></span> <span class='ocrx_word' id='word_1_352' title='bbox 707 4987 826 5065; x_wconf 83' lang='lat' dir='ltr'><strong>qnando</strong></span> <span class='ocrx_word' id='word_1_353' title='bbox 859 4990 982 5066; x_wconf 90' lang='lat' dir='ltr'><strong>primum</strong></span> <span class='ocrx_word' id='word_1_354' title='bbox 1013 5004 1069 5067; x_wconf 74' lang='lat' dir='ltr'><strong>epo</strong></span> <span class='ocrx_word' id='word_1_355' title='bbox 1101 4990 1230 5049; x_wconf 86' lang='lat' dir='ltr'><strong>animum</strong></span> <span class='ocrx_word' id='word_1_356' title='bbox 1257 4988 1296 5049; x_wconf 81' lang='lat' dir='ltr'><strong>sd</strong></span> <span class='ocrx_word' id='word_1_357' title='bbox 1325 4987 1484 5051; x_wconf 87' lang='lat' dir='ltr'><strong>sditionem</strong></span> <span class='ocrx_word' id='word_1_358' title='bbox 1513 4989 1603 5067; x_wconf 77' lang='lat' dir='ltr'><strong>buius</strong></span> <span class='ocrx_word' id='word_1_359' title='bbox 1628 4989 1781 5065; x_wconf 82' lang='lat' dir='ltr'><strong>iipitomes</strong></span> <span class='ocrx_word' id='word_1_360' title='bbox 1912 5037 1921 5054; x_wconf 87' lang='lat'><em>.</em></span> 
     </span>
    </p>
   </div>
   <div class='ocr_carea' id='block_1_14' title="bbox 424 5073 1905 5342">
    <p class='ocr_par' dir='ltr' id='par_1_15' title="bbox 424 5073 1905 5342">
     <span class='ocr_line' id='line_1_38' title="bbox 424 5073 1780 5156; baseline -0.002 -18"><span class='ocrx_word' id='word_1_361' title='bbox 424 5076 530 5153; x_wconf 80' lang='lat' dir='ltr'><strong>adjeci,</strong></span> <span class='ocrx_word' id='word_1_362' title='bbox 554 5076 636 5137; x_wconf 91' lang='lat' dir='ltr'><strong>nnlla</strong></span> <span class='ocrx_word' id='word_1_363' title='bbox 658 5074 736 5135; x_wconf 89' lang='lat' dir='ltr'><strong>iliius</strong></span> <span class='ocrx_word' id='word_1_364' title='bbox 757 5074 899 5153; x_wconf 76' lang='lat' dir='ltr'><strong>singulari</strong></span> <span class='ocrx_word' id='word_1_365' title='bbox 917 5093 988 5137; x_wconf 89' lang='lat' dir='ltr'><strong>eura</strong></span> <span class='ocrx_word' id='word_1_366' title='bbox 1002 5075 1133 5152; x_wconf 81' lang='lat' dir='ltr'><strong>tenebar,</strong></span> <span class='ocrx_word' id='word_1_367' title='bbox 1155 5083 1310 5156; x_wconf 84' lang='lat' dir='ltr'><strong>propterea</strong></span> <span class='ocrx_word' id='word_1_368' title='bbox 1327 5075 1408 5155; x_wconf 87' lang='lat' dir='ltr'><strong>qnod</strong></span> <span class='ocrx_word' id='word_1_369' title='bbox 1418 5078 1481 5154; x_wconf 88' lang='lat' dir='ltr'><strong>jam</strong></span> <span class='ocrx_word' id='word_1_370' title='bbox 1496 5083 1644 5138; x_wconf 79' lang='lat' dir='ltr'><strong>exstarem</strong></span> <span class='ocrx_word' id='word_1_371' title='bbox 1659 5073 1780 5155; x_wconf 77' lang='lat' dir='ltr'><strong>&#39;lycho-</strong></span> 
     </span>
     <span class='ocr_line' id='line_1_39' title="bbox 425 5162 1780 5245; baseline -0.002 -21"><span class='ocrx_word' id='word_1_372' title='bbox 425 5167 469 5224; x_wconf 89' lang='lat' dir='ltr'><strong>uls</strong></span> <span class='ocrx_word' id='word_1_373' title='bbox 499 5163 609 5226; x_wconf 71' lang='lat' dir='ltr'><strong>liubai</strong></span> <span class='ocrx_word' id='word_1_374' title='bbox 637 5163 854 5242; x_wconf 89' lang='lat' dir='ltr'><strong>suppositiones</strong></span> <span class='ocrx_word' id='word_1_375' title='bbox 885 5162 924 5225; x_wconf 88' lang='lat' dir='ltr'><strong>de</strong></span> <span class='ocrx_word' id='word_1_376' title='bbox 951 5163 1054 5241; x_wconf 81' lang='lat' dir='ltr'><strong>Luos3</strong></span> <span class='ocrx_word' id='word_1_377' title='bbox 1091 5177 1169 5241; x_wconf 86' lang='lat' dir='ltr'><strong>quse</strong></span> <span class='ocrx_word' id='word_1_378' title='bbox 1197 5181 1267 5228; x_wconf 80' lang='lat' dir='ltr'><strong>vero</strong></span> <span class='ocrx_word' id='word_1_379' title='bbox 1297 5167 1327 5224; x_wconf 88' lang='lat' dir='ltr'><strong>in</strong></span> <span class='ocrx_word' id='word_1_380' title='bbox 1355 5179 1478 5241; x_wconf 76' lang='lat' dir='ltr'><strong>genere·</strong></span> <span class='ocrx_word' id='word_1_381' title='bbox 1493 5171 1628 5245; x_wconf 79' lang='lat' dir='ltr'><strong>poteraut</strong></span> <span class='ocrx_word' id='word_1_382' title='bbox 1656 5164 1780 5223; x_wconf 76' lang='lat' dir='ltr'><strong>inmisi</strong></span> 
     </span>
     <span class='ocr_line' id='line_1_40' title="bbox 424 5250 1905 5342; baseline -0.003 -25"><span class='ocrx_word' id='word_1_383' title='bbox 424 5251 685 5333; x_wconf 59' lang='lat' dir='ltr'><strong>&amp;quipoiieotisa</strong></span> <span class='ocrx_word' id='word_1_384' title='bbox 706 5251 815 5330; x_wconf 76' lang='lat' dir='ltr'><strong>ombus</strong></span> <span class='ocrx_word' id='word_1_385' title='bbox 837 5253 926 5315; x_wconf 78' lang='lat' dir='ltr'><strong>etam</strong></span> <span class='ocrx_word' id='word_1_386' title='bbox 948 5250 1038 5331; x_wconf 82' lang='lat' dir='ltr'><strong>bajus</strong></span> <span class='ocrx_word' id='word_1_387' title='bbox 1059 5252 1198 5334; x_wconf 64' lang='lat' dir='ltr'><strong>pausem</strong></span> <span class='ocrx_word' id='word_1_388' title='bbox 1219 5259 1319 5317; x_wconf 86' lang='lat' dir='ltr'><strong>motus</strong></span> <span class='ocrx_word' id='word_1_389' title='bbox 1336 5252 1412 5317; x_wconf 81' lang='lat' dir='ltr'><strong>adeo</strong></span> <span class='ocrx_word' id='word_1_390' title='bbox 1425 5251 1608 5342; x_wconf 78' lang='lat' dir='ltr'><strong>multiplices</strong></span> <span class='ocrx_word' id='word_1_391' title='bbox 1621 5250 1781 5314; x_wconf 79' lang='lat' dir='ltr'><strong>eti-ssosas</strong></span> <span class='ocrx_word' id='word_1_392' title='bbox 1899 5323 1905 5330; x_wconf 49' lang='grc'><em>,</em></span> 
     </span>
    </p>
   </div>
   <div class='ocr_carea' id='block_1_15' title="bbox 0 0 2234 6275">
    <p class='ocr_par' dir='ltr' id='par_1_16' title="bbox 0 0 2234 6275">
     <span class='ocr_line' id='line_1_41' title="bbox 0 0 2234 6275; baseline 0 2"><span class='ocrx_word' id='word_1_393' title='bbox 0 0 2234 6275; x_wconf 95' lang='lat' dir='ltr'><strong> </strong></span> 
     </span>
    </p>
   </div>
  </div>
 </body>
</html>
