4459 6275
898 786 981 843 Liber
997 712 1115 865 Tessius.
1151 785 1220 843 Pars
1237 787 1337 844 Tertia.
1733 798 1795 861 Thd
1916 815 1921 824 '

710 965 763 1025 De
792 963 931 1025 diebus
958 972 994 1024 et
1022 967 1198 1029 noctibus
1226 964 1522 1028 artificialibus.

527 1104 655 1185 Quibus·
669 1104 908 1181 proprietatibua
930 1104 1164 1181 distinguuntur
1192 1109 1272 1166 inter
1293 1124 1323 1164 se
1343 1106 1480 1165 diuersae
1499 1114 1604 1182 parter
1626 1111 1705 1167 anni
1727 1124 1795 1170 uer·

434 1191 547 1251 unta?
577 1191 702 1252 Duabus
722 1187 923 1268 potissimum:
947 1191 1132 1268 longitudine
1157 1201 1186 1252 et
1208 1194 1353 1255 brevitate
1377 1191 1487 1252 dierum
1510 1195 1699 1273 noctiumque
1721 1199 1795 1259 arti-

435 1276 586 1353 ficialium,
609 1284 639 1339 et
661 1278 767 1339 caloris
789 1280 963 1356 frigorisque
987 1280 1199 1340 vicissitudine.

528 1380 615 1460 Quid
633 1384 759 1458 proprie
780 1389 823 1441 eet
844 1382 932 1459 apud
952 1389 1141 1443 astronomos
1162 1382 1292 1441 diescet
1313 1399 1377 1443 noa
1406 1382 1598 1458 ardtioiab'ei
1627 1382 1701 1444 Dies
1722 1387 1795 1446 arti·

434 1466 542 1528 flcialie
566 1475 611 1529 est
632 1471 772 1546 temporis
794 1471 938 1547 spatium,
962 1485 1020 1545 quo
1043 1480 1179 1543 centrum,
1198 1468 1276 1529 Solis
1299 1468 1388 1528 radiis
1410 1469 1511 1529 liberis
1534 1478 1564 1530 et
1585 1487 1644 1530 non
1665 1471 1797 1534 retractis

433 1573 527 1632 supra
545 1556 725 1616 horizontem
749 1556 920 1629 rationalem
943 1559 1068 1633 spectari
1091 1564 1205 1633 potest3
1230 1570 1297 1629 nox,
1322 1574 1411 1632 quam
1434 1555 1484 1615 diu
1500 1557 1583 1631 inira,
1606 1558 1675 1618 licet
1689 1577 1796 1637 magna

435 1652 466 1702 et
488 1642 612 1703 diurnae
633 1637 846 1720 propemodum
869 1642 1003 1720 aequalis
1025 1647 1063 1702 eit
1084 1642 1136 1703 lux
1160 1641 1324 1720 crepusculi
1346 1646 1377 1701 in
1400 1645 1496 1704 noctis
1517 1646 1662 1705 extremis.
1851 1639 1853 1643 ’

525 1745 608 1806 Sunt
629 1749 724 1823 ipitur
745 1747 802 1806 bue
822 1755 925 1823 partes
946 1745 1006 1805 dici
1026 1747 1183 1807 naturalie
1204 1751 1299 1807 unius
1314 1746 1376 1806 dieo
1396 1756 1425 1807 et
1446 1762 1508 1809 nox
1524 1748 1715 1824 ordinalia?
1734 1749 1797 1811 Ac·

436 1840 538 1893 curate
566 1832 714 1910 loquendo
745 1833 808 1895 dies
835 1851 911 1893 unus
937 1833 1110 1909 artificialis,
1141 1836 1171 1892 in
1202 1851 1261 1911 quo
1284 1832 1404 1911 quidem
1427 1834 1480 1895 Sol
1507 1836 1597 1895 oritur
1624 1843 1654 1895 et
1676 1835 1793 1912 ocddit,

437 1918 579 1979 dividitur
602 1922 630 1978 in
654 1922 719 1997 ipso
741 1923 787 1980 sui
809 1920 906 1981 medio
929 1922 1004 1980 inter
1027 1920 1101 1981 duos
1124 1920 1187 1982 dies
1210 1920 1375 1994 naturales,
1399 1938 1523 1999 quorum
1546 1939 1622 1981 unus
1644 1926 1795 2000 coepitio

437 2006 561 2068 meridie
592 2007 794 2082 antecedenti,
823 2009 897 2069 alter
927 2007 1025 2066 finitur
1053 2010 1082 2067 in
1113 2008 1233 2069 meridie
1261 2010 1407 2084 sequenti.
1450 2008 1517 2069 Nox
1540 2026 1609 2069 vero
1632 2010 1794 2073 artificialis

437 2112 509 2173 pars
531 2100 578 2154 est
599 2097 687 2154 unlus
708 2093 804 2155 solum
834 2113 870 2156 ex
892 2094 972 2155 bisce
996 2094 1111 2156 duobus
1134 2095 1238 2155 diebus
1260 2094 1455 2170 naturalibus,
1485 2096 1598 2157 scilicet
1618 2097 1794 2158 antecedens

436 2178 648 2255 mteeedeutis,
671 2198 798 2258 sequeus
821 2198 891 2243 vero
913 2185 1072 2259 sequentis.
1117 2183 1156 2242 Et
1178 2192 1256 2255 tunc,
1279 2181 1398 2260 quando
1420 2182 1596 2244 scilicetsol
1618 2185 1751 2246 occidere
1765 2191 1795 2247 et

438 2269 508 2330 oriri
536 2275 651 2348 potest,
684 2267 747 2329 dies
768 2268 930 2329 artificialis
959 2257 1054 2329 minor*
1076 2286 1146 2329 saue
1176 2278 1221 2331 est
1250 2269 1297 2330 die
1325 2270 1452 2329 naturali
1481 2273 1630 2348 partisque
1652 2273 1795 2333 rationem

438 2355 540 2430 habet,
562 2372 622 2416 non
644 2357 741 2415 minus
763 2373 852 2432 quam
874 2358 956 2416 socia
977 2374 1042 2431 sua,
1064 2373 1121 2416 nox
1145 2356 1314 2417 artificialia.
1360 2357 1401 2415 At
1424 2356 1472 2417 ille
1496 2358 1558 2418 dies
1573 2357 1743 2435 artificialis,
1766 2361 1795 2419 lu

438 2459 498 2522 quo
521 2441 574 2505 Sol
598 2444 701 2519 nequit
721 2442 901 2504 horizontem
921 2443 1029 2518 subire,
1052 2446 1236 2520 componitur
1258 2461 1294 2505 ex
1317 2443 1431 2522 aliquot
1446 2446 1565 2521 integris
1588 2444 1694 2507 diebus
1708 2453 1798 2507 natu·

439 2530 560 2591 ralibus.
606 2530 643 2589 Et
672 2546 730 2590 nox
761 2529 922 2591 artificialis
952 2530 1017 2605 illa,
1048 2531 1078 2589 iu
1107 2547 1167 2608 qua
1189 2530 1241 2591 Sol
1270 2547 1322 2609 per
1341 2530 1557 2593 revolutionem
1580 2531 1713 2594 diurnam
1736 2551 1793 2593 non

438 2625 537 2695 potest
556 2618 630 2678 eniti
652 2633 741 2694 supra
762 2617 951 2693 horizontem,
975 2619 1160 2695 componitur
1181 2617 1315 2680 similiter
1337 2635 1374 2678 ex
1396 2618 1510 2696 aliquot
1526 2619 1630 2680 diebus
1652 2621 1793 2682 naturali·

440 2706 496 2766 bus
521 2706 653 2782 integris.

530 2790 615 2869 Quid
635 2808 707 2868 erpo
728 2794 810 2851 circa
831 2792 884 2852 boe
904 2791 966 2851 dice
987 2799 1145 2867 noctesque
1164 2796 1329 2868 praecipue
1352 2794 1435 2852 uenit
1455 2795 1490 2851 in
1504 2791 1797 2855 considerationem?

440 2878 495 2939 llla
509 2876 638 2939 maxima
653 2877 763 2939 dierum
779 2880 965 2955 noctiumque
981 2879 1178 2956 inaequalitas
1193 2897 1245 2956 per
1260 2879 1392 2941 diversas
1415 2886 1477 2940 tam
1498 2881 1567 2940 anui
1588 2889 1685 2959 partes
1707 2897 1797 2959 quam

439 2964 584 3044 sphaerae
607 2967 730 3044 positus.
1735 3022 1741 3027 .

529 3053 602 3132 Qua
621 3070 767 3113 mensura
788 3057 933 3112 metimur
953 3054 1034 3113 bano
1055 3054 1329 3130 inaequalitatem?
1356 3052 1496 3114 Metimur
1511 3071 1577 3115 eam
1601 3054 1717 3115 circulis
1731 3055 1797 3117 dle·

439 3159 503 3202 rum
525 3139 704 3201 naturalium
727 3158 886 3218 eorumque
909 3141 1051 3217 arcubus,
1075 3142 1221 3202 efferimus
1244 3158 1313 3203 vero
1335 3141 1548 3218 longitudinem
1571 3143 1715 3220 cujusque
1737 3160 1795 3204 uu-

439 3245 520 3292 meeo
543 3227 680 3290 horarum
703 3226 962 3305 aequinoctialium
985 3245 1038 3288 seu
1060 3228 1232 3302 mediarum,
1255 3232 1417 3290 autetiam
1440 3228 1552 3290 dierum
1574 3229 1761 3292 naturalium.

529 3315 613 3393 Quor
639 3315 714 3375 diois
742 3317 869 3376 circulos
898 3315 1019 3374 dierum
1040 3318 1235 3380 naturalium
1258 3326 1290 3376 et
1307 3317 1404 3394 quot?
1435 3315 1600 3378 Parallelos
1626 3319 1796 3395 sequuturis

442 3404 513 3478 180,
538 3403 694 3479 exquibus
709 3405 829 3464 extremi
852 3410 921 3462 suut
937 3402 994 3461 duo
1017 3405 1132 3481 tropici,
1155 3412 1316 3465 ceterorum
1340 3404 1465 3483 quilibet
1477 3422 1530 3481 per
1553 3406 1688 3465 binorum
1704 3404 1797 3483 eclip-

437 3492 520 3551 tlcaa
543 3488 686 3565 gradum
710 3492 856 3562 terminos,
880 3490 1042 3566 aequaliter
1065 3508 1084 3550 a
1105 3493 1221 3569 punctis
1244 3494 1364 3569 tropicis
1386 3491 1545 3565 distantes„
1568 3498 1638 3552 sunt
1659 3491 1795 3552 haductl.

529 3577 689 3656 Quomodo
710 3581 938 3638 constituuntur
950 3578 983 3635 bi
1004 3579 1113 3638 circuli
1127 3585 1156 3638 et
1177 3597 1241 3654 qua
1255 3578 1431 3640 occaeione?
1451 3578 1562 3639 Eadem
1575 3578 1795 3656 propemodum,

439 3681 500 3742 qua
527 3681 618 3740 supra
648 3673 732 3741 parte
763 3666 858 3742 prima
879 3672 909 3724 et
930 3667 1064 3742 superius
1087 3665 1162 3725 llbro
1184 3666 1314 3727 secundo
1337 3665 1462 3726 circulus
1483 3666 1605 3741 stellae,
1637 3667 1694 3725 nisi
1717 3665 1796 3744 quod

438 3751 487 3811 bic
511 3751 543 3810 lit
566 3751 681 3811 duobus
702 3751 828 3812 Telluris
851 3746 978 3812 motibus
1001 3755 1077 3812 inter
1097 3771 1130 3811 sc
1153 3755 1331 3831 compositis,
1355 3769 1414 3813 uno
1437 3752 1608 3826 volutionis,
1631 3752 1724 3813 altero
1739 3756 1796 3813 clr·
1828 3763 1831 3768 ·

437 3837 625 3899 cumlatiouis
648 3841 693 3915 (in
716 3855 784 3916 qua,
807 3847 840 3898 ut
862 3847 945 3916 parte
968 3838 1098 3899 secunda
1120 3839 1242 3913 dictum,
1276 3843 1340 3900 axis
1365 3839 1524 3899 volutionis
1546 3837 1704 3899 translatus
1731 3857 1797 3900 ma·

439 3934 510 3987 neat
533 3927 590 3986 sibl
614 3927 671 4002 ipsi
694 3928 723 3984 in
745 3927 824 3986 omni
846 3928 905 3986 situ
927 3924 1101 4003 parallelus)
1126 3934 1157 3985 ut
1179 3924 1353 3986 circulorum
1375 3927 1451 3986 alius
1474 3944 1509 3986 ex
1528 3925 1586 3984 alio
1609 3934 1752 3985 nectatur.

527 4011 622 4088 Finge
645 4030 773 4090 namque
795 4014 903 4090 primo,
934 4032 1019 4075 axem
1047 4023 1075 4072 et
1103 4022 1233 4074 centrum
1257 4013 1383 4074 Telluris
1412 4030 1530 4074 manere
1557 4011 1623 4072 loco
1644 4028 1699 4072 suo
1722 4027 1795 4072 cou-

438 4116 609 4177 nexumque
637 4117 703 4161 esse
734 4118 799 4160 eum
829 4109 929 4161 cenho
951 4100 1029 4161 Solis
1057 4118 1108 4176 per
1135 4100 1244 4160 lineam
1273 4109 1395 4172 rectam,
1428 4115 1505 4175 quae
1532 4115 1583 4184 per
1612 4098 1795 4175 superlioIem

439 4185 552 4248 Terrae
575 4186 698 4264 trajecta
721 4189 789 4263 erit3
820 4205 924 4265 corpus
954 4182 1042 4263 igitur
1065 4186 1207 4261 Telluris,
1238 4190 1268 4246 iu
1297 4187 1353 4248 bac
1380 4185 1571 4263 dispositione
1602 4185 1797 4246 circumvolu-

435 4282 516 4349 tum,
540 4276 687 4336 secabitur
711 4277 739 4333 in
762 4275 916 4352 superficie
938 4276 1124 4335 circumcirca
1147 4276 1185 4336 ab
1208 4274 1265 4335 bac
1285 4274 1364 4334 liuea
1387 4272 1494 4333 circulo
1517 4273 1662 4350 perlecto,
1689 4274 1732 4334 sic
1761 4281 1795 4333 ut

435 4362 532 4432 accde
548 4361 652 4422 eodem
667 4361 767 4423 redeat
783 4361 859 4422 uude
882 4365 989 4440 coepit.
1035 4362 1166 4423 Admitte
1180 4362 1310 4424 secundo
1333 4359 1594 4422 considerationem
1608 4360 1693 4436 bauo,
1716 4361 1797 4438 quod

430 4451 503 4526 axis
526 4447 653 4509 Telluris
681 4451 795 4526 interim
824 4467 980 4528 parumper
1010 4452 1049 4509 sit
1079 4452 1289 4527 transpositus,
1316 4464 1411 4525 eoque
1434 4446 1498 4523 jam
1523 4446 1614 4523 paulo
1644 4447 1729 4508 aliter
1756 4446 1795 4507 ad

435 4535 539 4598 Solem
569 4534 737 4609 inclinetur,
768 4554 858 4614 quam
879 4539 908 4595 in
932 4540 1075 4615 principio
1103 4536 1267 4597 volutionis
1297 4538 1399 4609 unius;
1430 4550 1489 4609 quo
1511 4532 1627 4607 medio,
1656 4544 1688 4594 ut
1713 4543 1796 4611 parte

434 4620 569 4690 secunda
591 4621 760 4699 didicimus,
792 4622 844 4684 Sol
873 4624 959 4684 alteri
987 4625 1122 4701 polorum
1149 4624 1281 4687 redditus
1311 4624 1350 4681 alt
1371 4619 1461 4698 paulo
1492 4622 1620 4697 propior.
1665 4621 1742 4697 Ergo
1765 4622 1795 4678 in

435 4710 496 4770 bue
525 4717 682 4787 susceptae
710 4711 903 4771 revolutionis
932 4711 1027 4786 linea,
1061 4720 1236 4773 connectens
1259 4718 1359 4770 centra
1379 4705 1458 4767 Solis
1480 4715 1510 4767 et
1532 4706 1655 4782 Terrae,
1682 4707 1796 4767 secabit

433 4798 559 4875 globum
581 4796 690 4859 Terrae
716 4800 838 4875 propius
864 4797 965 4875 polum
992 4808 1022 4859 et
1044 4802 1087 4860 sic
1108 4799 1259 4860 aberrabit
1279 4815 1298 4856 a
1319 4795 1463 4874 principio
1492 4796 1633 4854 sectionis
1654 4792 1795 4869 dabitque

433 4900 516 4946 novo
540 4884 650 4945 circulo
671 4886 862 4963 principium,
892 4895 1013 4947 necteus
1036 4887 1176 4947 circulum
1198 4903 1288 4946 unum
1311 4901 1347 4945 ex
1370 4881 1448 4954 alio,
1480 4887 1512 4940 ut
1538 4879 1572 4939 fit
1594 4883 1624 4939 iu
1646 4878 1795 4958 cylindris,

435 4974 467 5032 ln
494 4989 572 5050 qnos
599 4971 838 5051 agglomerantur
868 4972 926 5032 iila.
971 4972 1060 5034 Talea
1090 4976 1179 5051 igitur
1206 4975 1300 5050 spiras
1328 4967 1418 5029 allicit
1448 4969 1478 5025 iu
1506 4966 1660 5044 superlicio
1687 4965 1796 5029 Terrae

435 5062 528 5122 seriss
549 5059 696 5134 locorum,
727 5077 851 5138 quorum
879 5060 1003 5120 vertices
1020 5058 1078 5120 ‘Sol
1107 5062 1230 5120 haurire
1252 5058 1367 5119 videtur
1389 5070 1442 5130 per
1471 5051 1530 5114 diei
1552 5055 1681 5129 auuique
1703 5055 1798 5114 curri·

437 5145 522 5222 cula,
553 5147 628 5210 haec
649 5147 718 5209 loca
739 5146 890 5223 deserens,
924 5146 983 5208 illis
1010 5149 1231 5224 superveniens.
1275 5143 1369 5204 Verbi
1390 5157 1482 5202 causa
1502 5139 1659 5199 Moluocae
1681 5140 1799 5205 insulae

437 5234 495 5297 hac
516 5238 593 5298 seris
615 5253 636 5296 a
656 5237 853 5313 septentrione
877 5253 979 5298 versus
1003 5233 1154 5298 meridiem
1177 5233 1338 5311 dispositae
1360 5231 1433 5288 sunt
1453 5229 1528 5288 luter
1549 5242 1675 5303 magnas
1688 5227 1801 5294 insulas
