4459 6275
889 773 971 831 moe
988 775 1118 846 amem.
1152 775 1222 833 em
1239 777 1339 834 rems.
1555 762 1559 772 '
1701 766 1789 851 '³25

437 952 542 1014 modis
564 954 735 1033 corporibus
757 960 788 1015 et
809 952 972 1025 intervallis
994 953 1034 1017 ad
1056 970 1162 1032 corpus
1177 955 1264 1032 Solis,
1287 962 1321 1017 ut
1340 956 1379 1018 ad
1393 973 1559 1022 mansuram
1574 967 1641 1022 ortu
1654 963 1789 1040 priorem,

436 1043 553 1102 initium
575 1060 595 1103 a
616 1040 735 1103 Tellure
757 1042 870 1104 iecisse.
1444 1068 1447 1073 ·

526 1129 630 1207 Quum
652 1147 778 1189 causum
799 1147 897 1190 censes
918 1145 977 1188 cass
998 1130 1224 1206 mopuitudiuis
1244 1133 1380 1207 eorporis
1400 1131 1539 1193 soloris?
1568 1135 1647 1197 Solis
1669 1136 1790 1213 globum

435 1234 499 1279 sose
521 1218 650 1295 primurn
672 1219 802 1277 omnium
824 1216 925 1277 mundi
947 1233 1099 1301 corporum
1116 1219 1146 1277 in
1169 1217 1271 1278 ordine
1292 1220 1449 1280 creationis
1470 1220 1575 1283 saitem
1598 1224 1788 1302 archetypali,

434 1307 543 1365 sinon
566 1307 655 1367 etism
678 1304 841 1383 temporali,
865 1303 991 1365 suadent
1012 1306 1085 1365 ister
1113 1305 1144 1382 1}
1166 1302 1268 1366 liosea
1290 1308 1401 1382 primae
1416 1306 1475 1367 diei
1495 1325 1570 1387 opus
1591 1310 1664 1371 iacit
1684 1311 1789 1383 lucem,

434 1410 487 1471 pro
511 1409 574 1468 qua
594 1408 649 1453 uua
670 1409 828 1477 possumus
849 1391 1010 1468 intelligere
1033 1408 1139 1470 eorpus
1161 1392 1266 1452 Solis.¹
1294 1389 1326 1474 2)
1346 1393 1462 1472 corpus
1485 1394 1564 1456 Solis
1585 1416 1675 1477 supra
1696 1398 1790 1478 pluri·

390 1496 394 1503 ’
434 1482 490 1540 mis
512 1480 681 1541 nominihus
702 1482 898 1559 principatum
919 1479 1046 1542 obtinuit
1068 1482 1097 1537 in
1120 1479 1314 1554 naturalibus,
1335 1484 1406 1557 quin
1427 1483 1518 1559 igitur
1539 1487 1627 1545 etiam
1650 1489 1679 1544 in
1693 1503 1790 1562 qnan-

434 1570 521 1629 ritate
552 1568 642 1644 inque
670 1574 817 1644 tempore,
847 1584 906 1644 ‘luo
934 1574 1064 1627 ereetum
1087 1574 1141 1627 est
1187 1567 1263 1627 Jam·
1279 1584 1350 1629 vero
1372 1570 1495 1646 primum
1517 1587 1638 1650 eorpus,
1666 1590 1702 1633 eo
1724 1575 1789 1651 ipso

434 1657 506 1732 quia
528 1656 662 1734 primum,
688 1657 902 1734 proportionem
924 1653 963 1713 ad
986 1650 1140 1730 sequentia
1156 1654 1272 1733 ‚nudam
1295 1659 1417 1734 aceepit,
1440 1656 1493 1717 sed
1515 1662 1670 1736 sequentia
1690 1663 1790 1739 potins

434 1741 472 1803 ad
497 1743 594 1821 ipsum
618 1748 651 1803 ut
673 1744 807 1821 primurn.
848 1741 946 1817 Quare
968 1740 1177 1818 magnitudinis
1197 1741 1277 1803 Solis
1299 1758 1390 1803 causa
1411 1744 1609 1824 archetypalis
1630 1746 1714 1807 unha
1735 1758 1788 1821 est,

433 1846 489 1891 nee
512 1829 590 1890 alins
612 1830 726 1890 intorno
749 1830 804 1889 init
826 1829 933 1904 globus
956 1827 1046 1907 duplo
1069 1829 1163 1905 major
1186 1839 1275 1907 atque
1297 1846 1374 1889 nuuc
1396 1838 1455 1891 est:
1486 1836 1595 1913 quippe
1621 1851 1680 1895 uua
1702 1853 1790 1895 mnn-

435 1917 490 1977 dns
515 1918 603 1977 stiam
626 1915 756 1995 reliquus
780 1919 934 1978 universus
957 1923 986 1976 et
1008 1916 1096 1977 horno
1119 1918 1150 1977 iu
1173 1932 1208 1977 eo
1223 1917 1335 1977 iuturus
1350 1918 1455 1979 luisset
1469 1918 1559 1999 duplo
1574 1923 1679 2001 major,
1701 1940 1789 2000 quarn

434 2020 514 2066 nnnc
536 2012 590 2066 sat.
1656 2046 1660 2053 ·

527 2092 595 2171 Quo
621 2094 718 2169 wass·
744 2092 843 2152 medio
869 2091 1097 2152 accommodato
1122 2093 1185 2168 luit
1205 2092 1387 2168 mopnitudo
1413 2093 1544 2155 Telluris
1564 2096 1608 2155 od
1627 2101 1789 2173 respuitur.-

434 2180 538 2241 dincns
560 2180 641 2257 plebi
664 2179 805 2241 dolosis?
834 2177 935 2238 Medio
959 2180 1082 2239 visionis
1104 2178 1192 2239 Solis.
1238 2178 1339 2239 Tellus
1360 2182 1439 2239 euim
1461 2190 1523 2242 erat
1543 2183 1643 2244 iutura
1665 2185 1789 2245 domici·

433 2268 507 2329 lium
530 2267 777 2347 contemplatrieis
799 2273 949 2327 creaturae
973 2275 1002 2326 et
1025 2269 1055 2325 in
1076 2267 1162 2342 cujus
1184 2268 1309 2341 gratiam
1332 2267 1458 2328 mondus
1480 2270 1635 2330 universus
1657 2281 1701 2333 eat
1716 2290 1790 2333 con·

435 2355 525 2416 ditus.
568 2354 639 2416 darn
662 2372 732 2416 veru
756 2353 964 2432 contemplatio
986 2360 1082 2413 ortum
1104 2353 1195 2414 habet
1216 2372 1253 2414 ex
1276 2356 1389 2415 visione
1410 2356 1555 2430 siderum,
1582 2375 1673 2436 qnare
1701 2362 1789 2420 etiam

434 2445 587 2527 quantitas
600 2471 602 2479 ·
617 2441 905 2520 contemplandomm
935 2449 1030 2501 ortum
1060 2441 1168 2502 habere
1198 2440 1298 2502 debirit
1329 2460 1366 2501 err
1396 2445 1561 2519 quantitate
1586 2446 1788 2507 videndorum.

434 2531 567 2591 Primum
591 2547 661 2591 reso
683 2529 800 2590 visibila
822 2528 873 2589 lux
895 2535 941 2589 eat
962 2546 1015 2589 seu
1036 2527 1106 2601 Sol,
1137 2529 1246 2606 quippe
1272 2526 1302 2608 1)
1324 2532 1435 2606 primae
1457 2528 1514 2588 diei
1537 2550 1612 2611 opus
1635 2541 1666 2593 et
1687 2532 1720 2612 i)
1741 2537 1789 2594 vi·

435 2618 567 2678 sibilium
589 2620 719 2678 omniurn
742 2617 992 2695 superexcellens,
1016 2615 1302 2695 principalissimum,
1325 2619 1508 2694 primarium,
1532 2629 1562 2679 et
1584 2620 1663 2697 quud
1685 2623 1790 2681 ceteris

434 2705 573 2766 omnibns
596 2705 775 2767 visibilitatis
798 2721 889 2765 causa
911 2710 974 2764 erat
995 2704 1134 2765 loturum.
1177 2702 1317 2789 Sequitur
1343 2707 1449 2781 igitur,
1480 2712 1511 2766 nt
1533 2724 1552 2766 a
1575 2708 1689 2768 visione
1710 2708 1789 2769 Sulis

434 2796 465 2851 in
488 2792 581 2853 'l'erra
602 2795 774 2872 principium
796 2794 836 2851 sit
857 2792 964 2851 iactum
987 2790 1226 2870 proportionabili
1257 2808 1379 2869 corpora
1406 2793 1523 2867 mnudi,
1550 2796 1626 2855 sieut
1648 2797 1736 2856 etiam
1758 2799 1788 2854 iu

434 2881 635 2960 superioribus
664 2884 729 2960 ipsa
756 2878 855 2939 mundi
878 2881 975 2957 spatia
996 2878 1208 2958 proportionali
1230 2878 1408 2941 mediatione
1431 2881 1543 2942 orbitae
1566 2881 1693 2943 Telluris
1715 2885 1789 2944 iuter

434 2986 469 3029 aa
491 2968 630 3029 distincta
651 2969 775 3031 inerunt.

526 3056 654 3134 οιιωια
682 3063 728 3117 sss
750 3054 1099 3131 ammanuensium
1121 3048 1256 3115 sotum
1282 3054 1405 3115 Tema?
1437 3054 1561 3116 consus
1583 3059 1789 3117 veterrimum

435 3143 598 3206 Aristarchi
621 3152 652 3205 et
671 3144 877 3204 recentissimis
900 3144 990 3201 nostri
1012 3144 1153 3221 temporis
1174 3141 1439 3217 observationibus,
1462 3146 1488 3205 sl
1502 3145 1593 3206 nerra
1608 3161 1698 3222 quam
1720 3145 1788 3206 iort·

433 3233 556 3310 gissime
577 3231 680 3292 aSole
703 3232 864 3304 recesserit,
887 3237 956 3289 tuuc
978 3236 1077 3291 centro
1100 3231 1213 3291 visione
1237 3229 1382 3310 descripto
1404 3233 1521 3306 eireulo,
1545 3230 1582 3293 de
1605 3233 1656 3293 illo
1678 3232 1788 3293 circulo

435 3319 621 3382 snodssime
652 3318 940 3396 septingentesimam
969 3325 999 3377 et
1020 3318 1192 3402 vicesimam
1209 3327 1340 3396 partem,
1370 3317 1400 3377 id
1423 3326 1468 3379 est
1490 3318 1643 3380 dimidium
1665 3320 1789 3397 gradum

436 3409 575 3487 occupari
599 3415 627 3467 et
650 3408 737 3484 quasi
759 3405 942 3466 determinari
965 3422 984 3464 a
1006 3403 1149 3465 diametro
1171 3405 1265 3481 Sulis,
1294 3423 1346 3467 sou
1368 3405 1448 3482 quod
1471 3405 1548 3468 idem
1571 3416 1633 3483 sat,
1662 3407 1789 3498 angulus

435 3494 627 3555 interlineas
649 3497 824 3571 stringentes
846 3499 1001 3569 utrumque
1023 3492 1103 3554 Solia
1125 3495 1285 3570 marginem
1309 3503 1354 3555 est
1375 3496 1636 3572 septingentesima
1656 3502 1687 3557 et
1707 3498 1791 3557 vioe·

435 3584 513 3643 aima
533 3599 602 3661 pars
625 3590 751 3660 quatuor
771 3588 925 3642 rectorum.

439 3719 445 3731 .
526 3669 630 3749 ουαηι
651 3678 743 3748 putas
763 3669 855 3742 huius
868 3669 1096 3729 numerositatis
1109 3669 1261 3729 commui
1284 3667 1400 3729 Primae
1421 3670 1463 3729 rei
1488 3687 1608 3731 causam
1629 3674 1719 3731 etiam
1741 3689 1790 3732 ar·

435 3756 622 3836 shetypslsm
651 3760 727 3818 iuter
754 3757 863 3834 primas
885 3773 1024 3833 quaerere
1047 3763 1178 3834 oportet
1216 3754 1285 3815 Jem
1308 3773 1378 3816 vero
1400 3761 1579 3832 geometrica
1600 3768 1692 3819 causa
1713 3758 1791 3819 divi·

434 3847 528 3908 sionis
551 3844 658 3911 circuli¹
672 3847 702 3904 iu
727 3846 789 3903 770
811 3862 848 3904 ex
870 3843 963 3921 figura
991 3842 1071 3903 unda
1093 3850 1137 3903 tot
1157 3842 1282 3903 laterum
1305 3850 1349 3902 eet
1370 3842 1460 3903 nulla.
1504 3845 1580 3904 iiam
1601 3845 1676 3905 haec
1698 3847 1791 3923 ligura

434 3949 488 4012 per
510 3933 701 3994 biseetiouem
723 3931 872 3991 derivatur
896 3949 931 3991 ex
953 3931 1047 4007 ligura
1069 3931 1110 3988 45
1132 3929 1266 4002 laterum,
1289 3946 1365 4006 quae
1386 3930 1665 3992 demonstrationem
1679 3933 1790 3992 nullam

434 4021 544 4094 habet,
576 4028 609 4079 nt
630 4022 787 4097 probatum
809 4018 884 4077 libro
905 4018 929 4077 1.
953 4017 1207 4077 Harmonieosnrn.
1252 4018 1407 4094 Sequitur,
1436 4027 1470 4077 nt
1501 4019 1636 4079 desumta
1656 4019 1695 4079 sit
1718 4021 1790 4080 baec

434 4108 530 4171 sectio
560 4107 659 4168 circuli
688 4125 724 4168 ex
750 4107 961 4184 compositione
984 4106 1142 4181 figurarum
1163 4111 1194 4163 et
1214 4108 1258 4165 aie
1278 4123 1315 4165 ex
1337 4105 1499 4165 rationibus
1519 4106 1705 4166 harmonicis.
1751 4107 1789 4166 lit

436 4194 555 4258 ridetur
575 4195 680 4256 inierre
702 4197 923 4267 necessitatem,
946 4201 979 4251 ut
1001 4191 1126 4252 circulus
1147 4191 1301 4266 zodiacus,
1324 4193 1354 4250 in
1376 4208 1435 4268 quo
1457 4200 1555 4253 motus
1577 4211 1647 4254 suos
1670 4194 1790 4253 harme-

434 4286 520 4344 nieoa
543 4299 677 4344 exercere
700 4282 864 4344 debuerunt
886 4297 952 4340 eum
974 4280 1110 4357 planetae
1134 4296 1236 4340 omues
1257 4297 1287 4340 rs
1312 4296 1390 4353 vera,
1414 4286 1475 4338 tum
1496 4283 1586 4341 adam
1600 4280 1652 4343 Sol
1674 4281 1712 4343 ad
1734 4299 1791 4360 ap·
1924 4281 1932 4294 “

435 4374 615 4451 parentam,
647 4372 822 4446 utinquam
844 4368 969 4428 circulus
993 4370 1049 4428 iste
1074 4367 1223 4428 dividatur
1245 4368 1283 4429 ab
1306 4370 1479 4445 apparentia
1499 4371 1584 4446 primi
1607 4371 1737 4446 eorporis
1758 4371 1789 4427 iu

435 4465 536 4536 partes
556 4459 775 4519 numerositatis
795 4457 991 4516 harmonicae.
1028 4453 1098 4515 Janr
1121 4472 1190 4516 vero
1212 4473 1350 4516 numerus
1372 4456 1518 4531 minimus,
1541 4457 1592 4533 qui
1615 4475 1647 4518 aa
1669 4456 1791 4533 praebat

435 4544 666 4608 detornriuandis
687 4546 823 4606 omuibus
845 4544 978 4622 partibus
993 4543 1184 4604 monochordi
1198 4544 1237 4604 ad
1251 4543 1486 4604 constituendum
1501 4551 1631 4622 systema
1644 4542 1789 4622 diapason

435 4633 562 4714 duplex,
593 4633 651 4694 hoe
680 4642 726 4695 est
747 4640 777 4694 et
798 4632 896 4693 mollis
919 4639 949 4692 et
971 4629 1035 4690 duri
1058 4638 1177 4705 motus,
1208 4631 1256 4692 hie
1278 4633 1396 4708 inquam
1419 4639 1623 4692 numerasset
1646 4634 1725 4706 tuo,
1756 4639 1789 4691 ut
1879 4703 1885 4708 ¹

435 4723 666 4784 dmonstratnm
689 4729 733 4782 est
755 4720 805 4781 lib.
829 4720 885 4779 ill.
908 4718 1049 4779 Hermon.
1073 4735 1138 4796 cap
1163 4721 1192 4778 6.

523 4808 622 4885 Quare
645 4825 712 4870 enm
734 4809 864 4867 omnium
886 4806 1069 4885 planetarum
1093 4814 1200 4879 motus,
1222 4813 1256 4865 ut
1277 4806 1328 4865 lib.
1347 4805 1383 4865 V.
1399 4804 1644 4867 Harmonicornm
1666 4805 1790 4867 damon-

433 4905 505 4971 stro,
528 4896 567 4956 sd
591 4895 647 4957 boc
670 4903 800 4973 systema
816 4894 923 4972 duplex
938 4892 1300 4968 esseutaccomruodandi,
1324 4900 1550 4954 consentaneum
1566 4895 1630 4968 tuit,
1652 4900 1686 4953 ut
1700 4895 1789 4952 etiam

434 4988 561 5063 primum
583 5001 697 5061 eorpus,
722 4983 801 5059 quod
824 4985 968 5060 choragus
990 4989 1068 5043 esset
1090 4981 1179 5059 hoJus
1200 4983 1343 5053 musicae,
1368 4983 1540 5058 apparentia
1560 4998 1633 5041 suae
1656 4980 1789 5039 diametri

434 5076 463 5132 iu
479 5071 579 5133 Terris
601 5070 747 5132 divideret
767 5070 918 5145 terricolis,
943 5069 971 5129 iri
994 5078 1040 5129 est
1060 5069 1291 5147 contemplatrici
1307 5077 1466 5142 creaturae,
1489 5068 1627 5132 circulum
1651 5066 1733 5126 ilium
1755 5075 1790 5126 ut

433 5158 562 5222 indicem
576 5166 607 5221 ct
619 5175 786 5220 mensuram
800 5159 990 5238 apparentiae
1004 5157 1393 5228 momumherrnonteorurn,
1418 5155 1561 5216 divisione
1586 5152 1788 5230 monochordi,

434 5247 466 5312 id
488 5257 535 5314 am
555 5250 587 5310 ln
609 5253 711 5337 partas
733 5248 804 5323 vau,
827 5245 907 5326 quod
929 5250 974 5306 ast
996 5245 1042 5305 bis
1064 5245 1145 5324 000,
1161 5252 1206 5308 ter
1228 5245 1301 5318 tto,
1324 5251 1430 5326 qnater
1448 5245 1519 5314 180,
1542 5242 1698 5323 quinquies
1716 5243 1789 5316 itt,
