4459 6275
958 787 1130 843 Prooemium
1143 787 1274 845 Editorit.
1304 844 1305 848 ,
1776 790 1796 857 9

438 965 634 1044 hypotheses.
679 963 906 1026 Revolutionem
928 967 1035 1029 Terrae
1058 967 1192 1027 diurnam
1219 967 1296 1028 circa
1324 984 1410 1027 suum
1432 986 1517 1030 axem
1540 976 1689 1044 astruens,
1719 969 1798 1029 veri-

436 1053 535 1114 simile
558 1070 622 1114 esse
645 1060 753 1124 censat,
776 1054 904 1131 reliquos
927 1073 1045 1132 quoque
1067 1055 1202 1133 planetas
1226 1057 1356 1115 converti
1379 1058 1456 1118 circa
1476 1074 1548 1117 suos
1571 1075 1650 1117 axes.
1689 1057 1798 1118 Terrae

439 1142 643 1219 ,gyrationis“
676 1158 766 1201 causa
797 1145 902 1218 partim
932 1145 961 1201 in
991 1146 1057 1220 ipsa
1086 1143 1206 1204 Tellure
1238 1143 1406 1219 quaerenda
1437 1151 1501 1218 est,
1533 1146 1640 1221 partim
1664 1147 1692 1203 iu
1715 1144 1794 1206 Sole.

436 1229 539 1303 Terra,
563 1231 596 1286 vi
617 1230 737 1289 motrice
760 1231 873 1290 interna
895 1230 1031 1308 impulsa,
1054 1247 1152 1290 annno
1175 1232 1272 1307 spatio
1295 1230 1375 1291 solas
1388 1233 1451 1292 360
1466 1233 1665 1292 revolutiones
1680 1231 1798 1303 laceret,

438 1319 490 1392 qui
512 1333 650 1376 numerus
673 1316 870 1394 archetypalis
892 1326 939 1377 est
960 1328 989 1377 et
1008 1319 1173 1379 rationibus
1185 1318 1361 1377 harmonicis
1377 1320 1558 1396 conjunctus,
1582 1320 1711 1396 reliquae
1729 1314 1795 1404 5¹),

397 1457 401 1463 .
436 1404 640 1464 revolutiones
662 1403 806 1464 accedunt
827 1415 945 1481 propter
967 1405 1168 1481 adjumentum
1193 1424 1228 1466 ex
1251 1404 1330 1465 Sole.
1374 1406 1441 1466 Hoc
1457 1407 1796 1467 incitamentumaSole

436 1494 562 1552 veniens
585 1492 744 1551 verisimile
767 1500 812 1551 est
833 1492 895 1552 lieri
917 1492 1065 1553 mediante
1087 1491 1166 1553 Solis
1188 1491 1306 1566 lumine,
1332 1493 1410 1570 quod
1426 1494 1537 1554 Telluri
1553 1495 1721 1569 mtunditur,
1744 1512 1797 1571 per

437 1578 683 1640 illuminationem
705 1579 911 1656 hemisphaerii
934 1580 1014 1655 ejus:
1036 1581 1161 1658 physica
1182 1582 1321 1657 aequatio
1344 1583 1483 1658 temporis
1505 1582 1636 1658 postulat
1651 1585 1798 1659 inaequa-

439 1666 485 1726 les
507 1667 616 1726 Tenue
638 1665 838 1726 revolutiones
861 1668 993 1742 diumss3
1026 1669 1200 1727 illuminatio
1222 1685 1293 1728 vero
1315 1668 1422 1729 Terrae
1445 1669 1528 1728 tortis
1552 1669 1599 1729 vel
1623 1669 1728 1730 debilis
1750 1676 1796 1730 est

437 1757 468 1813 in
491 1753 712 1814 intervallorum
735 1758 931 1831 proportione,
955 1773 1046 1832 quaro
1070 1757 1156 1833 copia
1178 1754 1297 1815 luminis
1319 1773 1433 1833 semper
1457 1759 1573 1817 varians
1597 1765 1667 1834 apta
1689 1765 1733 1816 est
1756 1755 1795 1817 ad

437 1841 667 1917 dispensandam
688 1860 741 1919 per
762 1860 870 1901 annum
882 1842 958 1903 hanc
968 1843 1219 1916 accelerationem,
1241 1861 1317 1920 quae
1333 1845 1407 1903 inter
1418 1844 1480 1904 dies
1495 1845 1626 1920 singulos
1643 1844 1798 1904 distributa

440 1929 563 1989 exhibet
591 1929 672 1988 illam
699 1932 905 2005 aequationem
933 1934 1081 2007 temporis.
1127 1931 1338 1991 Revolutiones
1370 1929 1498 1990 omnium
1525 1933 1708 2008 planetarum
1730 1934 1794 2009 pri-

439 2019 598 2076 mariorum
621 2019 697 2077 cient
718 2035 771 2094 per
794 2019 960 2097 ,specicm“
985 2019 1114 2096 corporis
1137 2021 1183 2076 sui
1207 2017 1409 2079 circumvoluti
1438 2037 1602 2095 egressam,
1633 2037 1727 2096 acque
1759 2036 1795 2081 ac
1822 2038 1824 2043 ·

440 2103 493 2163 Sol
516 2107 599 2180 ipse,
629 2104 764 2181 planetas
787 2104 976 2165 secundarios
997 2102 1121 2185 (Lunae)
1143 2105 1347 2181 efficiuntque,
1377 2115 1409 2166 ut
1432 2107 1596 2183 secundarii
1619 2108 1649 2164 in
1673 2106 1796 2166 eandem

438 2192 559 2269 plagam
582 2200 750 2268 sequentur.
797 2191 844 2251 Ad
866 2193 941 2252 hane
964 2210 1033 2252 vero
1056 2196 1117 2253 vim
1140 2196 1293 2253 motorium
1315 2194 1499 2271 planetarum
1521 2196 1721 2271 primariorum
1746 2212 1798 2254 ac·

441 2278 522 2339 cedit
545 2281 590 2339 vis
613 2298 629 2341 e
652 2278 721 2340 Sole
746 2281 874 2353 veniens,
897 2279 977 2339 illam
1001 2282 1029 2338 in
1053 2280 1206 2340 movendis
1229 2281 1409 2341 secundariis
1425 2280 1588 2358 adjuvans;
1612 2282 1642 2341 id
1657 2283 1799 2359 probatur

438 2385 492 2444 per
515 2367 751 2426 observationem
774 2367 940 2445 Tychouis,
974 2367 1052 2444 quod
1076 2369 1161 2427 Luna
1183 2370 1211 2426 iu
1236 2368 1351 2445 copulis
1372 2386 1486 2446 semper
1508 2369 1628 2429 celerior
1651 2369 1712 2443 fiat,
1736 2376 1798 2429 tar-

441 2454 507 2514 dior
529 2456 558 2512 in
583 2454 717 2530 quadris,
745 2472 833 2529 quam
856 2455 911 2514 lert
932 2458 1007 2514 ratio
1030 2458 1201 2528 samnitici,
1224 2459 1288 2515 siue
1311 2465 1445 2534 respectu
1469 2456 1672 2517 distantiarum
1696 2456 1798 2516 Lunae

439 2542 573 2601 aTerra
596 2544 745 2620 (semotio
767 2540 939 2620 Tychonis).
984 2541 1051 2617 Qus
1074 2545 1186 2602 ratione
1209 2551 1238 2602 et
1261 2544 1368 2620 quibus
1392 2545 1428 2603 da
1452 2546 1549 2603 causis
1572 2544 1645 2604 haec
1667 2553 1799 2604 motuum

439 2629 543 2690 hunae
567 2628 763 2705 inaequalitas
787 2630 971 2706 dispensetur
985 2631 1191 2706 explicaturus,
1215 2633 1256 2690 sic
1274 2632 1422 2691 exorditur
1436 2631 1596 2707 Keplerus:
1620 2633 1709 2690 nulla
1721 2649 1800 2707 pars

435 2717 582 2794 physicae
604 2718 731 2776 coelestis
752 2717 809 2776 boc
823 2720 898 2795 ,ipso
921 2717 1074 2795 difficilior
1094 2719 1158 2795 suit
1178 2719 1341 2793 crplicotu.
1387 2717 1471 2794 Quae
1495 2718 1703 2778 demonstratio
1734 2737 1799 2779 cum

437 2805 544 2881 paucis
574 2812 703 2880 nequeat
730 2807 872 2881 proponi,
903 2803 1040 2865 lectorem
1071 2805 1244 2881 ablegamus
1273 2805 1312 2865 ad
1335 2805 1407 2865 lolia
1428 2809 1519 2882 partis
1542 2806 1630 2882 hujus
1651 2806 1798 2866 secundae

437 2899 597 2970 postrema,
621 2892 727 2968 quibus
750 2891 959 2952 demonstratio
982 2891 1034 2952 illa
1060 2892 1233 2952 absolvitur.

529 2980 612 3039 Pure
633 2981 732 3038 terlio.
777 2980 824 3039 De
855 2980 1065 3055 inaequalitate
1091 2988 1223 3039 motuum
1252 2978 1445 3056 planetarum.
1489 2981 1719 3057 Inaequalitales
1741 2980 1798 3040 hae

439 3075 509 3126 eunt
541 3067 647 3144 partim
680 3083 785 3140 verae,
816 3068 922 3146 partim
954 3068 1131 3144 proveniunt
1163 3085 1199 3126 ex
1231 3067 1312 3126 visus
1341 3066 1475 3145 fallacia3
1508 3067 1610 3128 addita
1639 3074 1684 3128 est
1713 3075 1797 3128 vete-

438 3173 502 3214 rum
538 3156 684 3215 sententia
712 3154 747 3215 de
777 3156 823 3215 his
853 3156 1111 3231 inaequalitatibus
1144 3163 1173 3215 et
1209 3157 1302 3231 ipsius
1339 3156 1469 3232 Kepleri.
1515 3157 1625 3217 Terrae
1649 3155 1797 3224 Gllberlus

437 3245 467 3301 io
494 3241 703 3319 ,philosophia
724 3244 909 3319 magnetica“
934 3244 1036 3302 tribuit
1058 3250 1192 3303 naturam
1214 3245 1423 3319 magneticsm:
1448 3244 1530 3320 quod
1551 3241 1647 3321 ipiticr
1661 3252 1703 3304 cet
1716 3262 1799 3304 unus

437 3349 474 3391 cu
495 3332 666 3406 primariis,
695 3329 795 3389 Tellus
815 3347 932 3407 nnnpe,
956 3331 990 3390 id
1011 3348 1070 3390 csse
1091 3349 1344 3407 unumquemque
1366 3334 1602 3407 primariorum,
1627 3332 1797 3391 absurdum

436 3435 637 3494 nequequam
659 3424 701 3476 cst
720 3436 776 3477 nec
798 3418 980 3477 incredibile.
1026 3418 1211 3495 comparatis
1226 3419 1410 3495 planetarum
1433 3420 1602 3497 corporibus
1625 3437 1690 3478 cum
1713 3437 1798 3495 mag-

437 3506 572 3578 netibus,
601 3506 709 3580 quibus
729 3505 895 3564 tribuuntur
914 3505 1023 3582 fibros,
1054 3523 1131 3581 quae
1155 3509 1183 3564 in
1206 3506 1389 3582 planetarum
1413 3508 1583 3583 corporibus
1606 3508 1740 3567 similiter
1762 3524 1798 3567 ac

437 3595 467 3651 iu
489 3602 630 3668 magnete
652 3591 831 3652 distributae·
847 3600 1043 3667 assumuntur,
1066 3602 1164 3653 motus
1186 3593 1368 3669 planetarum
1390 3596 1433 3653 sio
1456 3594 1652 3671 explicantur:
1676 3593 1796 3671 quando

438 3681 577 3741 librarum
600 3682 828 3756 magnetiearum
852 3687 975 3756 utraque
998 3688 1128 3740 extrema
1150 3681 1312 3757 aequaliter
1342 3700 1361 3741 a
1390 3680 1459 3741 Sole
1490 3681 1614 3755 distant,
1646 3690 1716 3741 tunc
1742 3680 1796 3741 Sol

439 3786 494 3828 nec
517 3766 639 3844 expellit
661 3769 809 3843 planetam
832 3784 887 3827 nec
908 3768 1014 3831 allicit.
1044 3777 1199 3844 promovet
1228 3785 1298 3827 vero
1327 3769 1410 3827 illurn
1431 3772 1576 3829 rotatione
1599 3770 1645 3828 sui
1667 3759 1796 3844 corporis

437 3865 468 3917 ot
490 3858 603 3933 speciei
626 3858 766 3929 emissae,
797 3854 853 3914 hoc
879 3867 967 3932 pacto
989 3864 1124 3932 promoto
1147 3855 1279 3932 planete,
1307 3855 1444 3915 fibrarum
1467 3865 1596 3917 extrema
1619 3856 1686 3931 illa,
1717 3874 1794 3931 quae

437 3944 502 4004 Soli
525 3945 621 4024 amica
642 3950 724 4016 sunl,
755 3942 899 4020 paulatim
921 3943 1111 4003 obvertuntur
1134 3942 1212 4002 Soli:
1244 3949 1313 4002 tunc
1334 3943 1440 4019 globus
1463 3946 1566 4021 incipit
1588 3961 1606 4003 a
1628 3943 1697 4004 Sole
1720 3944 1796 4002 trahi

436 4040 465 4093 et
489 4034 649 4090 introrsum
673 4047 775 4089 versus
798 4030 897 4090 Solem
918 4032 1069 4107 recipitur,
1100 4030 1183 4091 velut
1211 4031 1240 4087 in
1263 4033 1460 4106 angustiorem
1484 4033 1628 4091 ambitum
1651 4041 1680 4091 et
1702 4033 1796 4090 virtu-

437 4128 496 4180 tem
520 4125 707 4196 prensantem
730 4117 895 4192 fortiorem3
927 4118 1086 4177 tortissima
1107 4125 1153 4178 est
1174 4118 1249 4177 haee
1271 4120 1380 4191 virtus,
1402 4122 1429 4179 si
1451 4121 1546 4180 amica
1567 4119 1704 4196 planetae
1727 4136 1795 4195 pars

437 4214 502 4268 tota
524 4206 565 4265 ad
589 4204 688 4265 Solem
711 4222 854 4265 conversa
863 4212 916 4279 est,
941 4204 1028 4266 idest
1048 4207 1074 4265 si
1097 4205 1187 4266 fibrae
1210 4210 1393 4281 magnetibus
1415 4215 1495 4268 recta
1518 4206 1680 4283 diriguntur
1702 4208 1732 4264 in
1749 4207 1797 4283 ip·

436 4313 500 4354 sum
523 4294 635 4354 Solem.
680 4292 756 4352 Hinc
779 4296 875 4370 pergit
897 4310 1024 4353 crescere
1048 4292 1188 4354 velocitas
1201 4292 1291 4368 globi,
1315 4296 1424 4371 quippe
1441 4293 1625 4355 decrescente
1642 4294 1796 4354 intervallo

436 4384 512 4442 inter
534 4381 635 4442 Solem
658 4387 687 4440 el
709 4380 879 4458 planetam3
898 4382 1013 4440 iuterim
1036 4397 1107 4440 vero
1130 4398 1181 4457 per
1203 4398 1388 4457 progressum
1411 4382 1549 4458 planetae
1571 4388 1701 4441 mutatur
1723 4383 1796 4441 situs

435 4470 584 4543 librarum,
608 4486 684 4545 quae
707 4469 763 4527 sibi
786 4470 857 4545 ipsis
880 4485 995 4545 semper
1016 4468 1175 4545 parallelae
1198 4475 1317 4528 manent
1338 4488 1391 4546 per
1412 4478 1505 4530 toturn
1522 4469 1622 4530 circuli
1637 4470 1795 4529 ambitum:

435 4560 549 4617 amicae
571 4555 709 4615 librarum
733 4564 831 4632 partes
854 4558 948 4633 magis
970 4560 1122 4632 magisque
1146 4574 1162 4615 e
1185 4554 1263 4615 Solis
1294 4566 1451 4634 conspectu
1485 4561 1623 4630 veniunt,
1660 4558 1796 4618 inimicae

434 4645 477 4704 illi
501 4646 709 4716 obvertuntur,
741 4643 848 4718 donec,
879 4643 1000 4704 dimidia
1029 4645 1166 4703 circuitus
1188 4651 1270 4720 parte
1292 4652 1425 4720 peracte,
1459 4644 1535 4710 idem
1558 4647 1632 4704 situs
1656 4644 1793 4705 librarum

435 4734 544 4805 existit,
570 4733 621 4807 qui
644 4733 725 4791 initio
749 4738 854 4791 motus.
899 4732 1101 4792 Tunc'eessat
1124 4733 1227 4791 iterum
1251 4735 1345 4791 omnis
1368 4732 1503 4792 librarum
1525 4740 1667 4793 attractus
1682 4740 1711 4794 et
1725 4732 1793 4810 pla·

433 4827 503 4880 neta
527 4826 573 4880 est
595 4817 658 4878 Soli
683 4819 887 4890 vicinissimus,
911 4837 1001 4897 quare
1024 4818 1204 4892 celerrimus,
1229 4822 1338 4896 quippe
1362 4822 1462 4880 virtuti
1485 4821 1598 4879 motrici
1622 4819 1701 4880 Solis
1723 4837 1795 4897 pro·

433 4911 540 4967 ximus.
586 4906 692 4966 Statim
715 4914 813 4966 autem
835 4908 941 4984 globus
963 4914 1181 4984 praetervectus
1204 4908 1281 4967 bunc
1303 4907 1420 4981 locum,
1449 4907 1587 4968 librarum
1609 4916 1707 4984 partos
1730 4906 1794 4967 dis-

434 4995 537 5057 cordes
562 5011 665 5054 versus
681 4993 780 5055 Solem
803 4994 888 5073 dirigi
912 4997 1069 5072 incipiunt,
1093 5011 1184 5070 quare
1206 4995 1326 5071 planete
1349 5014 1367 5055 a
1390 4995 1459 5055 Sole
1481 4995 1617 5055 recedere
1640 4995 1742 5071 incipit
1764 5002 1794 5055 et

434 5101 499 5145 eam
523 5083 562 5142 ob
586 5099 705 5142 causam
726 5082 835 5143 lentius
867 5082 999 5143 incedere
1030 5084 1145 5159 incipit,
1176 5082 1269 5143 donec
1297 5083 1327 5140 in
1355 5082 1451 5142 medio
1475 5081 1594 5142 secundi
1617 5082 1793 5142 semicirculi

434 5174 464 5230 iu
486 5170 586 5231 media
608 5171 741 5229 consistit
764 5170 902 5231 distentia
922 5170 1033 5245 aSole,
1058 5169 1127 5230 dum
1151 5176 1244 5229 totum
1266 5170 1349 5245 globi
1371 5170 1616 5247 hemisphaerium
1639 5171 1792 5231 inimicum

435 5276 537 5321 versus
567 5256 667 5319 Solem
695 5257 841 5335 dirigitur,
870 5266 900 5321 et
926 5257 1066 5319 mediocri
1095 5258 1243 5320 celeritate
1272 5257 1466 5337 progreditur.
1511 5257 1582 5321 Jom
1605 5268 1693 5333 vero,
1716 5257 1794 5322 ultra
