4459 6275
838 736 922 795 hiber
938 736 1067 807 Quartus.
1104 736 1252 795 Praefatio.
1659 750 1735 812 805‘

362 937 525 998 musque
547 935 668 981 numero
684 914 868 992 caaedidcnt,
891 919 951 994 qui,
972 905 1101 997 inquam,
1125 934 1196 979 suos
1211 916 1371 998 discipulos
1387 918 1426 979 ud
1441 927 1625 998 astronomos
1639 925 1726 985 abls·

351 1017 422 1088 ‘gat
446 1011 497 1086 qui
519 1008 697 1069 astronomis
720 1007 879 1067 testimonii
901 1003 1018 1082 pondus
1034 1007 1282 1066 etauctoritatem
1298 1005 1398 1081 defert,
1422 1026 1571 1085 nunquam
1586 1011 1721 1088 equidem

360 1114 457 1174 neque
479 1092 653 1174 'l'ychonem
676 1092 790 1166 Brabe,
812 1110 910 1169 neque
933 1095 1023 1155 etium
1045 1111 1092 1153 me
1114 1092 1337 1171 repudiaturus,
1360 1096 1386 1153 si
1409 1094 1508 1156 fatalis
1531 1098 1583 1160 illa
1605 1098 1722 1159 soculo-

361 1203 427 1245 rurn
456 1187 619 1245 necessitas
650 1181 824 1257 conjunctos
854 1197 908 1241 nos
936 1178 1076 1240 dedisset.
1122 1179 1217 1241 anet
1238 1183 1316 1241 euim
1339 1185 1505 1259 percontari
1528 1202 1565 1245 er
1587 1196 1721 1264 utroque,

359 1282 423 1333 tam
446 1290 482 1333 ca
504 1270 644 1341 Eudoxo,
668 1283 757 1342 quarn
779 1285 815 1327 ex
837 1265 979 1345 calippo,
1003 1284 1129 1344 quorum
1151 1267 1225 1329 alter
1247 1267 1371 1329 alterum
1395 1282 1569 1348 correxerat,
1591 1274 1622 1334 id
1646 1283 1724 1336 esset
1797 1298 1801 1305 ·

360 1360 452 1421 hodie
474 1366 534 1419 tarn
548 1374 593 1423 ,ox
614 1354 787 1420 Ptolemaeo
811 1370 900 1430 quam
924 1373 960 1415 ex
983 1353 1142 1432 Tychon03
1171 1357 1256 1432 sequi
1283 1374 1354 1417 vero
1377 1374 1435 1416 non
1460 1361 1554 1434 inquit
1578 1363 1723 1422 vetustio-

358 1466 423 1522 raa,
459 1443 512 1505 scd
540 1442 748 1504 accuratiores.
775 1459 777 1467 ’
800 1441 907 1519 ltaque
935 1444 961 1503 si
989 1442 1165 1502 Aristoteles
1193 1442 1323 1522 Principi
1350 1447 1529 1521 aequissimo
1559 1447 1639 1508 cordi
1668 1456 1722 1523 est,

359 1530 553 1596 Aristotelem
574 1547 630 1608 ego
653 1535 759 1591 testem
780 1531 873 1604 sisto,
903 1529 977 1590 nihil
999 1530 1056 1589 sibi
1078 1530 1189 1590 iactuni
1211 1531 1352 1608 injuriae,
1376 1533 1401 1591 si
1423 1539 1608 1594 astronomus
1630 1553 1722 1614 argu·

358 1621 468 1682 mentis
495 1620 532 1679 iis
561 1635 645 1691 usus,
678 1634 755 1695 quae
783 1619 927 1678 recentior
955 1623 1039 1678 aetas
1063 1616 1099 1678 de
1123 1616 1206 1677 coelo
1229 1618 1365 1696 protulit,
1395 1628 1474 1680 ortas
1497 1623 1526 1679 in
1549 1623 1614 1700 ipso
1637 1624 1722 1684 coslo

359 1715 512 1770 creaturas
536 1712 787 1782 vanescentesque
806 1722 908 1765 ,rursus
930 1703 1089 1779 indicarit,
1113 1713 1327 1783 contraquam
1352 1706 1393 1765 iili
1417 1710 1522 1783 risum,
1546 1711 1655 1788 quippe
1671 1713 1723 1787 qul

361 1796 576 1875 experientiam
598 1792 717 1870 quidem
740 1792 899 1870 allegabat,
922 1792 974 1852 sed
997 1810 1063 1853 earn
1084 1809 1143 1852 non
1166 1796 1239 1852 satis
1261 1790 1403 1871 longana
1746 1791 1754 1805 ‘

451 1880 539 1958 Quod
560 1879 728 1942 academiae
750 1882 865 1950 attinet,
887 1888 956 1941 sunt
979 1879 1047 1940 illae
1070 1878 1253 1941 introductae
1268 1881 1306 1941 ad
1322 1880 1475 1942 formanda
1490 1881 1589 1943 studia
1603 1884 1721 1944 discen·

360 1973 446 2043 tium,
471 1977 502 2029 et
521 1972 652 2043 interest,
676 1967 758 2045 leges
782 1966 905 2027 docendi
927 1984 986 2027 non
1009 1968 1110 2027 crebro
1133 1971 1259 2028 mutari:
1282 1970 1342 2043 ubi,
1367 1972 1438 2047 qnia
1459 1968 1496 2029 de
1510 1970 1642 2048 proiectu
1659 1971 1721 2039 dis-

361 2059 492 2120 centium
512 2058 618 2134 agitur,
642 2056 807 2132 frequenter
830 2055 871 2128 lit,
895 2063 927 2114 ut
949 2057 1007 2114 sint
1029 2053 1176 2132 eligenda,
1200 2072 1258 2117 non
1282 2073 1358 2133 quae
1379 2059 1542 2131 verissima,
1566 2058 1618 2119 sed
1642 2075 1718 2135 quaa

359 2144 514 2208 facillima,
558 2141 625 2220 Quo
648 2141 684 2203 de
706 2159 802 2203 rerum
825 2141 991 2203 discrimine
1012 2145 1047 2202 ut¹
1068 2143 1152 2203 varia
1173 2150 1242 2203 sunt
1265 2146 1413 2204 rariorum
1431 2144 1560 2221 judicia,
1584 2148 1627 2206 ita
1647 2164 1720 2207 con·

359 2235 450 2311 tingit
476 2233 579 2308 etlam,
609 2229 753 2308 quosdam
782 2239 897 2307 praeter
920 2231 1087 2308 opinionem
1110 2247 1196 2290 suam
1217 2248 1324 2293 errare.
1368 2230 1443 2291 Mihi
1466 2232 1585 2309 quidem
1608 2235 1717 2295 veritas

358 2320 397 2382 de
419 2327 526 2381 natura
548 2317 622 2380 coeli
644 2316 779 2379 mutabili
803 2316 954 2377 commode
978 2316 1075 2377 doceri
1096 2335 1183 2396 posse
1199 2317 1332 2393 videtur3
1355 2319 1433 2378 alius
1451 2318 1577 2396 judicat,
1599 2330 1715 2399 pertur-

359 2409 423 2469 bari
453 2407 522 2468 hoc.
540 2404 677 2484 dogmate
708 2402 853 2467 discentes
881 2422 976 2482 aeque
998 2413 1089 2481 atque
1110 2403 1260 2466 docentes.
1305 2405 1366 2467 Sed
1388 2423 1442 2467 nec
1464 2425 1520 2467 usu
1542 2423 1597 2468 sno
1622 2418 1710 2482 caret,

359 2495 502 2574 explicari
532 2492 569 2555 de
599 2492 788 2572 philosophia
809 2492 978 2555 Aristotelis
1004 2497 1094 2554 etiam
1123 2492 1190 2553 illas
1216 2500 1332 2571 partes,
1363 2511 1438 2570 quae
1467 2502 1535 2554 sunt
1557 2497 1713 2556 manifesto

360 2584 465 2658 ialsae,
488 2589 521 2643 ut
542 2589 611 2643 suut
632 2581 684 2642 illa
704 2579 756 2641 lib.
780 2579 864 2641 VIII.
887 2580 1081 2658 Physicorum
1104 2579 1140 2640 de
1163 2587 1245 2641 motu
1268 2587 1298 2641 et
1318 2579 1370 2644 lib.
1394 2581 1434 2643 ll.
1459 2580 1655 2656 Coelcstium,
1680 2582 1715 2644 de

361 2671 437 2732 coeli
461 2671 554 2749 ipsius
576 2670 762 2731 aeternitates
794 2675 827 2729 ut
847 2686 887 2729 sc.
912 2669 1026 2728 institui
1047 2669 1143 2745 possit
1165 2667 1286 2728 collatio
1309 2670 1383 2729 inter
1404 2667 1622 2747 philosophiam
1644 2688 1719 2747 gen·

361 2758 461 2821 tilium
483 2766 514 2819 et
536 2760 689 2818 raritatem
712 2755 896 2817 Christianae
920 2755 1079 2817 doctrinae.
1123 2755 1189 2816 Nou
1212 2757 1310 2832 igitur,
1335 2756 1361 2816 si
1383 2757 1506 2818 subtilia
1527 2757 1670 2819 nonnulla
1691 2764 1721 2818 et

363 2855 455 2925 captu
483 2844 617 2925 difficilia
635 2845 760 2922 proponi
790 2859 848 2903 non
872 2843 980 2904 debent
1001 2837 1226 2921 incipientibus,
1258 2848 1310 2903 aut
1331 2845 1358 2904 sl
1378 2861 1437 2903 non
1459 2843 1650 2922 praeferenda
1672 2863 1720 2907 re-

363 2928 461 3013 ceptis
482 2941 513 2994 ct
534 2934 723 3006 necessariis,
753 2930 806 2992 illa
836 2939 992 3009 propterea
1014 2947 1110 3008 neque
1133 2930 1221 2991 scribi
1243 2947 1338 3008 nequo
1360 2934 1498 3009 privatim
1520 2932 1579 3009 legi
1602 2932 1718 2994 debent

362 3021 482 3083 Paucas
504 3019 670 3083 academias
692 3020 869 3093 numerabis,
894 3022 924 3077 in
947 3020 1054 3096 quibus
1076 3018 1141 3095 lege
1164 3027 1313 3096 receptum
1332 3019 1380 3092 sit,
1404 3019 1542 3097 explicari
1558 3019 1719 3098 hletaphy-

362 3111 457 3171 aleam
483 3107 664 3169 Aristotelis:
696 3109 812 3185 scripsit
834 3115 932 3168 turnen
964 3115 994 3167 et
1015 3105 1251 3185 Metaphysicam
1275 3100 1450 3182 Aristoteles
1480 3125 1606 3185 eamque
1634 3106 1720 3185 judi-

363 3200 449 3260 cibus
472 3199 602 3257 omnium
623 3195 798 3256 facultatum
821 3194 990 3256 doctoribus
1012 3195 1206 3255 utilissimam.
1250 3193 1309 3255 ch
1331 3196 1433 3272 igitur,
1463 3203 1497 3255 ut
1522 3212 1608 3257 nemo
1631 3195 1720 3257 Saro-

363 3289 485 3346 niasimo
507 3286 581 3345 uitio
604 3290 715 3355 vertet,
734 3286 760 3343 si
782 3282 998 3344 academiarum
1021 3282 1104 3359 leges
1127 3290 1262 3359 tueatur,
1284 3284 1309 3342 si
1332 3282 1473 3344 honorem
1496 3285 1586 3344 etiam
1609 3281 1719 3344 acade-

361 3375 518 3445 micorum,
550 3374 605 3432 etsi
623 3370 737 3449 jndicio
759 3371 834 3430 lorte
857 3371 1059 3449 peccaverint,
1083 3379 1185 3431 contra
1207 3386 1343 3431 masuras
1365 3379 1622 3448 praesumtuosos,
1646 3388 1719 3431 eon·

360 3468 407 3521 tra
437 3462 580 3520 rixatores
607 3460 789 3536 importunos
820 3457 1034 3519 defendendum
1062 3460 1225 3519 existimet:
1256 3460 1299 3518 ita
1322 3459 1450 3519 vicissim
1473 3457 1560 3519 etde
1583 3459 1719 3536 Principe

360 3548 579 3626 sapientissimo
602 3546 674 3607 mlhl
696 3546 776 3607 haud
799 3544 885 3606 facile
908 3544 1078 3624 persuaderi
1100 3548 1175 3619 sino,
1199 3545 1257 3606 hoe
1278 3544 1361 3605 illurn
1372 3548 1546 3623 petiturum,
1569 3555 1603 3607 ut
1618 3563 1720 3606 omnes

358 3634 478 3713 publice
505 3637 701 3714 privatimque
728 3643 866 3694 maneant
889 3635 966 3693 intra
992 3633 1047 3694 hos
1070 3633 1257 3695 academicae
1280 3633 1485 3712 philosophiae
1508 3633 1633 3709 limites,
1665 3650 1720 3694 nec
1786 3699 1790 3709 ¹

357 3726 519 3801 quisquam
539 3723 676 3800 privatim
699 3720 735 3782 de
757 3719 937 3800 proferendis
959 3720 1028 3796 illis,
1052 3720 1109 3782 hoc
1132 3728 1178 3782 est
1200 3721 1237 3781 de
1258 3721 1495 3784 manifestatione
1518 3738 1639 3800 operum
1662 3721 1719 3782 Dei

358 3811 485 3873 laboret

333 3921 338 3934 ·
447 3898 490 3958 At
518 3914 614 3975 nequo
645 3895 682 3957 de
710 3894 791 3956 coelo
814 3889 880 3973 ipso
904 3895 1048 3973 pugnabit
1070 3893 1297 3968 serenissimum
1328 3896 1383 3954 scit
1406 3895 1496 3968 enim,
1528 3893 1719 3972 philosophos

359 3985 398 4048 de
422 3984 533 4046 risibili
554 3982 647 4062 loqui,
670 3983 817 4044 Christum
840 3982 876 4042 de
899 3980 1051 4057 invisibili,
1074 3999 1137 4055 seu,
1161 3989 1194 4041 ut
1209 3980 1329 4042 scholae
1344 3980 1504 4059 appellant,
1529 3982 1565 4042 do
1581 3998 1719 4059 empyreo

357 4073 509 4146 locutum,
541 4079 573 4133 ut
595 4088 666 4133 vero
689 4070 849 4132 Christiani
871 4065 1019 4147 simplices
1042 4071 1207 4146 accipiunt,
1236 4068 1273 4129 de
1295 4068 1416 4129 sedibus
1442 4070 1553 4140 beatis,
1583 4067 1622 4127 ad
1645 4085 1719 4144 quas

358 4160 444 4222 nulla
466 4178 594 4237 unquam
617 4161 765 4238 pertinget
787 4161 951 4234 corruptio,
974 4174 1040 4218 cum
1064 4155 1100 4217 de
1118 4156 1175 4216 hoc
1189 4163 1289 4216 nostro
1305 4156 1424 4230 risibili,
1447 4173 1505 4214 uou
1522 4155 1636 4235 Tycho,
1659 4172 1718 4215 non

355 4267 425 4326 ego,
447 4248 501 4310 aed
515 4246 648 4308 Christus
659 4249 721 4324 ipse
735 4248 922 4324 pronunciet:
951 4244 1075 4307 Mum
1090 4251 1119 4305 rt
1137 4244 1234 4305 Terra
1249 4243 1433 4322 tremibunt,
1457 4251 1486 4304 ct
1505 4241 1636 4304 Psaltes:
1660 4246 1721 4319 ipsi
1845 4243 1846 4250 ’

354 4346 392 4398 art
413 4339 625 4396 caementum
646 4342 846 4409 veterarceut,
877 4340 907 4394 et
928 4332 1047 4393 Petrus:
1077 4332 1228 4392 radicitus
1255 4332 1400 4394 telletum
1429 4338 1457 4390 ct
1478 4333 1548 4406 ipne
1569 4331 1718 4392 combusti

353 4426 522 4487 mameae.
567 4420 646 4499 Quid
669 4422 749 4501 quod
770 4440 807 4482 ns
829 4422 1033 4482 aeternitatem
1055 4418 1190 4497 quidem,
1218 4421 1244 4479 si
1267 4428 1360 4493 esset,
1383 4417 1565 4479 destruerent
1588 4421 1663 4490 istae
1687 4420 1717 4477 in

352 4512 442 4575 coelo
464 4511 668 4586 alterationes,
697 4527 756 4570 non
779 4511 890 4586 magis,
913 4526 1002 4586 quam
1024 4509 1117 4585 ipsius
1140 4507 1266 4569 Telluris
1288 4508 1508 4581 aeternitatem,
1532 4523 1627 4583 aeque
1650 4523 1717 4566 cro-

352 4599 450 4661 dltanr
471 4597 640 4671 Aristoteli,
672 4597 824 4658 destruunt
846 4595 1036 4657 alterationes
1059 4603 1229 4669 terrestres,
1253 4597 1362 4677 quippe
1384 4610 1527 4671 perennes
1551 4603 1580 4654 et
1603 4595 1633 4652 ln
1657 4595 1717 4668 cir-

352 4687 453 4764 amum
476 4685 641 4747 redeuutes.
679 4684 739 4746 Sed
761 4684 818 4744 hoc
841 4686 1004 4760 argumenti
1027 4701 1120 4760 genus
1143 4683 1216 4743 lorte
1238 4685 1361 4741 nimium
1382 4682 1545 4759 litigiosum
1568 4679 1717 4741 ridebitur

352 4777 382 4836 in
407 4773 605 4836 Aristotelem.
653 4770 775 4834 Utamur
797 4774 886 4849 igitur
907 4773 1006 4849 potius
1028 4773 1121 4849 ipsius
1144 4772 1327 4844 testimonio,
1351 4772 1417 4846 qui,
1440 4786 1498 4828 non
1522 4768 1716 4845 undiquaque

353 4864 414 4924 sihi
441 4862 563 4937 similis,
602 4863 631 4920 in
660 4860 874 4938 Metaphysieis
907 4858 1025 4937 quidem
1056 4866 1168 4918 ructum
1199 4857 1375 4919 coelestibus
1408 4857 1578 4917 circularem
1613 4855 1718 4914 tribuit

354 4955 530 5030 propterte
555 4952 668 5028 ipsum,
700 4950 810 5010 moveri
840 4942 907 5024 ipsa
929 4945 1047 5008 tradens
1069 4953 1102 5006 ut
1125 4954 1313 5019 moveantur3
1342 4951 1375 5003 at
1396 4945 1424 5003 in
1447 4944 1531 5004 libris
1554 4942 1590 5003 de
1614 4939 1716 5006 coelo,

355 5038 444 5100 robus
466 5039 540 5116 ipsis
560 5036 745 5109 admonitus,
778 5037 877 5095 nescio
901 5033 974 5110 quid
996 5035 1091 5094 simile
1113 5035 1298 5094 terrestribus
1320 5036 1428 5092 nostris
1451 5034 1593 5108 negotiis,
1617 5028 1719 5088 rnulti-

355 5125 426 5204 plex
448 5125 480 5186 id
502 5131 532 5186 et
554 5126 765 5196 turbulentum,
787 5125 892 5195 astris,
910 5125 969 5181 imo
993 5138 1095 5183 eorum
1109 5123 1273 5182 motorihus
1289 5119 1399 5193 tribuit,
1423 5121 1531 5196 quibus
1546 5118 1590 5176 illi
1605 5115 1719 5174 machi-

354 5214 527 5277 nationibus
549 5221 580 5273 et
601 5213 730 5274 motibus
752 5212 839 5271 tinem
861 5208 953 5271 uliunr
977 5217 1061 5271 extra
1081 5218 1194 5270 motum
1222 5212 1318 5287 ipsum
1340 5216 1371 5268 et
1393 5213 1537 5286 quaerant
1558 5213 1589 5266 et
1611 5202 1719 5262 ittuai·
1781 5199 1784 5206 '

410 5314 507 5366 tantari
520 5313 604 5366 Opera
619 5312 659 5357 v1.
1469 5310 1511 5369 20
