4459 6275
510 787 574 849 303
731 835 735 842 .
1014 782 1156 879 Epitonuea
1173 782 1363 840 Autronoruiee

508 960 593 1036 redit,
616 959 679 1023 dice
702 964 825 1022 transire
848 961 907 1023 iere
929 962 1058 1041 triginta,
1081 963 1125 1023 eie
1147 968 1252 1038 tamen,
1277 970 1309 1023 nt
1332 962 1407 1024 decit
1422 961 1493 1024 huic
1513 979 1635 1025 numero
1657 962 1750 1042 panio
1771 963 1868 1023 εειεεε

510 1047 631 1110 dimidio
654 1048 720 1109 diei.
766 1048 879 1125 Quodsi
901 1057 1024 1128 uterque
1047 1066 1185 1111 nnmerue
1208 1056 1285 1111 'eeeet
1307 1052 1464 1130 praecisae,
1487 1052 1585 1112 tricies
1606 1051 1697 1129 igitur
1715 1053 1755 1112 tt
1771 1060 1868 1112 ment

512 1138 585 1197 860.
629 1136 724 1212 Igitur
753 1136 892 1198 zodiacus
915 1139 944 1196 iu
967 1136 1121 1198 duodecim
1143 1139 1275 1214 praecise
1297 1139 1383 1215 aigne
1403 1146 1501 1198 nectua
1523 1146 1586 1214 εει,
1618 1141 1737 1217 rignum
1760 1139 1793 1197 in
1816 1139 1867 1198 tri·

508 1226 591 1301 ginta
612 1226 744 1301 praeciae
766 1223 875 1302 gradus
898 1231 943 1285 εει
965 1224 1159 1299 subdivisum,
1183 1231 1213 1285 et
1234 1232 1349 1287 veterae
1374 1226 1415 1285 30
1436 1225 1582 1303 periectos
1604 1224 1668 1288 dica
1690 1242 1745 1305 pro
1769 1240 1868 1288 menae

512 1311 688 1372 habuerunt
1127 1372 1133 1393 ,
1810 1316 1815 1325 “

596 1397 803 1459 Duodenariue
826 1398 944 1476 quidem
966 1416 1104 1459 uumerus
1128 1400 1216 1459 etiam
1239 1399 1306 1460 ideo
1329 1406 1411 1460 tauto
1434 1401 1654 1461 convenientior
1676 1399 1805 1462 zodiaco
1825 1406 1870 1462 eat

513 1487 607 1562 visua,
638 1485 718 1563 quod
740 1486 789 1546 hie
811 1485 935 1547 circuiue
965 1488 1090 1565 primum
1113 1487 1152 1546 ab
1174 1495 1333 1563 aequatore
1354 1489 1386 1546 iu
1408 1487 1482 1548 duoe
1504 1489 1645 1565 aequales
1667 1486 1869 1548 mutarentur

391 1575 394 1581 '
510 1568 736 1647 meretrices,
765 1582 832 1651 poet
861 1575 899 1634 ab
923 1574 979 1635 hoc
1002 1582 1031 1635 ει
1053 1592 1072 1634 a
1095 1573 1219 1647 colmie,
1250 1573 1344 1635 altero
1366 1590 1417 1653 per
1438 1577 1589 1653 utriusque
1611 1574 1699 1654 polee
1721 1572 1869 1647 audacto,

509 1663 539 1718 in
562 1668 690 1739 quatuor
711 1660 853 1738 aequales
875 1661 1061 1739 quadranter.
1106 1659 1177 1722 Jam
1200 1678 1269 1722 aero
1292 1669 1414 1722 naturae
1439 1664 1577 1723 inetiuetu
1605 1661 1737 1724 eodemne
1759 1678 1867 1723 uuam·

511 1748 674 1826 quamlibet
696 1750 892 1824 quantitatem
914 1753 943 1808 in
967 1752 1023 1810 tria
1045 1747 1184 1822 dividere,
1210 1749 1238 1806 iu
1262 1750 1453 1828 principium,
1475 1750 1603 1810 medium
1625 1757 1657 1811 et
1677 1749 1783 1823 mem,
1812 1750 1869 1809 trie

511 1852 580 1896 vero
604 1843 709 1913 quater
731 1843 800 1895 eunt
818 1835 982 1897 duodecim.
1027 1836 1111 1896 Aliae
1134 1834 1305 1896 duodenarii
1320 1837 1542 1898 commoditates
1564 1835 1870 1899 eidointraiib.111.

510 1924 620 2001 etjam
643 1925 751 1984 atatim.

596 2011 646 2073 Sic
668 2026 806 2071 uumerue
830 2010 902 2084 360,
926 2010 982 2069 hoc
1005 2017 1050 2069 εει
1072 2009 1179 2071 divisio
1202 2009 1359 2086 cujuslibet
1380 2013 1456 2089 eigai
1478 2013 1509 2070 iu
1525 2012 1575 2085 30,
1599 2013 1689 2071 etiam
1711 2010 1781 2072 ideo
1802 2009 1871 2089 ple·

509 2100 585 2172 cuit,
616 2101 687 2176 qnia
709 2115 776 2157 cum
798 2113 891 2156 annue
914 2096 1026 2157 Solaria
1048 2097 1159 2157 habeat
1180 2096 1243 2157 diea
1266 2098 1329 2157 365
1353 2098 1400 2159 rei
1425 2100 1504 2173 366,
1528 2116 1622 2158 annue
1646 2114 1717 2160 vero
1740 2098 1869 2159 unaue

510 2202 564 2246 rou
587 2184 742 2244 duodecim
764 2201 879 2244 menaea
901 2183 1049 2244 naturales
1071 2183 1202 2244 habeant
1224 2184 1285 2244 dieu
1309 2185 1372 2244 354
1394 2186 1444 2246 vei
1467 2186 1546 2261 355,
1565 2186 1630 2262 jum
1653 2186 1730 2247 iuter
1753 2186 1820 2247 334
1840 2192 1870 2247 et

512 2273 574 2331 366
598 2272 726 2333 medinm
748 2271 962 2332 arithmeticum
986 2277 1031 2332 εει
1054 2273 1128 2346 360,
1150 2274 1193 2332 eie
1215 2273 1303 2332 etiam
1326 2274 1401 2333 inter
1423 2273 1485 2332 355
1509 2280 1539 2333 ει
1562 2273 1634 2334 365.

597 2357 728 2437 Bautica
758 2375 882 2418 comum
912 2359 1068 2420 dioirionie
1099 2362 1337 2427 trecmtenuriue
1358 2363 1576 2437 eeooqeuuriue
1603 2367 1722 2420 nutura
1752 2356 1870 2419 citati

510 2447 637 2524 Figurae
658 2448 769 2525 primae
792 2444 900 2506 circulo
922 2445 1098 2524 turcupulos
1112 2449 1289 2523 geometrica
1312 2445 1552 2508 determinatione
1572 2454 1655 2507 eunt:
1677 2444 1870 2525 niaugninm,

509 2532 760 2613 quadrangulum,
794 2534 1057 2611 quinquangulum.
1105 2532 1239 2594 circulus
1265 2534 1355 2609 igitur
1382 2536 1558 2611 geometrice
1589 2532 1730 2594 dividuae
1762 2538 1810 2594 eet
1840 2534 1870 2591 iu

509 2618 580 2695 tria,
611 2629 752 2699 quatuor,
774 2623 914 2699 quinque.
958 2621 1029 2682 Jam
1052 2620 1215 2681 differentia
1236 2623 1340 2681 tertiae
1363 2631 1393 2682 ει
1415 2629 1552 2698 quartae,
1584 2623 1712 2699 partium
1743 2620 1784 2681 aii
1809 2635 1871 2680 nno

509 2711 632 2770 termino
648 2711 838 2787 incepturum,
863 2716 907 2769 εει
929 2727 996 2786 pare
1011 2707 1203 2783 duodecima;
1226 2725 1278 2785 per
1299 2707 1353 2766 hee
1368 2711 1457 2786 igitur
1479 2708 1553 2769 duae
1566 2708 1684 2786 figurae,
1707 2725 1762 2786 per
1776 2709 1871 2768 triaue

508 2796 611 2873 guium
633 2814 674 2857 εε.
698 2805 728 2857 ει
750 2795 985 2873 quadrangulum
1008 2795 1134 2874 circulus
1157 2798 1186 2854 in
1217 2800 1256 2853 13
1278 2801 1376 2871 partes
1399 2804 1444 2856 εει
1466 2795 1614 2856 dividuae.
1659 2795 1790 2856 Burrum
1812 2794 1872 2854 dii·

509 2886 632 2945 terentia
653 2886 799 2962 portium,
830 2887 934 2944 tertiae
957 2890 986 2944 et
1009 2882 1133 2942 duarum
1155 2884 1321 2960 quintorum
1345 2890 1389 2942 εει
1410 2900 1479 2959 pare
1512 2882 1713 2959 quindecima3
1746 2889 1872 2960 quartae

510 2989 580 3032 vero
603 2979 632 3034 et
655 2975 791 3049 quintae,
826 2979 959 3049 estpars
982 2972 1131 3030 vicesima
1178 2970 1361 3047 comparatis
1384 2987 1454 3031 uero
1477 2973 1552 3031 inter
1573 2988 1606 3032 aa
1628 2970 1764 3049 panibus
1795 2967 1874 3029 duo·

509 3058 631 3134 decime,
655 3059 849 3136 quindecima,
872 3060 1023 3132 vicesima,
1048 3057 1211 3117 differentia
1227 3059 1308 3116 'inter
1330 3059 1414 3117 binae
1431 3066 1476 3117 eet
1496 3076 1564 3138 pere
1579 3058 1776 3134 sexagesima.
1798 3054 1873 3118 t're·

508 3149 597 3225 igitur
617 3150 729 3226 primae
751 3146 1035 3226 figuraeregniaree,
1058 3147 1234 3222 geometrice
1257 3144 1507 3218 demonstrabiiee,
1530 3146 1637 3207 docent
1657 3144 1792 3206 dividere
1813 3145 1873 3206 eir·

510 3234 608 3295 ouium
631 3237 661 3295 in
685 3243 783 3313 perier
810 3239 975 3315 sexaginta.
1021 3232 1216 3309 Sexageuima
1248 3248 1317 3292 vero
1347 3235 1523 3309 geometrice
1546 3234 1659 3295 bieeeta
1680 3234 1780 3311 giguit
1801 3247 1873 3294 een·

509 3325 752 3384 tumuieeeimam.

1099 3421 1152 3477 Hic
1175 3421 1222 3476 AB
1247 3426 1289 3475 εει
1312 3419 1421 3488 quinta,
1445 3420 1491 3474 AC
1510 3427 1620 3488 quarta,
1645 3436 1710 3488 ergo
1729 3419 1777 3474 BC
1799 3418 1871 3473 vice·

718 3491 767 3541 ¹³¹⁸·
781 3490 814 3532 ³²·
1029 3501 1105 3556 eima.
1143 3499 1188 3554 Sic
1205 3516 1266 3555 curn
1285 3498 1320 3554 eit
1337 3499 1384 3554 Ac
1403 3506 1513 3567 quarta,
1538 3499 1588 3553 AD
1613 3498 1711 3567 tertia,
1738 3513 1807 3568 ergo
1825 3497 1871 3553 ct)

1029 3586 1072 3634 εει
1099 3577 1268 3634 duodecima.
1305 3578 1350 3632 Sic
1377 3593 1438 3632 curu
1463 3579 1499 3634 eit
1521 3578 1571 3633 AI)
1597 3576 1694 3646 tertia,
1722 3576 1775 3633 An:
1803 3575 1873 3632 dure

1027 3659 1147 3729 quintae,
1165 3673 1230 3726 ergo
1250 3658 1301 3710 DE
1320 3664 1364 3710 εει
1381 3656 1561 3725 quindecima,
1580 3654 1736 3711 differentia
1754 3671 1821 3710 vero
1832 3655 1871 3710 in·

1028 3745 1070 3793 ter
1094 3737 1140 3792 CD
1166 3736 1353 3791 duodecimam
1377 3743 1403 3789 ει
1427 3735 1477 3789 DE
1504 3733 1719 3802 quindecimam,
1749 3735 1869 3804 itemque

794 3777 797 3788 1
836 3803 961 4294 ⁸}
1026 3817 1098 3872 inter
1114 3816 1186 3871 hanc
1205 3823 1233 3870 ει
1249 3815 1295 3869 BC
1313 3814 1467 3870 vicesimam
1486 3822 1529 3867 εει
1547 3812 1727 3880 sexagesima.

1115 3906 1221 3984 Itaque
1252 3906 1359 3966 diriaio
1388 3908 1417 3964 in
1446 3906 1486 3965 60
1506 3912 1535 3965 ει
1557 3921 1645 3980 porro
1673 3905 1701 3963 in
1736 3907 1800 3965 130
1828 3911 1871 3965 εει

1030 3993 1139 4054 circuio
1176 3993 1336 4068 naturalia,
1382 3991 1411 4051 id
1450 3999 1495 4052 eet
1531 3991 1688 4051 rationalis
1727 3999 1759 4052 et
1796 4008 1870 4071 geo-

562 3963 568 3992 i

563 4089 591 4144 r*
620 4105 631 4140 r
1029 4084 1159 4141 metrica.

568 4121 746 4300 Q„
770 4219 891 4259 ως,
1120 4183 1181 4243 Eut
1212 4200 1281 4243 vero
1313 4190 1358 4243 εει
1385 4191 1488 4243 contra
1515 4191 1653 4242 naturam
1677 4200 1775 4243 rerum
1799 4199 1871 4262 geo-

563 4233 645 4368 ¹³¹³.x
686 4299 714 4356 χ
834 4245 863 4298 s
885 4291 894 4334 r
1031 4271 1226 4343 manicarum,
1250 4269 1516 4347 ntuiiaaliapare
1539 4269 1657 4344 circuli,
1680 4279 1802 4347 praeter
1823 4281 1870 4332 to·

520 4412 522 4416 .
618 4301 910 4452 eff
1031 4365 1102 4432 turn,
1127 4357 1286 4431 dimidium,
1304 4365 1447 4434 quartam,
1466 4365 1616 4431 octavam,
1634 4360 1706 4417 item
1723 4362 1869 4435 quintum,

1034 4445 1178 4506 decimam
1201 4453 1231 4506 et
1246 4453 1358 4506 ceterae
1381 4445 1485 4505 harum
1500 4443 1674 4521 subdupiae,
1699 4446 1729 4503 iu
1754 4445 1873 4506 triadi·

512 4534 629 4594 vidatur
656 4531 762 4614 (neque
786 4536 864 4594 enim
885 4532 1086 4610 nouaugulum
1110 4535 1139 4591 in
1163 4530 1271 4594 circuio
1295 4534 1398 4606 acribi,
1422 4531 1479 4592 hoc
1502 4539 1546 4591 εει
1570 4533 1656 4592 tertia
1678 4550 1750 4610 pera
1774 4531 1874 4594 circuit

511 4622 688 4700 geometrice
712 4624 741 4681 iu
765 4623 821 4680 tria
837 4621 929 4681 dividi
952 4627 1059 4699 potent,
1084 4637 1180 4697 neque
1203 4637 1271 4697 para
1286 4627 1370 4680 nexta
1394 4636 1488 4695 neque
1508 4618 1692 4693 duodecima,
1717 4622 1761 4680 uti
1778 4637 1874 4699 neque

512 4710 627 4770 decima
649 4710 760 4784 quinta,
784 4712 939 4782 tricesima,
961 4709 1156 4785 sexagesima,
1180 4715 1296 4768 centum
1318 4717 1347 4767 et
1372 4705 1533 4780 vicesima),
1557 4706 1609 4766 eed
1632 4709 1749 4767 eietitur
1772 4707 1874 4769 circuit

512 4797 621 4858 dieteio
645 4798 784 4857 continua
806 4796 957 4857 rationalia
980 4797 1009 4854 iu
1032 4802 1148 4855 centum
1173 4803 1201 4854 et
1223 4795 1371 4868 vicerima,
1397 4797 1424 4852 iu
1441 4811 1499 4870 qua
1515 4795 1590 4853 ineat
1613 4794 1722 4855 divisio
1737 4798 1876 4872 quinaria

511 4883 611 4957 remei,
636 4886 762 4943 ternaria
784 4884 883 4956 semel,
908 4892 937 4944 ει
959 4883 1073 4943 binaria
1093 4890 1150 4956 tcr;
1175 4880 1241 4939 iudo
1258 4898 1328 4941 vero
1351 4884 1522 4942 continuata
1537 4876 1663 4941 bieeotio
1685 4891 1790 4959 parter
1806 4884 1876 4944 iecit

512 4974 642 5050 priorum
673 4969 835 5047 eubdupiae
867 4973 896 5030 in
926 4969 1090 5045 infinitum,
1122 4976 1154 5027 ut
1177 4970 1249 5041 340,
1274 4970 1351 5043 teo,
1378 4970 1457 5041 9603
1488 4985 1585 5045 noque
1609 4972 1670 5029 erit
1693 4967 1760 5030 ulia
1783 4971 1875 5032 rectio

513 5057 664 5119 rationalia
687 5057 809 5117 utteriue
832 5061 860 5115 in
884 5075 983 5118 aarum
1007 5053 1176 5132 eubtripiae,
1199 5058 1242 5114 sic
1265 5062 1297 5114 nt
1319 5073 1355 5115 ex
1385 5057 1445 5114 130
1468 5055 1540 5115 fiant
1561 5058 1639 5115 36οε
1665 5064 1767 5118 terneu
1791 5075 1873 5119 eoru·

513 5148 609 5205 munia
633 5142 815 5205 consuetudo
839 5143 989 5206 dividendi
1012 5141 1267 5219 unamquamlibet
1288 5160 1349 5202 rcm
1374 5144 1482 5214 iniria,
1505 5141 1587 5203 nulio
1604 5143 1716 5218 circuli,
1739 5145 1794 5205 eod
1810 5146 1875 5207 eoio

513 5230 705 5312 longitudinis
727 5239 872 5310 reapeatu,
895 5239 997 5311 regnet
1019 5230 1107 5292 etiam
1130 5230 1188 5306 hie,
1212 5237 1245 5290 ut
1266 5247 1336 5309 paro
1358 5229 1508 5306 quaelibet
1530 5237 1647 5292 centum
1671 5239 1703 5293 ει
1728 5235 1874 5296 moerim
