4459 6275
433 764 496 829 its
931 748 1072 833 Epitoms's
1089 754 1278 813 senonenses

437 937 609 999 conscensio
636 943 666 997 et
694 933 912 997 condescensio.
957 933 1034 1015 Sunt
1062 942 1162 997 anton
1192 952 1278 997 mens
1300 936 1485 1014 aequatoris,
1516 936 1567 1013 qul
1597 950 1666 996 curn
1686 931 1785 1011 aliqua

433 1024 510 1086 cosli
524 1031 608 1102 parts
623 1032 705 1086 extra
719 1030 909 1101 aequatorem
924 1022 991 1096 sita,
1015 1023 1099 1101 enjus
1115 1029 1225 1083 certum
1240 1024 1354 1083 initium
1369 1030 1524 1101 unusqru
1536 1023 1604 1083 linis
1618 1025 1650 1081 in
1663 1021 1787 1099 spissas

434 1110 532 1192 datur,
554 1128 643 1190 snpra
664 1111 845 1171 horizontem
868 1109 1025 1171 ascendere
1047 1119 1100 1171 ent
1122 1111 1178 1171 sub
1200 1127 1267 1170 eum
1290 1103 1466 1173 ducendus
1486 1110 1635 1171 videntur.

519 1200 584 1261 Cur
594 1201 699 1275 potirer
712 1201 887 1275 aequaturis
901 1215 1002 1272 arcus,
1026 1216 1121 1273 quarn
1139 1198 1264 1258 writes
1277 1199 1410 1272 uineas
1424 1198 1718 1259 anathematae
1731 1203 1787 1257 aut

432 1286 693 1347 misceremur
706 1285 905 1362 spectantur?
926 1282 1004 1358 Quia
1019 1302 1054 1344 or
1070 1284 1187 1345 circulis
1197 1286 1331 1345 maximis
1344 1285 1427 1346 solus
1436 1292 1580 1362 aequatos
1594 1282 1788 1361 aequabiliter

432 1381 577 1449 moretur,
600 1380 759 1434 ceterorum
782 1379 880 1449 partes
902 1370 1044 1448 aequales
1067 1373 1169 1434 crebro
1190 1379 1346 1432 moventur
1368 1372 1549 1450 temporibus
1570 1370 1788 1448 irueqnsllbtu.

521 1460 594 1521 Esto
625 1478 730 1520 nerum
758 1459 795 1518 ae
823 1461 985 1534 maximin
1014 1466 1087 1519 sunt
1109 1466 1213 1519 autem
1241 1461 1422 1521 aminaea
1445 1459 1591 1536 paralleli
1618 1460 1789 1536 aequaturi,

434 1549 488 1625 qui
509 1565 573 1609 non
593 1549 696 1606 minus
717 1547 887 1623 aequaliter
908 1553 1079 1619 moventur,
1103 1564 1199 1623 quarn
1220 1554 1383 1623 aequatae:
1409 1565 1454 1607 an
1474 1564 1541 1608 non
1560 1548 1658 1607 ια’ωι
1678 1544 1790 1607 bct-

436 1642 524 1696 moso
545 1634 699 1711 aequabili
729 1641 897 1694 mauro
926 1641 1064 1709 tempora
1092 1641 1178 1694 orius
1200 1641 1228 1695 et
1249 1651 1371 1695 occasus
1392 1636 1495 1695 menri
1512 1632 1693 1711 possemusil
1724 1630 1791 1691 lion

439 1724 482 1781 its
504 1720 672 1793 commode,
704 1737 759 1781 nec
781 1737 896 1798 semper
917 1736 971 1779 nee
993 1721 1121 1796 nbiqne,
1153 1719 1208 1780 hoe
1239 1728 1285 1781 est
1312 1739 1370 1780 non
1401 1723 1430 1780 in
1454 1722 1531 1781 omni
1554 1722 1614 1780 situ
1636 1717 1790 1797 spbssttc·

424 1808 511 1869 fuam
533 1810 629 1868 omnis
652 1809 746 1869 minor
767 1809 797 1866 in
820 1807 923 1885 aliqua
944 1805 1087 1883 sphaerae
1109 1809 1256 1884 positione
1279 1815 1359 1869 totns
1374 1816 1471 1869 exstat
1490 1824 1581 1884 supra
1599 1807 1792 1880 huizontsm,

436 1896 488 1955 uhi
509 1911 569 1955 non
592 1897 724 1956 oriuntur
747 1894 811 1972 ojus
834 1902 945 1973 puncta
967 1911 1021 1955 nso
1045 1893 1191 1955 occidunt
1235 1895 1362 1955 Rursum
1393 1897 1463 1972 quie
1492 1895 1678 1973 potissimum
1700 1890 1792 1971 eclip-

438 1977 515 2043 tioso
545 1998 667 2043 menam
696 1990 828 2060 ternpore
856 1980 1004 2042 metienda
1027 1989 1109 2056 sunt,
1143 1983 1231 2043 ceteri
1260 1983 1393 2059 paralleli
1424 1990 1476 2043 aut
1497 2000 1558 2043 nou
1579 1986 1792 2051 mnmctuutu

433 2086 500 2131 cum
523 2069 674 2147 ecliptica,
702 2075 754 2130 ant
784 2085 842 2129 non
871 2072 900 2127 in
924 2069 988 2146 eius
1010 2071 1128 2144 punctis
1150 2068 1357 2143 cardinalibus,
1380 2073 1511 2147 exceptio
1533 2069 1651 2130 duobus
1673 2068 1792 2147 tropicis

433 2158 535 2235 quiin
558 2159 674 2235 punctis
698 2155 814 2233 quidem
838 2155 1035 2216 cardinalibus
1058 2157 1133 2216 initii
1150 2156 1253 2217 Cancri
1276 2165 1305 2219 et
1319 2157 1498 2234 Capricorni,
1520 2155 1573 2219 sed
1594 2172 1655 2219 non
1679 2156 1793 2233 prusti·

433 2245 502 2320 puis
526 2242 568 2300 illi
591 2250 809 2304 connectuntur.
854 2243 942 2303 Solus
964 2244 1190 2318 aequinoctialis
1213 2245 1323 2323 ubique
1345 2247 1374 2302 in
1398 2247 1476 2304 omni
1501 2243 1629 2321 sphaera
1649 2245 1746 2305 onus
1763 2250 1793 2303 st

434 2328 550 2402 occidit,
573 2330 741 2406 ubicunqne
763 2330 874 2408 aliquid
898 2330 933 2390 de
956 2328 1039 2390 coelo
1063 2333 1153 2390 oritur
1175 2338 1205 2391 et
1227 2330 1341 2406 occidit,
1366 2340 1395 2391 et
1410 2348 1558 2392 connexu
1580 2338 1626 2392 est
1639 2328 1793 2407 surptus

435 2420 463 2476 in
493 2420 608 2494 punctis
639 2417 753 2479 duobus
782 2419 1036 2496 opportunissimis
1062 2420 1170 2492 initiis,
1193 2435 1233 2478 sc.
1259 2419 1366 2478 Arietis
1389 2424 1418 2478 et
1439 2418 1560 2494 Librae,
1590 2419 1635 2480 sle
1656 2424 1690 2479 ut
1712 2415 1792 2477 illum

433 2503 565 2565 medinm
587 2512 676 2566 secet.

523 2593 626 2652 Proba
648 2591 779 2652 eeidmti
801 2600 998 2671 arqumento,
1025 2594 1179 2670 eclipticae
1201 2599 1307 2668 partes
1335 2593 1476 2668 aequales
1501 2594 1579 2654 oriri
1608 2590 1794 2679 temporibus

433 2680 658 2756 inaequalibus.
703 2678 862 2739 Sumuntur
884 2697 954 2755 ergo
976 2678 1153 2741 semicirculi
1167 2680 1282 2755 integri,
1306 2688 1437 2739 sumatur
1458 2685 1487 2740 et
1508 2680 1591 2757 rsqlo
1606 2685 1792 2757 umpusquo,

434 2765 552 2844 quondo
576 2765 638 2827 (lies
661 2774 706 2827 est
727 2764 843 2843 longior
865 2784 920 2827 sua
941 2773 1041 2841 nocto,
1072 2775 1105 2826 nt
1128 2769 1157 2824 in
1180 2766 1340 2826 Germania
1362 2777 1493 2844 tempore
1515 2766 1634 2827 solstitii
1664 2766 1730 2827 (lies
1750 2774 1795 2827 est

433 2854 570 2914 horarum
590 2855 637 2918 16,
661 2852 751 2930 duplo
774 2853 889 2930 longior
912 2872 999 2930 quam
1015 2872 1092 2929 nox;
1116 2862 1146 2914 et
1160 2854 1365 2930 perpendatur,
1390 2853 1470 2931 qnod
1490 2856 1603 2915 oriente
1616 2850 1689 2914 Sola
1710 2854 1792 2915 eceb

434 2941 486 3000 dat
505 2956 574 3018 pars
597 2940 758 3019 eclipticas,
782 2958 858 3018 qnae
881 2950 926 3002 est
947 2941 992 3002 illi
1015 2960 1032 3001 s
1055 2940 1198 3001 diametro
1222 2943 1382 3014 contraria,
1403 2957 1577 3019 mecumque
1599 2939 1658 3001 hoo
1680 2942 1792 3001 oriasu

435 3025 487 3088 Sol
511 3026 641 3089 οωὶᾶιιιι
671 3028 806 3104 ecliptico
836 3030 913 3088 enim
944 3035 974 3088 ct
995 3029 1117 3089 horizon
1148 3034 1217 3087 sunt
1239 3028 1340 3088 circuli
1366 3030 1501 3102 maximi,
1531 3034 1668 3089 recentes
1689 3045 1724 3089 ss
1746 3029 1793 3087 iu·

434 3115 536 3176 vicem
559 3116 589 3174 in
612 3123 710 3193 partes
734 3115 883 3192 aequales.
930 3116 973 3176 lix
997 3134 1032 3177 eo
1058 3118 1147 3193 igitur
1169 3123 1314 3193 temporo,
1342 3114 1460 3193 quando
1484 3114 1536 3176 Sol
1558 3116 1668 3187 oritur,
1700 3128 1794 3194 usquo

439 3201 510 3262 dnm
535 3203 600 3279 ejus
623 3205 790 3280 oppositum
820 3205 910 3263 oritur
932 3207 997 3280 ipso
1021 3204 1187 3277 occidente,
1219 3211 1299 3262 ortus
1323 3203 1378 3263 init
1399 3205 1567 3264 successies
1592 3201 1794 3264 semicirenln

439 3291 594 3366 eclipticas
623 3299 652 3350 et
674 3290 774 3366 lapsae
802 3298 870 3349 sunt
892 3294 1004 3352 lntersa
1034 3292 1124 3351 horse
1152 3292 1199 3350 16.
1244 3290 1289 3349 Ειι
1312 3308 1347 3350 eo
1370 3308 1439 3350 vero
1464 3301 1608 3367 tempore,
1643 3306 1703 3367 quo
1725 3288 1794 3352 Sole

438 3377 589 3437 occidente
613 3394 680 3455 pars
703 3377 767 3452 ejus
790 3380 926 3455 opposite
950 3381 1050 3453 oritm,
1074 3395 1167 3456 usqne
1190 3375 1259 3435 doun
1274 3377 1325 3436 Sol
1350 3380 1452 3444 oritru,
1473 3395 1585 3437 rursum
1611 3379 1703 3438 oritur
1725 3394 1794 3438 suo·

441 3466 555 3523 cessino
585 3464 714 3539 reliquus
742 3464 941 3525 semicirculus
964 3466 1116 3543 eclipticas
1140 3464 1323 3540 interjectus,
1355 3474 1384 3526 et
1406 3465 1545 3525 labuntur
1566 3467 1684 3525 interim
1704 3464 1794 3526 borae

440 3559 553 3610 tantum
570 3559 653 3610 octo:
678 3569 752 3610 unus
776 3568 845 3627 ergo
868 3553 1067 3612 semicirculus
1084 3548 1236 3628 eclipticas
1253 3554 1343 3611 oritur
1359 3553 1449 3630 duplo
1464 3553 1587 3613 celerius
1603 3568 1693 3627 qnam
1712 3552 1793 3614 sito.

530 3639 634 3715 Quare
662 3637 734 3697 dieis
762 3642 796 3697 in
822 3637 1012 3698 Germania?
1041 3643 1091 3699 An
1119 3643 1215 3715 iqitur
1241 3656 1324 3698 unas
1354 3642 1493 3716 idemque
1524 3657 1614 3699 arem
1640 3640 1795 3714 eclipticas

439 3728 530 3786 unico
553 3743 608 3786 uso
630 3734 716 3786 motu
737 3726 862 3785 dicaris
884 3730 917 3787 in
939 3728 1010 3787 loeis
1031 3728 1167 3787 dicer-sae
1189 3726 1347 3785 casularia
1369 3736 1426 3804 eet,
1456 3736 1484 3787 et
1506 3726 1657 3804 quomode
1679 3726 1736 3786 boe
1755 3733 1795 3786 est

347 3854 353 3865 .
435 3813 597 3888 possibile?
619 3810 707 3873 Ortus
723 3820 753 3874 et
775 3830 898 3873 occasus
920 3822 1092 3890 punctorum
1115 3813 1191 3873 coeli
1213 3815 1364 3890 ipsiusque
1386 3814 1461 3874 adeo
1477 3814 1630 3891 eclipticas
1654 3830 1714 3874 non
1730 3813 1794 3874 sole

435 3899 579 3978 sphaerae
597 3903 739 3962 tenestris
762 3901 979 3975 convolutione,
1003 3902 1055 3960 sed
1077 3904 1196 3978 insuper
1218 3903 1307 3960 etiam
1330 3903 1411 3960 visus
1434 3901 1637 3962 accidentibus
1659 3918 1716 3960 seu
1742 3900 1794 3961 ‹ls-

435 3988 620 4064 captionibus
651 3995 682 4049 ot
711 3987 870 4048 horizontis
897 3990 1106 4065 imaginatione
1139 3996 1262 4048 constat.
1308 3987 1374 4048 Non
1405 3991 1494 4063 igitur
1525 4005 1594 4049 vers
1626 3986 1793 4065 inaequalis

437 4075 559 4135 otiatur
581 4092 657 4136 unns
679 4074 815 4151 idemque
838 4084 934 4136 motus
949 4093 1001 4152 per
1023 4075 1141 4134 diversa
1155 4075 1230 4146 locs,
1254 4073 1307 4134 sed
1321 4075 1487 4136 horizontes
1510 4075 1694 4136 diversorum
1707 4075 1792 4138 loeo·

436 4178 499 4221 rum
523 4161 656 4223 diversos
679 4170 708 4222 et
731 4166 805 4223 inter
826 4180 858 4222 se
881 4162 1023 4223 distantes
1047 4162 1159 4221 habent
1182 4164 1321 4222 terminos
1344 4165 1493 4222 initiorum
1515 4173 1545 4223 et
1568 4163 1670 4222 linium
1693 4160 1793 4222 circuli

436 4250 668 4326 aequinoctium,
692 4250 885 4310 eaurientium
907 4257 936 4309 et
958 4249 1154 4309 occidentium
1177 4266 1243 4309 cum
1266 4247 1369 4308 iisdem
1391 4252 1482 4309 initiis
1505 4261 1534 4310 et
1552 4250 1659 4310 linibus
1675 4267 1794 4312 monum

439 4335 602 4414 eqlipticse

531 4422 594 4483 Cirr·
616 4432 719 4484 autem
741 4441 805 4484 non
828 4422 1021 4483 nemetiam
1044 4426 1143 4482 evenit
1169 4425 1229 4498 ipsi
1257 4425 1349 4481 eliano
1377 4425 1594 4499 aequinoctiali
1611 4442 1671 4499 per
1688 4424 1794 4486 'diver-

435 4527 540 4569 eorum
562 4512 698 4571 loeomrn
720 4511 912 4572 horizontes?
935 4509 1013 4585 Quia
1028 4518 1125 4569 motus
1147 4508 1197 4569 ille
1211 4508 1349 4578 Telluris,
1372 4527 1431 4586 qno
1446 4519 1701 4588 repraesententur
1714 4519 1793 4572 ortus

437 4605 467 4658 et
488 4613 609 4657 occasus
632 4598 773 4671 sidemm,
803 4606 849 4659 est
869 4598 1029 4659 secundum
1058 4597 1175 4657 (luctum
1200 4597 1432 4673 aequinoctialis,
1456 4617 1514 4658 non
1537 4597 1698 4659 secundun
1720 4598 1793 4659 ciue

437 4692 500 4743 tum
522 4684 682 4760 eclipticas.
727 4685 799 4746 lude
823 4688 910 4763 igitur
932 4689 1039 4758 evenit,
1064 4693 1096 4744 ut
1119 4685 1239 4744 horinon
1263 4686 1530 4761 olneqninoetialis
1554 4688 1743 4748 circumcirca
1762 4703 1793 4746 se

437 4779 539 4831 mutuo
561 4779 662 4832 seceru
684 4773 712 4830 in
735 4772 838 4834 eodem
860 4781 968 4849 puncto
995 4774 1164 4842 horizontis,
1188 4771 1323 4848 ecliptica
1345 4789 1414 4832 vero
1431 4772 1556 4832 diversis
1577 4776 1641 4834 suis
1659 4772 1792 4852 partilem

437 4866 518 4919 secet
541 4858 719 4918 horizontem
748 4864 775 4917 ln
799 4863 913 4936 punctis
935 4859 1074 4931 (liversis,
1106 4863 1200 4935 iisque
1230 4861 1317 4918 etium
1345 4877 1396 4936 per
1418 4859 1547 4921 loeorum
1576 4877 1629 4920 seu
1651 4861 1793 4938 sphaeras

438 4948 616 5023 positionum
639 4947 794 5006 intervalla
816 4948 1023 5007 differentibus.

529 5034 610 5110 Quot
632 5032 728 5092 modis
751 5038 967 5110 ineestiqamus
983 5037 1168 5094 ascensiones
1189 5050 1320 5092 arcuum
1337 5034 1510 5109 eclipticas?
1539 5036 1665 5095 Duobus
1689 5033 1791 5094 modis.

441 5119 503 5179 Aut
525 5122 603 5180 enim
626 5137 710 5183 mous
734 5121 800 5180 illos
822 5123 962 5181 sumimus
986 5123 1150 5194 continuos,
1175 5120 1231 5181 hoc
1254 5129 1299 5181 est
1321 5139 1340 5181 a
1360 5125 1505 5182 communi
1528 5126 1659 5184 sections
1683 5121 1792 5182 vemali

441 5207 573 5285 inceptos
590 5225 656 5271 enm
674 5218 841 5285 aequatore,
863 5217 915 5271 aut
926 5207 1079 5287 discretos,
1094 5209 1151 5269 hoc
1166 5217 1211 5271 ast
1227 5225 1285 5269 non
1302 5227 1321 5270 s
1336 5210 1468 5278 sections
1484 5210 1595 5272 vemali
1609 5211 1789 5293 incipientes
