4459 6275
455 769 457 772 ·
507 762 571 823 ass
642 828 644 832 ,
1003 741 1157 829 'apruna
1176 757 1366 815 annonara

597 935 760 1015 Quomodo
788 945 957 997 numerant
985 939 1158 998 ausonensi
1186 937 1278 998 horas
1299 945 1327 998 st
1348 937 1435 998 dies?
1468 935 1565 998 Veis
1595 937 1698 999 media'
1715 946 1804 1000 ιιοαι
1827 940 1866 1001 ali

507 1039 567 1084 uno
591 1026 621 1082 ln
645 1023 686 1082 24
709 1022 824 1084 mediae
847 1027 942 1084 noctis
964 1027 1124 1103 sequentis,
1150 1032 1181 1083 nt
1202 1023 1385 1085 Prutenicse.
1432 1024 1488 1085 Vel
1510 1043 1530 1085 s
1552 1024 1687 1099 meridie,
1710 1037 1866 1089 nummata

507 1112 794 1187 laurentiusque
824 1110 862 1170 ad
890 1111 1041 1172 meridiem
1064 1118 1249 1188 sequentem,
1282 1119 1312 1171 et
1333 1111 1396 1172 dies
1427 1112 1571 1172 interdum
1592 1114 1764 1174 nominatur
1784 1130 1867 1175 cem·

508 1198 597 1278 pleta,
620 1195 766 1257 interdum
788 1214 914 1272 currens,
938 1199 1022 1275 cujus
1044 1218 1112 1277 pars
1134 1207 1203 1258 sunt
1225 1199 1314 1259 horae
1338 1216 1502 1276 expressae.

598 1285 681 1363 Quot
700 1291 774 1343 sant
794 1285 944 1345 imarum
966 1285 1101 1362 oman?
1134 1285 1270 1345 Totidem
1293 1285 1372 1363 qnod
1397 1283 1523 1345 dierum:
1548 1286 1694 1363 quaedam
1717 1289 1797 1348 enim
1819 1289 1866 1348 di·

377 1360 380 1367 *
508 1378 612 1433 eantur
628 1372 867 1448 aequinoctiales,
883 1371 1046 1451 ἕσημιριιοι,
1070 1372 1215 1451 quaedam
1232 1373 1415 1452 temporales,
1433 1395 1566 1452 καιρικαι,
1585 1374 1667 1449 quod
1682 1392 1737 1453 pro
1752 1379 1865 1438 raucae

510 1466 676 1538 temporum
697 1460 787 1518 totius
811 1461 880 1518 anni
903 1463 1014 1519 variam
1038 1461 1244 1520 nanciscantur
1265 1459 1488 1536 longitudinem.

597 1545 681 1625 Quid
701 1552 743 1604 est
752 1546 841 1605 hora
864 1547 1117 1624 aequinoctialis?
1151 1547 1203 1606 Est
1230 1565 1300 1624 pars
1329 1549 1470 1607 vicesima
1494 1554 1599 1624 quarta
1629 1569 1664 1609 re
1686 1554 1863 1669 ιιιχθημιρι,

509 1652 562 1695 seu
586 1635 646 1695 diei
669 1635 822 1709 noctisque
845 1633 987 1694 naturalis
1006 1635 1183 1712 junctorum.

598 1720 758 1800 Οιιοιιιοάο
782 1718 931 1780 dividitus
952 1722 1030 1782 iroro
1052 1721 1283 1798 aequinoctialis
1298 1689 1523 1782 astronomiae?
1544 1721 1694 1782 Dividitur
1709 1730 1744 1782 ut
1765 1724 1864 1784 erretur
1883 1790 1886 1797 ¹

387 1888 389 1893 Ι
508 1808 634 1886 aiicujus
656 1824 724 1887 pars
748 1809 862 1881 360ffl,
891 1807 999 1885 gradm
1023 1809 1070 1868 vel
1094 1818 1223 1886 tempus,
1247 1810 1277 1866 in
1299 1809 1413 1867 minuta
1436 1811 1598 1884 sexaginta,
1621 1811 1665 1870 sie
1676 1818 1721 1870 ut
1748 1811 1787 1870 15
1810 1813 1865 1871 mi·

508 1904 579 1955 nuta
606 1897 715 1954 iaciant
744 1893 834 1953 horae
862 1894 1068 1971 quadrantem
1096 1897 1239 1954 minutum
1270 1911 1359 1954 unum
1392 1897 1420 1952 ln
1445 1897 1485 1954 60
1508 1895 1637 1955 secunda
1665 1897 1743 1971 amr,
1774 1913 1865 1958 unum

507 1982 667 2044 secundum
689 1983 719 2039 in
744 1981 784 2039 60
807 1985 893 2041 tertia
915 1985 1008 2042 etsie
1031 1985 1176 2056 continue,
1200 1998 1353 2059 quousque
1377 1999 1451 2059 opus
1475 1990 1528 2042 cst.

599 2068 755 2146 Compare
777 2071 918 2128 sectiones
941 2071 1172 2145 aequinoctialis
1194 2069 1288 2128 lrosas
1309 2087 1379 2129 cum
1399 2070 1491 2147 pulsu
1513 2070 1659 2130 humano.
1696 2070 1732 2129 In
1749 2070 1867 2134 homine

507 2157 635 2230 ruente,
651 2157 772 2215 robusto
785 2164 814 2215 et
824 2157 971 2234 periectas
984 2159 1098 2229 aetatis,
1115 2156 1326 2235 complexionis
1337 2154 1566 2217 melancholicas
1577 2164 1629 2218 aut
1639 2161 1866 2219 consenescente

507 2246 571 2305 ¹iere
602 2242 726 2320 singulis
757 2243 892 2303 secundis
914 2246 1044 2304 existunt
1066 2244 1175 2320 singuli
1197 2243 1300 2321 pulsus
1322 2245 1461 2316 arteriae,
1491 2243 1573 2305 nullo
1603 2244 1772 2306 discrimine
1794 2247 1867 2306 inter

509 2329 640 2410 systolen
663 2337 693 2389 st
707 2328 866 2390 diastolen:
890 2331 932 2391 ita
953 2340 1050 2392 essem
1072 2334 1100 2391 in
1126 2349 1184 2391 nno
1205 2335 1317 2391 minuto
1340 2329 1443 2408 pulsus
1464 2333 1636 2408 sexaginta3
1658 2332 1710 2393 sed
1733 2349 1802 2393 rsrs
1823 2344 1866 2393 sst

510 2419 585 2478 haec
607 2415 743 2487 tarditas,
767 2416 924 2494 vulgariter
946 2429 1134 2478 numerantur
1159 2421 1208 2492 70,
1233 2422 1261 2477 in
1285 2419 1438 2479 cholericis
1462 2427 1491 2478 et
1512 2412 1627 2478 lerninis
1651 2420 1710 2498 iio,
1739 2428 1867 2496 quatuor

511 2507 540 2564 ln
563 2514 646 2566 terrra
667 2503 806 2564 secunda.
852 2505 986 2566 Breviter
1010 2509 1038 2564 ln
1062 2523 1121 2566 una
1142 2507 1216 2566 liora
1238 2513 1365 2582 quatuor
1387 2505 1479 2565 millia
1501 2505 1568 2584 pius
1589 2507 1695 2566 minus.

600 2591 759 2671 Quomodo
781 2593 912 2672 efficitur
933 2593 995 2652 dics
1015 2594 1195 2653 naturalis?
1226 2593 1423 2653 Resolutionc
1451 2601 1610 2672 apparente
1632 2591 1711 2652 Solis
1738 2593 1778 2653 sb
1802 2602 1866 2654 ortu

511 2696 562 2757 per
587 2678 737 2740 meridiem
761 2681 789 2737 in
820 2698 966 2741 occasum
979 2683 1128 2758 imumque
1159 2680 1235 2741 coeli
1264 2680 1417 2758 redituque
1442 2683 1470 2738 in
1495 2687 1604 2753 ortam,
1634 2697 1712 2756 qnae
1743 2697 1775 2741 rs
1797 2698 1868 2741 vers

511 2775 555 2828 est
577 2766 723 2831 revolutio
739 2765 866 2828 Telluris
889 2776 919 2828 et
942 2770 971 2827 ia
995 2786 1031 2829 es
1053 2769 1222 2842 horizontis,
1245 2786 1298 2846 per
1320 2768 1590 2845 imaginationem
1583 2786 1612 2825 m
1635 2767 1753 2827 coelum
1772 2785 1866 2845 usqne

512 2857 688 2928 continuati,
711 2855 788 2916 circa
810 2874 895 2918 axem
918 2854 1045 2917 Telluris
1067 2856 1150 2917 velut
1171 2855 1368 2930 immobilem,
1400 2865 1434 2949 Ιιιι
1455 2855 1536 2915 libris
1559 2853 1804 2916 antecedentibus
1824 2862 1868 2916 sat

433 2940 435 2945 ’
512 2942 751 3003 demonstratum.

602 3030 688 3107 Quae
716 3039 789 3089 sunt
814 3030 907 3105 lrujrrs
935 3031 1135 3091 revolutionis
1164 3031 1283 3091 metae?
1316 3033 1374 3093 Per
1405 3037 1536 3092 centrum
1558 3027 1680 3089 SoilsS
1706 3026 1866 3101 immobils,

1573 3132 1684 3193 perque
1739 3114 1867 3175 Telluris

1573 3220 1659 3262 axem
1674 3201 1726 3261 PL
1744 3202 1867 3280 planus

1573 3291 1867 3366 imaginationeeon-

1573 3379 1679 3452 cipitur
1689 3376 1866 3438 traductum.

1572 3465 1649 3541 Ergo
1700 3463 1786 3526 loeus
1838 3467 1867 3524 in

1572 3550 1727 3628 superlicio
1758 3551 1867 3613 Terras

1572 3642 1768 3716 quiscunque,
1793 3656 1865 3699 con-

1454 3759 1505 3806 pr,
1573 3729 1694 3785 stitutus
1735 3728 1764 3784 ln
1810 3726 1866 3786 hos

1452 3800 1510 3889 ’,Γ
1573 3815 1673 3889 plano,
1696 3812 1790 3873 habet
1809 3815 1867 3872 ini-

1493 3919 1527 3982 ul
1573 3904 1646 3959 tium
1669 3899 1727 3959 diei
1744 3910 1867 3961 natura·

1422 3987 1867 4070 slmmmm

1428 4071 1462 4081 “’
1573 4076 1661 4134 ridies
1719 4084 1765 4135 est
1822 4076 1867 4137 rel

1574 4160 1672 4221 media
1706 4179 1780 4238 nos,
1817 4165 1868 4241 qui

1575 4258 1654 4309 totus
1671 4247 1713 4307 iili
1729 4248 1797 4310 loco
1814 4250 1866 4310 de-

1577 4337 1867 4397 curritintcrimdure

1577 4426 1637 4501 ipse
1653 4424 1747 4495 locus,
1766 4424 1867 4486 deser·

1576 4518 1606 4569 to
1624 4510 1712 4587 plano
1728 4510 1812 4583 Pes.
1833 4529 1868 4573 ss

516 4601 567 4663 ilia
594 4602 683 4683 plaga
713 4622 765 4681 per
795 4603 913 4681 plagam
941 4604 1107 4679 oppositam
1141 4604 1170 4660 iu
1201 4600 1325 4661 eundem
1359 4601 1446 4660 situm
1476 4597 1612 4674 idemque
1647 4597 1768 4675 planum
1796 4598 1868 4659 Pus

516 4691 665 4752 volutione
687 4692 814 4754 Telluris
838 4692 1006 4753 restituitur.

606 4780 764 4858 Οιοιιιοάο
793 4780 848 4839 lroc
875 4797 945 4838 oum
974 4777 1104 4855 sphaera
1126 4776 1288 4835 convenit?
1322 4774 1408 4852 Quod
1431 4774 1490 4833 dlxi
1522 4771 1641 4850 planum
1663 4771 1752 4845 Pas,
1783 4772 1814 4831 id
1839 4775 1869 4832 in

515 4866 640 4945 sphaera
656 4884 708 4944 per
722 4867 861 4927 circulum
885 4866 1111 4927 declinationum
1133 4870 1375 4940 repraesentatur,
1400 4861 1564 4921 traductum
1586 4859 1640 4937 per
1660 4859 1762 4918 mundi
1783 4860 1869 4937 polos

517 4964 546 5014 et
578 4963 706 5014 centrum
736 4953 827 5025 Solis,
862 4963 891 5013 et
920 4971 985 5013 cum
1016 4970 1051 5012 eo
1080 4953 1166 5028 quasi
1195 4951 1343 5010 mobilem.
1397 4949 1492 5008 Locus
1523 4964 1593 5006 vero
1626 4946 1771 5021 Telluris,
1801 4964 1868 5007 vers

516 5036 633 5101 mobilis
656 5044 733 5101 circa
754 5040 879 5100 Telluris
901 5059 997 5118 arem,
1019 5047 1253 5117 repraesentatur
1277 5041 1305 5095 in
1321 5036 1446 5113 sphaera
1469 5053 1520 5114 per
1542 5034 1735 5094 meridianum
1762 5037 1868 5094 imino·

517 5129 614 5189 bilem.
649 5128 752 5205 ltaque
768 5127 908 5187 naturalis
932 5127 993 5187 dies
1017 5136 1061 5186 est
1083 5129 1209 5204 spatium
1238 5128 1389 5203 temporis,
1419 5126 1493 5183 intra
1522 5121 1601 5200 quod
1629 5131 1761 5182 centrum
1789 5122 1868 5183 soils

518 5217 556 5281 sb
579 5214 683 5282 eodem
705 5214 886 5277 semicirculo
909 5215 1060 5280 meridiani
1083 5213 1246 5293 digressum
1269 5212 1307 5276 ad
1329 5210 1453 5276 eandem
1475 5212 1583 5273 reverti
1607 5209 1730 5272 ridetur.
