4459 6275
437 791 501 854 666
623 874 626 880 Ι
685 807 690 851 ἰ
898 789 931 843 In
949 737 1069 844 Tabulas
1086 784 1278 858 Rndolpbiuas

329 1006 332 1019 ,
435 953 658 1045 nuncupatorls,
686 983 768 1028 meos
799 969 889 1028 etiam
915 972 960 1027 tot
988 983 1130 1028 annorum
1160 964 1277 1027 labores
1304 967 1335 1025 in
1358 982 1410 1029 eas
1431 962 1635 1026 absolvendas
1659 969 1692 1025 61
1710 962 1792 1043 666-

435 1053 555 1115 6166666
581 1056 729 1132 impensos
752 1071 855 1114 sereno
883 1054 966 1114 vultu
989 1056 1147 1132 suscipiat,
1176 1068 1283 1130 meque
1310 1052 1506 1114 humillimum
1533 1049 1713 1115 clientulam
1733 1068 1792 1112 666

434 1143 507 1204 meis
530 1142 676 1204 Caesareo
699 1158 753 1202 suo
776 1143 940 1219 patrocinio
963 1141 1189 1204 clementissime
1211 1140 1355 1219 dignetur.

590 1246 639 1307 sae
660 1246 712 1306 cae
735 1244 799 1305 Milo
819 1245 874 1304 vae

721 1331 769 1392 Ad
792 1332 952 1395 excolenda
974 1332 1158 1396 Mathemata
1182 1330 1344 1395 conductus
1365 1330 1503 1392 servulus

1404 1418 1546 1483 Jocanea
1568 1415 1735 1494 Kepteru

657 1952 956 2105 1616661116
996 1952 1242 2068 66661161
1284 1951 1574 2067 1616116116.

522 2184 606 2244 11666
627 2184 718 2244 babet
740 2191 883 2244 astrorum
909 2186 1032 2246 scientia
1052 2193 1166 2263 partes:
1194 2187 1274 2262 prior
1296 2193 1341 2246 est
1364 2184 1400 2244 de
1422 2184 1568 2258 motibus,
1593 2184 1745 2262 posteri«
1763 2182 1795 2244 66

435 2270 588 2332 effectibus
615 2271 751 2343 sidamm,
765 2274 795 2329 in
818 2280 924 2331 natura
945 2274 1116 2346 sublunari,
1146 2281 1302 2350 utrumqne
1329 2279 1442 2333 vetares
1471 2272 1623 2331 communi
1656 2270 1796 2332 66666616

433 2358 624 2436 astrologiam
647 2358 727 2418 soliti
758 2367 827 2418 sunt
849 2358 1006 2437 appellare.
1052 2360 1126 2420 Gom
1148 2377 1219 2420 varo
1242 2362 1344 2438 ingens
1374 2362 1415 2418 sit
1435 2360 1511 2419 inter
1532 2359 1591 2419 bas
1612 2365 1719 2436 partes
1738 2357 1796 2418 66·

435 2448 542 2504 crimen
571 2464 661 2507 causa
687 2445 885 2521 certitudinis,
917 2448 1084 2508 nominibus
1109 2449 1206 2507 ‘etiam
1235 2447 1412 2524 distinguere
1447 2442 1516 2505 illas
1549 2448 1703 2524 posterior
1731 2462 1795 2505 6666

434 2532 576 2608 obtinuit,
609 2542 641 2593 ut
663 2532 796 2594 doctrina
818 2533 855 2593 66
877 2536 1005 2594 motibus
1027 2537 1208 2594 astronomia
1230 2537 1328 2614 potius
1348 2540 1587 2609 nuncuparetur,
1610 2532 1699 2610 quod
1720 2532 1794 2611 leger

431 2629 564 2681 motuum
591 2624 649 2680 sint
681 2620 877 2681 immutabiles
906 2638 1078 2698 summaque
1109 2624 1223 2683 ratione
1246 2629 1401 2700 66661661,
1433 2620 1528 2681 altera
1551 2636 1626 2680 vero
1650 2636 1737 2700 para,
1768 2623 1794 2679 ir

433 2708 608 2784 conjecturis
641 2717 801 2787 occupata,
836 2725 989 2771 commune
1024 2708 1174 2786 quondam
1208 2708 1385 2786 astrologiae
1416 2723 1523 2768 nomeu
1557 2708 1616 2768 sibi
1652 2710 1793 2787 prinu·

432 2793 572 2856 baberet:
605 2799 713 2875 quippe
736 2813 813 2873 quae
843 2799 968 2874 primum
991 2799 1078 2856 etiam
1101 2798 1198 2857 locum
1225 2800 1254 2856 16
1278 2798 1382 2857 animis
1404 2795 1574 2869 bominum,
1606 2796 1704 2854 161661
1730 2812 1793 2873 pro-

434 2881 529 2956 vidis,
552 2883 652 2944 iecerit
675 2901 769 2943 rerum
794 2883 966 2944 coelestium
989 2884 1295 2961 contemplationibus.
1339 2883 1522 2943 Namatio
1545 2882 1687 2956 bomine,
1714 2900 1793 2962 prae·

435 2972 617 3032 stantissimo
642 2974 732 3031 totius
754 2973 956 3031 universitatis
979 2988 1083 3049 opere,
1107 2974 1216 3051 quippe
1240 2969 1357 3033 domino
1381 2972 1510 3029 omnium
1533 2977 1565 3030 61
1588 2972 1723 3049 imagine
1743 2970 1790 3030 116·

434 3060 582 3132 creatoris,
605 3065 686 3118 ortus
708 3061 850 3138 principia
865 3068 934 3119 sunt
949 3058 1115 3131 imbecillia,
1136 3059 1282 3136 jocularia
1302 3068 1340 3131 et,
1363 3057 1599 3133 matraculam
1623 3057 1705 3133 labe,
1726 3074 1791 3138 pane

434 3145 590 3224 pudenda,
619 3147 725 3207 humor
748 3150 872 3224 exiguus
894 3154 924 3207 et
945 3149 1066 3223 sanguis
1088 3156 1269 3222 mansimus,
1292 3147 1375 3207 locus
1397 3149 1428 3205 ln
1450 3152 1535 3224 parte
1556 3148 1657 3207 totius
1679 3147 1790 3207 mm

436 3236 566 3311 corporis
590 3233 742 3306 vilissima,
767 3235 849 3294 cibus
872 3249 972 3295 recens
998 3234 1076 3294 edito
1099 3234 1155 3307 lac,
1180 3253 1254 3312 opus
1277 3244 1328 3295 aut
1353 3250 1474 3293 somnus
1495 3241 1549 3292 aut
1573 3237 1717 3312 vagitus,
1738 3237 1789 3292 rita

433 3322 549 3393 sordes3
575 3325 699 3380 amictus
723 3325 831 3395 tricae3
856 3340 890 3380 ex
915 3323 970 3382 bac
985 3331 1082 3380 tamen
1099 3322 1191 3381 veluti
1219 3322 1335 3382 cilicina
1355 3322 1442 3380 nobis
1457 3319 1615 3397 prodeunt,
1642 3327 1697 3397 qui
1715 3321 1789 3380 urbes

434 3416 594 3481 exstruunt,
620 3412 668 3484 qtti
684 3419 786 3484 portus
802 3410 950 3483 effodiunt,
975 3412 1024 3485 qui
1048 3417 1162 3467 montes
1186 3409 1362 3481 rescindunt,
1385 3412 1435 3485 qui
1460 3410 1534 3467 treta
1557 3411 1704 3484 pontibus
1726 3423 1788 3467 ster·

433 3505 522 3571 nunt3
546 3496 691 3572 prodeunt
705 3498 864 3572 Principes,
889 3498 994 3573 Reges,
1019 3497 1214 3555 Monarobae:
1239 3499 1281 3556 sic
1299 3496 1349 3555 illa
1372 3495 1507 3554 coelestis
1523 3496 1685 3557 machinae
1707 3513 1787 3572 capu

436 3582 599 3660 disciplina,
624 3594 765 3661 concepta
787 3586 910 3660 primum
934 3603 968 3643 er
992 3585 1201 3660 imaginatione
1224 3583 1404 3642 horribilium
1425 3583 1503 3641 S‘olis
1526 3593 1557 3641 et
1574 3583 1681 3644 Lunae
1703 3584 1787 3642 deiec-

434 3679 524 3744 tuum,
548 3672 734 3747 siderumque
750 3675 926 3743 crinitorum,
951 3690 1024 3747 quas
1040 3673 1238 3748 apparitiones
1255 3672 1409 3729 tristissimi
1426 3672 1521 3743 gentis
1538 3671 1693 3731 humanae
1715 3686 1787 3730 66666

435 3761 706 3838 consequebantur,
738 3759 841 3819 exinde
865 3749 1046 3817 formationis
1069 3777 1141 3818 suae
1164 3760 1320 3834 primordia
1344 3757 1452 3816 ducens
1474 3775 1618 3833 perquam
1649 3762 1787 3818 16661661

434 3849 572 3919 obscura,
605 3851 803 3922 persuasionis
828 3846 863 3906 de
887 3849 972 3904 astris
997 3849 1145 3921 variisque
1169 3846 1424 3905 constellationum
1449 3844 1549 3919 liguris
1575 3853 1605 3903 et
1629 3846 1787 3923 cupiditatis

433 3935 609 4005 iuturornm,
633 3938 757 4009 primurn
780 3938 840 3992 vim
865 3933 1012 4009 qrrandam
1035 3934 1127 3992 veluti
1152 3932 1270 3991 vitalem
1294 3936 1441 4008 concepit,
1473 3949 1532 4006 qua
1556 3933 1635 3990 treta
1659 3953 1695 3993 er
1717 3934 1787 4006 cogi·

433 4024 574 4080 tationum
599 4022 719 4080 latebris
742 4027 769 4079 in
793 4021 888 4080 lucem
911 4030 1030 4097 apertae
1053 4022 1242 4097 professionis
1265 4022 1360 4095 erupit
1381 4020 1541 4095 palamque
1566 4022 1645 4078 inter
1668 4021 1788 4079 homines

430 4110 536 4183 jactari
559 4113 670 4184 coepit,
702 4117 762 4167 tum
786 4108 888 4168 deinde
911 4128 962 4185 por
985 4112 1098 4166 somnia
1121 4118 1150 4167 et
1173 4125 1266 4183 nugas
1289 4107 1521 4184 praedictionum
1545 4108 1787 4180 genethliacorum

434 4195 558 4254 educata
581 4198 721 4272 paulatim
746 4196 893 4268 adolevit,
925 4197 1102 4271 tandemque
1126 4198 1265 4267 trucibus,
1292 4202 1322 4252 ut
1345 4177 1442 4269 ajunt,
1468 4194 1596 4265 relictis,
1624 4196 1786 4254 viriliani

433 4301 485 4358 por
508 4292 649 4343 consueta
672 4284 893 4342 meditationum
917 4285 1085 4342 coelestium
1117 4286 1254 4342 exercitia
1284 4282 1392 4340 multos
1421 4280 1458 4338 ad
1482 4298 1555 4339 6666
1579 4284 1665 4343 vitae
1688 4281 1786 4341 maehi-

434 4372 627 4446 nationesque
651 4371 838 4430 admirabiles
862 4370 957 4445 adquo
981 4371 1194 4446 providentiam
1215 4388 1308 4427 rerum
1332 4373 1563 4429 necessariarum
1588 4373 1737 4434 transivit.
1758 4366 1787 4425 ad

432 4475 544 4516 morum
577 4462 665 4517 etiam
695 4458 945 4530 emendationem,
976 4460 1045 4532 quin
1074 4460 1133 4515 imo
1162 4457 1199 4515 ad
1228 4460 1320 4533 ipsius
1344 4458 1399 4516 Dei
1423 4458 1565 4515 creatoris
1598 4461 1787 4533 coguitionem

435 4547 526 4603 veluti
551 4564 601 4620 per
623 4545 731 4620 gradus
756 4546 870 4620 aliquos
894 4546 988 4620 magis
1011 4554 1100 4619 atque
1124 4548 1217 4619 magis
1240 4548 1368 4604 enititur.

521 4632 728 4705 Veruntamen,
754 4642 787 4690 ut
809 4636 838 4689 in
855 4634 989 4691 arborum
1014 4632 1094 4690 libris
1111 4636 1188 4704 6661,
1213 4635 1255 4692 616
1270 4633 1297 4689 16
1323 4639 1384 4690 1616
1401 4630 1605 4688 divinissimae
1631 4632 1706 4689 artis
1720 4647 1788 4689 cou-

434 4719 580 4796 positiono
611 4720 787 4779 lineamenta
818 4721 962 4795 quaedam
994 4730 1137 4796 apparent
1161 4728 1239 4778 ortus
1263 4720 1368 4794 hujus.
1400 4726 1432 4774 ut
1455 4723 1579 4774 matrem
1603 4726 1636 4775 et
1659 4721 1788 4776 6661666

434 4806 624 4880 astrologiam
648 4810 793 4884 abnegare
810 4825 867 4865 non
890 4811 983 4883 possit
999 4811 1179 4867 astronomia
1201 4806 1305 4865 filiast
1327 4805 1453 4864 alumna.
1500 4802 1608 4863 Partes
1634 4806 1702 4880 ejus
1716 4822 1788 4881 praa·

432 4895 535 4969 cipnse
559 4895 702 4952 habentur
725 4897 962 4965 observationes,
986 4896 1182 4972 hypotheses,
1214 4894 1398 4963 mechanica,
1431 4888 1565 4949 calculus
1589 4908 1646 4950 seu
1671 4893 1788 4952 tabulae.

434 5000 510 5055 qrrae
526 4982 660 5055 singulae
677 4985 704 5038 16
721 4982 934 5057 praedictiones
957 4983 1096 5040 seruntur.
1142 4981 1305 5039 Observare
1321 4980 1420 5039 docuit
1436 4978 1567 5038 siderum
1591 4983 1711 5054 positus
1731 4994 1789 5040 orn

433 5069 520 5124 futuri
536 5070 669 5145 provido,
695 5078 846 5145 ortumque
865 5071 954 5128 Canis
978 5078 1070 5128 metus
1096 5069 1186 5129 aNili
1211 5067 1466 5126 errrtrdationibus.
1506 5065 1705 5142 Hypotbeses
1728 5083 1787 5127 661·

434 5156 588 5214 stituerunt
611 5155 751 5227 artifices,
778 5165 817 5228 ut,
842 5159 1062 5216 observatarum
1087 5160 1261 5216 varietatum
1286 5155 1383 5213 carreis
1405 5156 1433 5211 in
1458 5166 1563 5230 aperto
1587 5157 1708 5229 positis,
1734 5156 1786 5228 jau

433 5256 492 5299 non
516 5248 628 5301 tantum
651 5260 768 5302 666666
791 5262 826 5304 ex
857 5246 959 5318 astris,
992 5243 1043 5305 sed
1074 5246 1140 5321 ipsa
1162 5246 1250 5305 etiam
1273 5252 1354 5303 astra
1376 5258 1411 5302 ax
1433 5240 1657 5321 hypothesibus
1679 5245 1785 5322 praeri-
