4459 6275
747 761 834 821 aaa
852 728 1016 821 samana
1038 764 1080 821 ne
1097 762 1222 835 sphaera
1238 768 1271 819 a
1284 761 1392 820 casura
1410 762 1480 833 ejus.
1677 849 1680 856 Ι
1729 767 1792 853 tet

432 941 520 1001 nibus
551 942 614 1001 suis
642 942 782 1017 insignire
807 941 957 1017 videntur,
991 945 1042 1019 qui
1065 950 1177 1005 tractus
1199 941 1325 1003 mediam
1348 943 1505 1019 sphaeram
1526 943 1665 1017 limeum,
1696 952 1729 1005 ut
1757 962 1794 1007 aa

433 1028 551 1104 quidem
580 1047 599 1087 a
628 1028 712 1088 uobis
741 1031 893 1106 aspicitur,
924 1032 1015 1106 cingit
1046 1031 1189 1107 undique,
1221 1033 1264 1089 ita
1292 1038 1325 1090 ut
1353 1049 1407 1091 nos
1436 1033 1465 1088 in
1495 1032 1558 1109 ejus
1580 1032 1670 1109 plano
1692 1033 1792 1095 simus.

432 1115 554 1194 Semper
576 1117 653 1176 enim
675 1133 744 1192 pars
777 1117 856 1177 illius
884 1125 995 1189 tractus
1025 1121 1166 1178 orientem
1197 1118 1331 1179 obtinens
1363 1126 1392 1178 et
1421 1136 1488 1194 pars
1513 1119 1650 1180 occidens
1679 1122 1708 1179 in
1735 1138 1794 1180 nna

432 1214 460 1263 et
483 1202 589 1264 eadem
612 1212 691 1262 recta
711 1203 791 1263 linea
813 1222 832 1263 a
854 1206 939 1265 nobis
962 1207 1151 1282 aspiciuntur,
1176 1221 1325 1281 nunquam
1344 1212 1468 1282 utraque
1484 1225 1552 1283 pars
1567 1206 1605 1267 ab
1620 1207 1724 1267 eodem
1745 1208 1793 1268 la·

432 1299 492 1351 tere
509 1292 644 1351 cernitur.
684 1290 781 1366 Hujus
805 1299 926 1370 tractus,
949 1285 1000 1368 qui
1020 1293 1158 1353 zodiacus
1181 1293 1294 1366 dicitur,
1318 1293 1428 1369 efligies
1452 1294 1481 1351 iu
1503 1294 1629 1371 sphaera
1650 1295 1794 1355 materiali

432 1386 476 1438 est
491 1378 573 1439 latus
595 1378 645 1437 ille
660 1378 768 1437 limbus
790 1377 829 1436 ad
845 1380 1091 1455 aequinoctialem
1115 1381 1262 1456 obliquus.

519 1469 552 1522 In
570 1469 709 1525 schemate
726 1469 769 1525 eo.
787 1476 815 1524 et
832 1471 930 1525 ceteris
948 1470 1054 1537 LMQN
1072 1478 1114 1525 est
1131 1470 1260 1525 zodiacus
1279 1470 1394 1538 ejusque
1412 1469 1469 1538 poli
1487 1471 1519 1536 0,
1537 1471 1567 1539 P,
1586 1471 1639 1527 hac
1656 1473 1723 1531 sice.

525 1549 591 1610 Car
611 1560 715 1612 amau
736 1552 784 1611 lu‘c
805 1553 885 1612 solas
904 1554 1088 1614 circulorum
1111 1555 1258 1628 sphaerae
1279 1556 1447 1615 materiatis
1468 1555 1662 1615 latitudinem
1683 1557 1795 1617 obtinet

432 1639 577 1699 mutum?
607 1637 685 1713 Quia
713 1638 794 1698 solus
816 1638 867 1698 Sol
899 1648 997 1701 centro
1026 1657 1080 1699 sno
1108 1641 1235 1699 mediam
1266 1640 1330 1716 ejus
1353 1639 1460 1700 lincam
1484 1642 1646 1702 describere
1675 1650 1704 1703 et
1725 1661 1794 1720 per·

432 1736 523 1804 petuo
556 1728 585 1783 in
617 1743 653 1786 ea
680 1727 814 1786 oberrare
845 1726 1083 1803 deprehenditur,
1115 1731 1202 1788 ceteri
1233 1727 1369 1803 planetae
1399 1746 1464 1787 raro
1494 1731 1523 1787 iu
1556 1747 1620 1789 eam
1655 1731 1794 1805 incidunt,

433 1814 608 1892 plerumque
632 1830 701 1873 vcro
724 1813 762 1872 ad
790 1814 883 1873 latera
903 1815 976 1890 ejus
1006 1823 1161 1875 excurrunt
1189 1823 1271 1877 tanto
1300 1814 1338 1874 ad
1367 1833 1512 1876 summum
1541 1819 1654 1893 spatio,
1684 1827 1793 1894 quanta

434 1903 622 1961 constituitur
644 1900 770 1960 latitudo
793 1900 882 1977 hujus
904 1901 986 1962 limbi
1010 1906 1039 1960 in
1062 1902 1189 1979 sphaera
1210 1902 1364 1961 materiali.

525 1988 654 2064 Quanta
680 1996 723 2047 ert
743 1988 817 2047 baec
838 1990 989 2050 latitudo?
1018 1991 1141 2050 Veteres
1164 1990 1202 2051 ad
1231 1997 1342 2048 motum
1366 1988 1467 2048 Lunae
1490 1991 1675 2065 potissimum
1697 1995 1794 2069 respi-

433 2076 542 2136 cientes
570 2075 702 2136 iecerunt
731 2094 797 2135 eam
825 2075 977 2136 duodecim
1006 2077 1160 2153 graduum.
1206 2079 1246 2137 At
1268 2079 1292 2136 si
1316 2080 1445 2137 omnium
1467 2076 1667 2154 planetarum,
1701 2081 1791 2141 etiam

434 2161 540 2222 ldsrtis
563 2168 593 2223 et
608 2161 731 2222 Veneris
755 2166 945 2249 evagationes
970 2164 1091 2225 dimidia
1107 2165 1172 2241 ejus
1194 2163 1320 2224 latitudo
1337 2164 1425 2225 debet
1446 2167 1574 2242 assequi,
1599 2185 1665 2226 cum
1689 2166 1742 2228 illa
1756 2170 1795 2227 sit

434 2259 558 2327 septem,
582 2249 657 2310 baec
673 2250 773 2310 decem
788 2250 940 2327 graduum,
963 2250 1148 2312 latitudinem
1163 2253 1302 2312 zodiacus
1316 2252 1439 2312 habebit
1457 2256 1505 2310 14¹
1516 2262 1569 2313 aut
1584 2256 1625 2335 20
1641 2255 1793 2332 graduum.

523 2338 586 2398 Die
608 2355 714 2397 naam
743 2339 835 2411 bajus
866 2339 984 2398 mediae
1005 2343 1102 2400 tincae
1132 2343 1297 2414 originem,
1330 2343 1443 2414 quippe
1472 2358 1541 2399 cum
1566 2341 1619 2403 Sol
1643 2361 1709 2403 uere
1730 2362 1795 2404 uon

433 2433 609 2498 moveatur,
644 2426 695 2484 sed
723 2433 844 2484 tontum
874 2429 990 2486 moveri
1021 2427 1184 2486 adeatur?
1215 2425 1317 2486 Tellus
1348 2436 1448 2485 nostra
1477 2435 1680 2505 praeterquam
1714 2430 1794 2506 quod

433 2522 516 2573 motu
547 2511 651 2572 diurno
682 2513 882 2586 convolvitur,
916 2522 961 2573 est
988 2515 1076 2574 etiam
1110 2531 1186 2571 unus
1219 2532 1235 2573 e
1269 2530 1389 2572 numero
1421 2513 1604 2590 planetarum
1638 2526 1667 2577 et
1696 2517 1793 2579 medie

435 2600 502 2661 loco
533 2601 610 2661 inter
632 2599 756 2660 Martem
785 2608 815 2660 et
840 2599 985 2660 Venerem
1013 2603 1089 2661 circa
1111 2598 1211 2659 Solem
1239 2601 1386 2673 circumit,
1418 2601 1514 2661 medio
1545 2605 1632 2662 etiam
1657 2607 1794 2680 temporis

434 2688 571 2761 modulo,
604 2694 638 2747 nt
667 2690 697 2746 in
726 2689 856 2748 theorica
889 2687 1020 2747 doctrina
1047 2687 1210 2746 audiemus.
1263 2686 1333 2747 Jam
1361 2688 1438 2765 finge
1468 2688 1601 2748 eductam
1631 2708 1667 2749 ex
1695 2698 1794 2752 centro

434 2775 512 2837 Solis
535 2774 646 2835 lineam
668 2782 776 2835 rectum
797 2792 849 2851 per
872 2783 1001 2835 centrum
1025 2774 1132 2834 Terrae
1155 2792 1248 2851 usque
1279 2775 1317 2835 ad
1341 2776 1414 2835 fixas
1447 2782 1476 2835 et
1498 2776 1674 2838 circumferri
1696 2795 1794 2838 annuo

434 2870 515 2922 motu
541 2879 608 2922 cum
620 2862 711 2921 Terra
733 2864 788 2922 sub
811 2862 892 2921 liris:
918 2862 969 2921 illa
991 2864 1079 2937 igitur
1103 2863 1182 2922 linea
1205 2863 1351 2923 describet
1373 2865 1507 2924 semitam
1529 2863 1643 2923 zodiaci
1659 2865 1794 2941 mediam,

433 2954 476 3010 sic
499 2956 533 3008 ut
557 2949 610 3008 Sol
633 2946 747 3024 semper
771 2952 800 3008 in
829 2958 912 3025 parte
937 2946 1073 3027 opposita
1095 2950 1175 3026 ejus,
1205 2953 1234 3009 in
1257 2967 1346 3027 quam
1369 2951 1469 3011 Tellus
1492 2958 1620 3027 spectat,
1645 2969 1681 3012 ex
1704 2953 1795 3014 Terra

437 3037 622 3097 intuentibus
644 3036 762 3096 haerere
785 3035 928 3097 videatur.

526 3125 686 3201 Quomodo
708 3124 881 3202 appellatur
903 3124 977 3185 icccc
997 3124 1100 3185 media
1123 3126 1228 3186 liaeo?
1256 3123 1415 3201 Eeliptica,
1444 3144 1478 3187 ee
1511 3125 1591 3203 quod
1613 3125 1703 3188 Terra
1727 3147 1795 3188 mu-

436 3230 554 3274 cronem
579 3214 716 3283 umbrae,
740 3218 841 3288 utpote
864 3215 893 3269 in
917 3214 994 3273 linea
1014 3213 1077 3288 jam
1099 3213 1188 3272 modo
1212 3215 1382 3288 imaginata,
1405 3214 1460 3273 sub
1483 3232 1519 3274 ea
1541 3216 1740 3291 circumierat,
1764 3218 1795 3276 in

437 3319 527 3377 quam
558 3301 690 3359 umbram
714 3302 829 3376 quoties
851 3297 935 3359 Luna
959 3300 1072 3373 incidit,
1102 3300 1224 3377 eclipsin
1248 3303 1372 3377 patitur3
1398 3304 1500 3369 κυκλος
1521 3297 1640 3381 ἡλιακος
1663 3302 1794 3378 Graecis,

438 3388 517 3465 quod
545 3388 620 3447 baec
649 3390 689 3446 sit
718 3389 813 3446 orbita
835 3386 913 3446 Solis
944 3395 1102 3464 perpetua,
1137 3392 1206 3447 item
1229 3390 1333 3457 κυκλος
1355 3382 1372 3448 ὁ
1395 3394 1443 3448 δια
1468 3412 1563 3463 pauor
1592 3413 1649 3451 ter
1675 3387 1795 3463 ζωὸιων,

439 3475 518 3552 quod
541 3474 660 3534 zodiaci
681 3474 866 3534 latitudinem
889 3476 1003 3535 medius
1027 3474 1174 3550 dispescat
1197 3478 1225 3533 in
1250 3474 1325 3534 duos
1347 3476 1464 3535 limbos.

526 3561 611 3639 Quid
631 3569 673 3620 est
694 3565 790 3638 ipitur
812 3563 971 3637 ecliptico?
993 3562 1046 3622 Est
1067 3562 1147 3638 plani
1170 3581 1222 3639 per
1244 3571 1375 3622 ceuuum
1390 3561 1468 3622 Solis
1491 3571 1521 3623 et
1537 3563 1644 3625 Terrae
1666 3566 1796 3627 inomni

439 3650 503 3726 ejus
526 3654 587 3709 situ
611 3648 737 3709 uaduoti
760 3652 921 3709 communis
943 3652 1035 3710 sectio
1059 3666 1125 3708 cum
1148 3651 1291 3726 sphaerae
1314 3649 1436 3709 fixarum
1460 3665 1601 3712 concavo.

530 3736 589 3798 Ubi
609 3744 683 3797 suat
703 3737 767 3812 poli
789 3737 963 3812 eclipticus?
986 3738 1146 3814 Eclipticae
1161 3736 1248 3813 polus
1272 3739 1306 3810 is,
1330 3755 1416 3812 quern
1439 3754 1493 3797 nos
1507 3740 1674 3814 aspicimus,
1698 3747 1744 3800 est
1766 3741 1794 3800 in

438 3826 533 3887 medic
556 3826 636 3888 ilexu
659 3823 771 3885 Helicis
794 3842 847 3885 seu
869 3824 1028 3898 Draconis,
1058 3827 1087 3882 in
1110 3824 1177 3884 loco
1200 3824 1275 3883 coeli
1298 3825 1438 3898 obscuro,
1462 3827 1492 3882 in
1514 3824 1594 3885 linea
1615 3844 1652 3886 ex
1675 3826 1795 3902 quadri·

436 3912 528 3976 latero
550 3911 646 3975 Ursas
668 3913 788 3989 majoris
810 3929 862 3988 per
885 3912 1115 3988 quadrilaterum
1132 3910 1223 3971 Ursae
1246 3913 1366 3971 minoris
1389 3919 1494 3985 erecta,
1518 3914 1593 3972 iuter
1613 3911 1717 3973 Ursam
1739 3917 1796 3973 mi·

439 4017 538 4061 uorem
561 4008 592 4060 et
614 4000 722 4062 collum
746 4000 857 4077 Cygni,
890 4002 933 4059 sic
956 4002 1030 4058 inter
1053 3999 1197 4058 Coronam
1228 4006 1257 4058 et
1280 3998 1491 4075 Cassiopeiam.
1539 4000 1672 4060 Alterum
1694 4001 1796 4077 polum

440 4090 661 4164 inconspicuum
684 4089 775 4150 lsrtur
797 4087 929 4147 obtinere
953 4085 1136 4146 constellatio
1159 4086 1262 4160 Piscis,
1284 4084 1445 4163 Hispanice
1469 4087 1589 4147 Dorado
1612 4088 1699 4164 dicti,
1721 4090 1798 4150 intra

440 4192 545 4237 navem
569 4176 666 4251 Argo;
689 4177 815 4236 vicinam
839 4175 929 4234 babet
951 4173 1126 4234 rurbeculam
1149 4175 1299 4252 majorem.
1360 4248 1362 4251 Ι
1420 4179 1424 4187 “
1721 4204 1725 4211 ·

526 4263 691 4338 Semperne
720 4281 790 4324 cum
811 4265 857 4322 bis
884 4263 955 4340 [lais
976 4266 1180 4322 inveniuntur
1199 4264 1263 4340 poli
1284 4263 1436 4337 eclipticas
1458 4263 1584 4339 ipsoque
1606 4261 1681 4324 adeo
1704 4263 1796 4340 eclip-

439 4352 522 4418 tico?
541 4350 624 4411 Intra
646 4351 747 4410 secula
770 4355 876 4424 omnia,
901 4350 1008 4426 quibus
1030 4353 1126 4427 viguit
1148 4352 1336 4423 astronomia,
1361 4349 1409 4409 vel
1432 4349 1505 4408 nibil
1530 4349 1576 4409 vel
1593 4349 1668 4409 adeo
1691 4369 1794 4427 parum

439 4440 557 4500 recessit
580 4438 715 4512 ecliptica
738 4455 756 4495 a
779 4436 843 4495 lixis
866 4441 1004 4513 pristinis,
1028 4441 1057 4496 iu
1073 4437 1177 4497 Cancri
1201 4447 1231 4496 et
1246 4437 1414 4513 Capricorni
1438 4436 1579 4511 confiniis,
1605 4445 1636 4496 ut
1658 4455 1716 4498 nou
1732 4441 1795 4500 sine

441 4526 624 4586 dubitatione
647 4523 677 4582 id
700 4533 867 4599 acceptetur
888 4525 926 4582 ab
949 4528 1133 4599 astronomis,
1158 4524 1194 4586 de
1217 4542 1275 4601 quo
1298 4533 1380 4584 motu
1403 4524 1477 4583 libro
1500 4523 1569 4584 Vll.
1592 4525 1686 4601 plura.

528 4611 710 4685 Cetiaemodi
731 4612 862 4670 circulus
884 4619 925 4669 eet
947 4613 1107 4688 ecliptica?
1136 4613 1187 4672 llst
1209 4614 1402 4671 maximorum
1424 4629 1511 4687 unus,
1536 4615 1606 4687 qula
1630 4611 1795 4689 depreben-

440 4700 516 4760 ditur
537 4698 640 4761 Solem
662 4697 798 4760 exhibere
822 4701 851 4756 in
874 4702 1042 4773 aequaturis
1064 4701 1207 4777 oppositis
1237 4718 1273 4759 ex
1296 4707 1395 4758 centro
1418 4699 1507 4771 locis,
1539 4706 1568 4758 et
1595 4701 1666 4775 quia
1688 4699 1739 4759 Sol
1766 4701 1796 4758 in

440 4787 593 4863 eclipticas
621 4785 696 4846 locis
724 4787 868 4862 oppositis
899 4786 1061 4862 acqualiter
1084 4787 1174 4846 distat
1196 4788 1234 4847 ab
1261 4792 1420 4862 aequatore
1444 4787 1473 4842 in
1495 4785 1599 4862 plagas
1622 4789 1793 4847 contrarias.
1865 4780 1867 4784 ’

441 4874 514 4936 Cum
536 4883 636 4935 antem
660 4873 785 4934 circulus
807 4875 965 4932 maximum
988 4876 1099 4935 bisecat
1120 4882 1172 4934 aut
1194 4892 1211 4934 a
1235 4876 1362 4933 maximo
1386 4874 1415 4932 in
1439 4876 1582 4950 oppositis
1604 4874 1676 4934 locis
1692 4874 1796 4951 aequi·

443 4962 539 5037 distat,
562 4964 709 5023 maximus
731 4970 760 5022 et
783 4964 847 5037 ipse
869 4969 922 5020 est.

535 5048 621 5110 Unde
643 5067 715 5112 cero
737 5050 868 5109 circulus
898 5051 951 5106 iste
981 5048 1062 5107 latua
1084 5047 1180 5108 dictus
1202 5056 1243 5107 cst
1265 5046 1429 5109 zodiacus?
1461 5049 1574 5123 chiu,
1598 5064 1705 5124 graeca
1726 5064 1795 5124 ron,

444 5137 588 5214 significat
610 5136 701 5197 latine
724 5139 817 5214 signs,
840 5138 1006 5212 germanice
1028 5134 1139 5208 atita,
1162 5153 1203 5195 sc·
1225 5137 1370 5210 imagines
1392 5133 1541 5193 bominum
1564 5143 1595 5195 ct
1616 5132 1795 5195 animalium.

414 5273 420 5286 ,
446 5224 497 5288 Est
516 5227 607 5302 igitur
629 5227 782 5294 Ζωὸιακος
803 5224 894 5286 latine
916 5224 1052 5301 signiter,
1082 5225 1247 5300 germanice
1269 5222 1447 5284 attuaticis.
1484 5220 1605 5286 ,Nomen
1627 5220 1684 5283 boc
1706 5220 1797 5284 habet

495 5326 687 5380 repletionem
715 5325 757 5370 Vl.
1550 5328 1589 5387 13
