4459 6275
853 793 896 851 lie
922 794 1048 868 Epitome
1070 784 1265 887 astronomiae.
1319 816 1321 821 ·
1685 800 1725 860 76

381 970 464 1034 piaris
483 972 532 1021 duo
550 974 600 1023 albi
618 974 709 1038 mittat,
728 990 819 1035 „unum
838 976 939 1040 quidem
958 978 982 1024 in
1001 989 1083 1024 meum
1101 990 1173 1025 usum
1186 979 1300 1039 (primam
1314 980 1414 1038 partem,
1432 988 1505 1037 quam
1524 976 1589 1024 dono
1607 990 1622 1024 a
1640 979 1663 1023 ie
1680 989 1726 1024 ac-

379 1056 504 1105 ceperam,
522 1045 552 1093 ll.
565 1045 597 1094 D.
612 1044 795 1110 Klophngerns,
811 1047 922 1096 medicus
935 1045 1067 1094 familiaris
1081 1046 1205 1109 quondam
1222 1052 1280 1094 taus
1298 1046 1387 1108 hincii,
1407 1046 1503 1105 magnis
1522 1047 1637 1108 precibus
1655 1059 1669 1092 a
1686 1059 1726 1093 me

380 1115 505 1173 extorsit),
522 1115 628 1162 alterum
646 1128 690 1176 pro
709 1116 740 1163 D.
760 1116 898 1166 Phaediero
916 1117 1009 1173 nobili,
1036 1118 1080 1181 qni
1099 1115 1204 1164 dimidio
1221 1115 1322 1164 milliari
1339 1129 1356 1164 a
1373 1115 1445 1164 nobis
1464 1116 1490 1163 in
1508 1116 1650 1175 Loechberg
1666 1129 1724 1164 arce

379 1182 494 1245 habitat,
521 1189 545 1233 et
562 1182 635 1232 simul
653 1184 760 1245 pretium
778 1185 884 1250 indices,
910 1185 977 1251 quod
1002 1187 1083 1248 prima
1107 1188 1236 1235 occasione
1259 1187 1305 1234 tihi
1329 1186 1463 1234 mittetur.“
1499 1184 1579 1234 Paulo
1599 1190 1654 1247 post
1672 1184 1724 1250 (ιι.

378 1251 467 1314 Febr.)
495 1254 582 1302 scribit
599 1252 700 1303 Cruslus
720 1254 825 1318 lieplero
854 1256 1016 1319 respondeus:
1039 1256 1259 1320 Existimarersm,
1283 1255 1419 1304 secundam
1438 1259 1533 1317 partem
1552 1255 1724 1304 listronomlae

379 1322 449 1371 'l'nae
468 1325 588 1385 proximis
605 1324 725 1376 nundinis
743 1324 883 1374 vernalibus
902 1327 1024 1374 exituram
1042 1327 1069 1373 ln
1088 1327 1180 1384 lucem,
1205 1326 1247 1373 sed
1266 1328 1358 1373 misera
1380 1324 1462 1373 adhuc
1478 1330 1579 1387 propter
1596 1326 1724 1384 ignaviam

380 1398 514 1453 parentum
533 1399 558 1442 et
575 1401 686 1443 tutorum
700 1409 800 1444 suornm
818 1397 845 1444 in
863 1397 990 1456 gurgustio
1010 1397 1157 1465 typographi
1176 1396 1319 1444 delitescere
1338 1395 1442 1454 cogitur.
1479 1396 1500 1444 0
1526 1397 1632 1455 injustos
1653 1396 1724 1455 genl-

381 1466 458 1527 tores,
477 1461 581 1528 quornm
601 1466 691 1527 supina
708 1463 860 1526 negligentia
878 1466 1011 1514 liberorum
1030 1467 1128 1514 claritas
1147 1472 1172 1514 et
1188 1467 1351 1513 fortunatam
1363 1466 1468 1525 turpiter
1484 1464 1614 1526 perdituri.
1628 1465 1725 1529 Ecquid

379 1533 551 1595 typographus
569 1535 638 1594 egit?
668 1533 754 1583 Nonne
772 1535 849 1596 pudet
865 1535 1003 1602 hominem,
1024 1537 1105 1598 spatio
1126 1536 1139 1582 i
1158 1536 1280 1583 niensium
1298 1538 1331 1583 ιο
1348 1538 1445 1582 tantum
1463 1536 1568 1596 paginas
1586 1549 1658 1597 posse
1675 1535 1724 1582 lm-

378 1602 509 1662 primeret
528 1605 566 1651 An
578 1605 613 1651 ita
624 1605 651 1651 ln
661 1619 688 1652 re
701 1606 790 1652 uxoris
802 1610 937 1667 occupatus
950 1610 995 1669 est,
1014 1612 1042 1652 ιιι
1054 1606 1103 1654 cibi
1117 1606 1192 1653 etlam
1205 1606 1381 1654 obliviscatur‘i
1400 1604 1428 1651 In
1441 1603 1596 1673 llarmonicia
1613 1605 1664 1652 tuis
1682 1609 1726 1652 ant

377 1684 435 1718 vera
448 1678 494 1720 aut
506 1672 569 1721 ntes
582 1674 694 1738 docebis3
714 1676 735 1722 sl
747 1688 817 1723 vers:
836 1676 1009 1736 sagacissimus
1022 1676 1083 1723 mihi
1099 1679 1202 1724 naturae
1214 1674 1319 1723 Hermes
1331 1675 1393 1730 erls;
1411 1675 1450 1722 sin
1463 1672 1540 1720 iales:
1557 1673 1723 1736 pulcherrima

379 1745 468 1789 tamen
484 1744 653 1804 speculatione
671 1744 798 1792 hominum
815 1746 1027 1805 ingeniosissimos
1045 1747 1142 1793 animos
1160 1758 1234 1806 saepe
1252 1744 1395 1794 delectabis.
1432 1745 1466 1791 nt
1483 1757 1558 1807 quam
1577 1734 1677 1802 vellem,
1696 1749 1725 1791 ut

377 1811 512 1860 serissima
529 1813 579 1860 sint
597 1814 687 1875 omnis,
705 1819 770 1878 qua'e
788 1816 925 1876 scripturus
943 1829 976 1876 ss,
994 1816 1140 1878 praesertim
1158 1828 1188 1862 ee
1206 1815 1397 1879 demonstratio,
1427 1827 1490 1878 qnae
1513 1813 1546 1861 ad
1565 1814 1725 1866 obtinendem

378 1880 572 1943 dispositionem
590 1884 659 1931 illam
677 1898 733 1933 rere
751 1885 918 1933 harmonicam
938 1887 964 1932 in
983 1886 1092 1932 motibus
1111 1897 1240 1947 corporum
1253 1884 1404 1937 coelestium.
1423 1883 1618 1931 eeeentricitataa
1634 1885 1724 1945 plana

378 1954 463 1996 tarum
480 1948 542 1998 illae
554 1953 642 2018 ipsae,
665 1967 729 2018 qaas
753 1956 860 2019 quilibet
881 1969 926 2016 pro
946 1969 971 2002 se
991 1955 1065 2002 hehet
1083 1959 1108 2002 et
1124 1967 1174 2002 non
1192 1955 1257 2002 alise
1275 1954 1395 2001 constitui
1413 1952 1551 2000 debuerint
1586 1953 1618 2000 Et
1635 1952 1724 2003 videor

376 2020 440 2067 mihi
458 2022 510 2080 jam
528 2024 657 2071 raritatem
676 2029 768 2071 certam
785 2031 810 2071 et
827 2027 922 2072 ilrmom
939 2024 1099 2072 harmonicae
1117 2028 1173 2071 tuae
1185 2024 1357 2086 dispositionis
1374 2023 1401 2070 in
1420 2023 1529 2070 motibus
1541 2023 1596 2070 istis
1609 2021 1724 2071 eoelesti-
1818 2056 1820 2062 -

376 2088 423 2137 bus
442 2089 541 2155 ridere,
567 2094 589 2141 sl
607 2092 680 2141 modo
699 2092 816 2154 palmaria
833 2100 878 2141 tna
895 2094 1039 2156 hypothesis
1059 2095 1088 2142 de
1106 2094 1162 2141 ioco
1181 2094 1246 2143 Solis
1265 2095 1291 2142 in
1309 2099 1393 2141 centro
1411 2093 1522 2141 universi
1538 2090 1725 2141 irrefutabiliter

375 2157 548 2208 demonstrata
566 2170 637 2210 esset.
663 2163 696 2210 lit
713 2163 783 2212 crede
802 2164 870 2218 mihi.
889 2164 1049 2227 quantumin
1063 2164 1271 2212 demonstratione
1284 2163 1365 2212 dictae
1377 2168 1434 2209 tusa
1447 2161 1612 2224 hypotheseos
1624 2160 1723 2211 lahora-

373 2230 453 2293 rerls,
479 2234 574 2279 tantum
596 2232 736 2294 splendoris
755 2239 780 2281 et
797 2234 954 2281 auctoritatis
977 2238 1001 2280 et
1024 2234 1083 2281 ildei
1106 2241 1131 2281 et
1147 2235 1258 2282 veritatis
1281 2233 1314 2281 ad
1333 2232 1509 2281 llarmonicsm
1528 2237 1596 2279 tuam
1614 2232 1723 2292 accedet,

373 2312 421 2346 nee
439 2312 506 2361 opus
521 2303 578 2364 erit,
603 2309 632 2350 ut
650 2301 766 2351 lectorem
784 2309 854 2350 tunm
871 2317 916 2365 per
930 2306 985 2361 ,100
1004 2316 1082 2352 annos
1101 2309 1237 2368 exspectes,
1262 2301 1306 2351 sed
1323 2304 1395 2351 vivus
1413 2303 1497 2362 etiam,
1525 2301 1593 2366 quod
1610 2303 1674 2350 nulli
1693 2303 1724 2349 ab

375 2367 506 2417 hominnm
525 2373 643 2420 memoria
661 2374 779 2433 contigit,
802 2375 867 2422 inter
884 2373 965 2423 sidera
982 2372 1107 2437 reisrerls3
1134 2376 1186 2435 ipss
1204 2373 1281 2422 Grion
1303 2377 1328 2420 et
1346 2375 1512 2420 monstrorum
1531 2371 1637 2421 domitor
1654 2371 1722 2421 Her-

374 2439 444 2487 cules
462 2440 510 2488 tibi
529 2441 623 2505 cedent,
642 2456 687 2491 nec
704 2444 843 2510 principem
861 2445 926 2492 lnter
943 2449 1010 2492 astra
1028 2443 1109 2491 iocum
1128 2448 1154 2491 et
1172 2442 1253 2490 iumen
1271 2442 1428 2491 inridebunt.

462 2508 620 2573 Exemplarla
637 2513 732 2575 primae
748 2515 825 2575 partis
843 2515 1014 2563 astronomiae
1036 2519 1095 2561 tuae
1120 2527 1163 2574 ego
1187 2518 1211 2561 et
1229 2513 1261 2563 D.
1276 2511 1433 2564 Phandlsrus
1456 2512 1603 2573 accepimns.
1638 2513 1668 2560 ln
1692 2526 1720 2560 eo

374 2577 521 2643 exemplari,
540 2581 607 2644 quod
626 2583 685 2629 mihi
704 2586 791 2646 cessit,
811 2583 894 2632 deficit
911 2584 975 2631 eirca
989 2572 1067 2633 inem
1085 2585 1180 2645 pagina
1196 2583 1282 2630 literae
1299 2583 1323 2629 V
1341 2587 1366 2629 et
1383 2583 1477 2645 pagins
1494 2581 1582 2629 literne
1601 2580 1629 2628 ll
1647 2593 1720 2630 eass-

374 2647 426 2711 dit,
453 2661 528 2710 qnam
544 2652 643 2699 remitto
660 2659 686 2700 et
702 2652 734 2702 D.
753 2650 914 2712 Megiseerum
931 2654 1032 2701 nomlue
1050 2667 1105 2701 meo
1124 2653 1306 2701 officiosissime
1330 2652 1467 2700 salutatum
1485 2665 1541 2711 ora,
1565 2664 1672 2714 quaeso.
1695 2656 1724 2699 ut

374 2723 477 2779 recepta
495 2721 588 2780 pagina
604 2721 630 2771 bi
648 2722 802 2771 deiicientem
822 2737 876 2784 pag.
895 2723 919 2769 V
936 2724 992 2785 tibi,
1010 2728 1039 2771 ut
1055 2723 1103 2771 hoc
1120 2724 1211 2772 nuncin
1230 2736 1283 2771 esna
1300 2723 1398 2784 mittas,
1417 2721 1513 2769 tradere
1532 2735 1580 2769 nou
1598 2727 1722 2780 gravetur.

464 2787 582 2838 Proxima
601 2790 681 2840 Grnsii
700 2793 804 2854 epistola
822 2797 874 2841 tota
892 2798 929 2841 ιιι
951 2792 981 2839 de
999 2792 1139 2840 Harmonia
1162 2797 1187 2840 et
1207 2793 1233 2839 in
1256 2791 1410 2855 praelatione
1428 2790 1460 2837 ad
1479 2791 1526 2838 hoc
1544 2805 1607 2854 opus
1624 2791 1722 2851 iegitur.

374 2855 446 2918 Quae
470 2856 535 2907 hanc
558 2863 720 2924 sequebatur,
748 2862 804 2909 data
822 2867 859 2910 ιιι
877 2861 990 2911 Generee
1008 2858 1064 2927 51η.
1083 2861 1146 2920 Mali
1167 2863 1240 2913 reat.
1276 2861 1377 2910 Gausins
1402 2866 1497 2920 narrat,
1521 2874 1547 2908 ss
1569 2863 1595 2908 in
1614 2860 1723 2909 Galliam

375 2928 545 2987 protecturum
569 2931 682 2981 hincium
707 2932 804 2980 uenisse
825 2932 911 2996 ibique
935 2934 1096 2997 comperisse,
1127 2930 1261 2993 Kapierum
1284 2934 1311 2979 ln
1336 2931 1558 2988 wumembargiem
1584 2931 1722 2991 proiectum

373 3011 443 3057 esse,
469 2997 525 3047 »rel
543 3000 570 3048 in
587 2996 680 3062 Augila
697 3003 871 3063 peregrinari«
909 3002 1023 3050 Generae
1041 3006 1151 3050 moratus
1176 3008 1213 3050 ιιι
1231 3001 1332 3051 (iruslus
1356 3000 1424 3063 apud
1443 2997 1636 3060 Gringslletnm,
1663 2999 1722 3048 inde

373 3067 486 3129 Parisios
504 3082 672 3135 concessurus,
691 3073 736 3120 ubi
748 3071 902 3133 aliquamdiu
920 3072 1053 3120 consistere
1071 3073 1097 3120 in
1110 3068 1237 3134 proposito
1257 3073 1350 3120 hebuit
1376 3069 1431 3129 „hd
1445 3067 1533 3117 manus
1545 3082 1621 3133 meas,
1640 3070 1722 3131 relert,

374 3138 415 3186 hic
434 3134 614 3202 Campanellae
632 3141 696 3191 liber
714 3142 744 3189 de
763 3156 835 3191 sensu
855 3155 935 3189 rerum
952 3142 1080 3205 pervenit,
1104 3143 1130 3190 ln
1149 3156 1213 3207 quo,
1236 3143 1299 3206 qnia
1320 3147 1405 3191 auctor
1429 3141 1477 3188 iste
1500 3138 1578 3187 multa
1596 3139 1723 3187 subtiliter

374 3206 403 3255 de
422 3209 510 3256 anima
527 3212 637 3259 omnium
662 3225 744 3260 rernm
768 3216 792 3259 et
817 3213 938 3260 sentiente
956 3216 981 3260 et
997 3209 1153 3271 intelligente
1171 3211 1294 3276 disputat,
1319 3217 1344 3259 et
1360 3212 1387 3259 in
1412 3223 1455 3275 ιι,
1480 3209 1547 3274 qnod
1567 3214 1593 3257 ιιι
1611 3207 1722 3257 animem

373 3276 465 3325 Terrae
483 3280 630 3329 sentientem
648 3294 677 3330 ac
694 3293 739 3330 suo
756 3281 831 3329 modo
853 3279 1033 3342 intelligentem
1057 3284 1132 3329 etlam
1155 3282 1182 3329 ln
1200 3281 1356 3331 llarmonicia
1380 3280 1431 3329 tuis
1454 3279 1620 3340 demonstras,
1642 3283 1723 3327 tecum

374 3348 507 3396 convenire
524 3349 629 3409 ridetur,
648 3365 676 3400 eo
694 3349 814 3400 libentius
830 3354 951 3413 scriptum
968 3349 1033 3399 illud
1052 3352 1199 3412 perlegam«
1480 3369 1484 3376 ·
1723 3389 1725 3394 .

461 3418 556 3470 Ultima
574 3434 656 3469 earum
674 3435 739 3482 quae
757 3426 890 3483 supersunt
908 3420 1167 3483 crusiiapisteiarum
1187 3420 1245 3469 data
1262 3425 1299 3470 ιιι
1318 3419 1476 3480 Argentorati
1494 3421 1544 3478 (lb.
1556 3420 1617 3469 Nor.
1638 3417 1723 3483 leti).

373 3486 507 3536 Tumultus
527 3487 619 3538 Gallici
638 3489 750 3539 Grueium
769 3492 934 3555 impulerunt,
956 3496 985 3538 ut
1002 3491 1072 3553 prius
1090 3505 1167 3555 qnam
1184 3491 1234 3553 ipsi
1252 3490 1405 3556 propositum
1423 3490 1504 3538 luerat
1521 3491 1547 3537 ln
1565 3489 1722 3539 Germaniam

372 3557 474 3610 rediret.
501 3558 592 3620 Roiert,
611 3560 637 3608 in
656 3561 743 3609 itinere
756 3563 854 3609 Genera
867 3561 975 3609 Parisios
993 3563 1057 3610 lacto
1072 3562 1215 3609 observasse
1233 3574 1259 3608 se
1277 3560 1414 3624 deliquium
1427 3559 1502 3623 Solle,
1520 3559 1585 3608 redit
1601 3560 1632 3608 ad
1643 3558 1722 3620 Prog-

373 3628 499 3676 nosticum
518 3626 620 3691 lleplarl
643 3631 669 3677 ln
687 3643 765 3679 annos
786 3632 852 3679 lete
870 3635 896 3678 et
912 3630 979 3681 1619
999 3630 1055 3691 (cir.
1074 3629 1123 3678 rol.
1142 3630 1161 3680 l.
1179 3644 1203 3692 p.
1221 3632 1271 3678 sie
1292 3628 1349 3693 ss),
1374 3630 1460 3677 turbas
1477 3630 1504 3677 iu
1522 3630 1595 3677 rebus
1612 3630 1723 3691 politicis

373 3703 397 3744 ιι
415 3698 450 3745 ad
469 3698 543 3746 fldem
561 3701 743 3761 pertinentibus
762 3715 831 3761 aegre
854 3702 901 3749 lert
919 3707 943 3749 ιι
961 3701 1000 3749 his
1018 3702 1091 3748 linem
1110 3699 1181 3748 lacit:
1211 3700 1296 3748 »Unde
1315 3713 1359 3759 ego
1377 3712 1501 3763 cuperem,
1520 3704 1549 3746 ut
1565 3705 1593 3762 tu
1611 3698 1721 3748 Harmo-

372 3768 454 3816 nisam
474 3773 541 3832 tuam
561 3769 733 3830 Evangelicam
753 3770 843 3830 ederes,
862 3775 907 3818 aut
924 3772 946 3819 si
964 3771 1017 3819 neri
1034 3774 1127 3838 posset,
1147 3777 1175 3818 ut
1193 3770 1318 3831 exemplar
1337 3769 1488 3830 descriptum
1506 3769 1596 3817 hebere
1615 3783 1722 3832 possam,
1744 3813 1748 3822 ,

372 3838 482 3885 ilbenter
499 3839 546 3886 tibi
566 3842 645 3900 pretio
663 3855 746 3903 proso
764 3839 907 3902 solveretur,
925 3845 949 3889 et
967 3844 1031 3888 certe
1044 3854 1151 3901 aequam
1164 3839 1260 3903 fuisset,
1278 3845 1302 3886 te
1314 3837 1390 3887 simul
1407 3842 1451 3885 aut
1469 3839 1543 3886 stiam
1561 3839 1630 3899 prius
1649 3840 1722 3899 hrains

373 3906 531 3955 llarmonise
549 3908 659 3960 edendae
678 3925 761 3958 curam
780 3910 903 3974 habuisse,
923 3923 998 3971 qnam
1016 3907 1120 3957 alterium
1138 3912 1219 3973 istius,
1238 3923 1302 3974 quae
1320 3908 1407 3957 mandi
1418 3908 1493 3968 hujus
1506 3909 1660 3956 harmoniam
1678 3921 1722 3956 sa-

373 3977 459 4037 plieet.
497 3977 648 4027 Promissum
666 3979 793 4042 exemplar
810 3982 892 4043 quarti
910 3980 967 4028 libri
988 3981 1162 4027 Ᾰιιιοιιιιιιίιι
1181 3980 1233 4027 Deo
1250 3978 1323 4027 dante
1341 3980 1396 4040 lpse
1413 3992 1430 4025 a
1452 3983 1476 4025 te
1493 3984 1604 4040 repetam
1621 3992 1651 4025 eo
1669 3979 1719 4026 lor·

375 4060 421 4094 ssu
441 4050 562 4110 tempore,
580 4062 631 4112 qno
649 4051 750 4098 minime
769 4049 863 4110 credis;
879 4050 956 4098 satius
976 4051 1042 4097 enlm
1061 4055 1106 4112 est,
1121 4053 1174 4111 jam
1192 4050 1293 4098 sedibus
1311 4049 1412 4097 incertis
1430 4048 1555 4112 oberrare,
1574 4061 1650 4112 quem
1666 4045 1723 4096 loco

374 4119 480 4165 ethaam
501 4123 592 4165 sertam
611 4121 744 4179 perniciem
762 4123 815 4182 pati
835 4126 859 4169 ιι
878 4119 976 4181 quidem
995 4119 1048 4167 sins
1066 4120 1221 4169 necessitate.
1249 4119 1384 4180 Exemplar
1401 4117 1604 4167 llarmonicorum
1623 4122 1722 4165 tuomm

376 4186 481 4235 Parisiis
498 4187 560 4235 mihi
578 4190 726 4251 acquisivi«
751 4217 777 4227 -

460 4256 530 4314 Quae
548 4271 622 4318 supra
637 4255 669 4319 lp.
683 4260 715 4306 32
729 4256 758 4321 s.)
776 4260 935 4310 exhibuimus
953 4257 1045 4308 delita
1063 4260 1129 4307 inter
1147 4258 1277 4320 Nagellnm
1295 4262 1321 4307 ιι
1338 4255 1481 4319 Grdgerum,
1514 4257 1544 4306 de
1563 4256 1651 4306 lisdem
1669 4260 1721 4319 agit
1798 4275 1803 4292 ι

371 4325 550 4388 Philippus
568 4326 726 4377 nullatus
743 4329 881 4391 Lipsiensis
899 4328 953 4394 (cir.
965 4329 1013 4376 voi.
1032 4329 1064 4378 ll.
1083 4343 1108 4391 p.
1121 4330 1170 4378 461
1191 4334 1216 4378 ιι
1233 4330 1263 4380 V.
1283 4342 1307 4391 p.
1324 4330 1357 4377 66
1370 4333 1417 4384 ιι.)
1435 4328 1461 4375 in
1479 4327 1559 4376 literis
1577 4327 1611 4375 ad
1629 4326 1722 4389 lieple-

372 4410 425 4444 rnm
444 4397 522 4459 datis,
550 4398 642 4461 quibus
660 4400 733 4447 etiam
752 4399 782 4447 de
801 4399 916 4461 lipitome
934 4397 1034 4460 Kepleri
1053 4403 1077 4447 et
1096 4398 1234 4447 Harmonia
1257 4399 1364 4448 disserit.
1400 4397 1496 4456 Refert,
1520 4397 1646 4447 Seusslum
1672 4399 1722 4460 ipsi

372 4467 570 4515 communicasse
597 4467 697 4529 liapierl
722 4468 843 4529 judicium
872 4469 901 4516 de
930 4467 1051 4530 »pagellis
1078 4470 1132 4517 suis
1159 4469 1385 4533 nnnnsgeliante,‹
1415 4467 1586 4516 honorificum.
1601 4503 1606 4510 .
1621 4466 1720 4529 Pergit:

373 4536 451 4597 Huius
470 4542 524 4583 tana
540 4539 623 4597 justae
640 4552 731 4587 ιιιιιιι
749 4540 916 4600 patrocinium
941 4552 991 4587 non
1017 4540 1193 4602 suscepissem,
1216 4540 1236 4587 si
1256 4539 1344 4587 lusisset
1361 4540 1454 4602 absque
1472 4536 1500 4589 P.
1520 4536 1640 4601 Griigero,
1665 4553 1722 4601 per-

372 4606 469 4654 eruditc
488 4608 568 4655 amico
587 4621 650 4658 meo.
685 4609 715 4656 Ei
733 4622 772 4657 me
791 4609 837 4657 hnc
855 4609 929 4658 modo
951 4615 1081 4671 purgatum
1106 4610 1216 4671 oportuit
1241 4608 1271 4657 de
1289 4609 1432 4671 suspicions
1449 4607 1603 4669 improvisa,
1626 4609 1648 4655 ei
1671 4622 1722 4657 non

372 4681 472 4737 apertae
490 4676 637 4725 collusionis
654 4692 709 4727 cnm
727 4677 838 4742 Nagelio,
863 4678 975 4741 proditae
994 4683 1075 4728 temen
1094 4679 1262 4726 astronomiae
1285 4685 1309 4726 et
1332 4690 1459 4726 eaesomm
1476 4678 1633 4738 propriorum
1651 4678 1722 4725 sine·

373 4751 464 4795 tornm.
490 4745 606 4809 Suspicio
625 4747 686 4795 haec
704 4745 743 4795 illi
761 4753 814 4795 orta
832 4754 877 4808 est,
896 4748 963 4813 qnod
981 4748 1021 4796 hic
1034 4748 1099 4810 apud
1118 4761 1164 4796 nos
1182 4748 1291 4809 imprimi
1310 4760 1398 4809 passus
1416 4749 1464 4796 sim
1482 4747 1580 4795 chartas
1598 4748 1721 4808 quasdam

375 4813 515 4865 latrstrices
533 4818 559 4863 in
579 4819 752 4866 astronomiam
772 4823 796 4865 et
809 4815 956 4881 ordgarum,
975 4816 1062 4883 quales
1080 4816 1149 4866 illiue
1167 4816 1275 4878 Nagelii,
1293 4817 1402 4865 hominia
1421 4829 1476 4864 vers
1494 4814 1586 4864 elarsti
1604 4821 1630 4864 et
1646 4818 1722 4880 caeci,

373 4900 424 4935 sess
442 4886 535 4937 solent.
573 4887 682 4948 Pupugit
699 4887 726 4935 id
738 4885 879 4950 Griigerum,
898 4903 929 4936 ne
948 4888 1058 4938 dillerrst
1074 4889 1260 4952 responsionem
1278 4890 1303 4935 in
1316 4899 1408 4935 annum
1425 4887 1574 4949 proximum,
1585 4885 1636 4944 ,sed
1655 4888 1720 4934 antl-

375 4958 469 5018 ciparet
487 4957 594 5018 epistola
612 4956 720 5021 quadam
737 4959 804 5020 typis
823 4960 959 5022 exscripta,
984 4960 1010 5008 ln
1036 4972 1085 5023 qna
1104 4959 1249 5007 commissae
1275 4957 1458 5018 imprudentiae
1479 4969 1558 5018 paene
1575 4969 1630 5005 rens
1649 4971 1717 5024 agor,

371 5026 493 5075 immerito
514 5039 581 5078 sane.
600 5052 633 5061 —

456 5095 495 5145 De
515 5096 631 5157 Epitome
650 5094 751 5158 Keplsri
770 5096 831 5144 haec
848 5093 970 5146 blulierus
989 5097 1080 5146 dubins
1099 5097 1182 5144 alleri:
1207 5110 1263 5159 pag.
1283 5097 1332 5143 sss
1351 5094 1441 5147 iniere:
1466 5097 1486 5145 si
1511 5100 1617 5158 ponatur
1635 5094 1721 5144 eedem

375 5167 435 5213 ratio
455 5167 596 5229 supertelei
616 5166 718 5215 Saturni
736 5167 766 5213 ad
792 5168 945 5227 snpsrnciem
964 5167 1065 5229 Terras,
1091 5180 1157 5229 quas
1182 5171 1220 5215 est
1242 5166 1443 5230 intervallorum,
1470 5167 1575 5227 decupla
1596 5166 1722 5228 nimirum,

373 5243 422 5286 tan
440 5239 565 5288 rationem
583 5250 713 5301 corporum
731 5236 763 5285 ad
781 5248 836 5288 esan
854 5235 908 5287 iere
925 5238 1101 5306 nigscnplsm,
1119 5238 1144 5291 h.
1162 5251 1184 5288 e.
1201 5237 1405 5304 sesquialteram,
1424 5241 1454 5287 ut
1470 5238 1519 5302 ais,
1546 5236 1721 5290 diametrorum
