4459 6275
836 719 849 759 ι’
969 767 1114 826 Matio.
1212 835 1215 843 Ι
1593 771 1704 879 ,673

359 967 426 1012 meo
450 956 573 1023 conatu,
601 946 806 1021 difficillimam
835 946 908 1008 haec
930 947 1050 1024 inquam
1073 956 1102 1008 et
1125 946 1233 1007 aimiiiu
1254 961 1306 1024 pro
1328 962 1375 1006 me
1404 946 1546 1007 rationem
1567 945 1707 1021 temporis

360 1036 592 1113 intelligentibus
614 1033 735 1096 reddent
757 1033 1041 1099 sufficientissimam.

445 1123 584 1184 Fortasse
616 1139 685 1182 vero
714 1123 788 1183 haec
815 1141 834 1182 a
862 1139 909 1182 me
938 1129 1166 1182 commemorata
1193 1136 1275 1180 mora
1302 1122 1331 1177 in
1362 1119 1543 1179 naturalibus
1575 1126 1708 1180 motuum

360 1211 457 1272 causis
474 1209 609 1271 eruendis
624 1209 772 1286 aliquibus
786 1224 980 1286 supervacuo,
1003 1211 1177 1291 importuna,
1201 1210 1271 1284 quin
1294 1215 1323 1267 et
1346 1209 1426 1265 irrita
1441 1206 1595 1267 videbitur.
1633 1206 1709 1282 Qni-

361 1300 416 1359 bus
439 1297 666 1375 cogitationibus
690 1314 745 1374 ego
765 1295 938 1373 jamdudum
961 1304 990 1357 et
1011 1299 1041 1354 in
1065 1295 1279 1355 introductione
1303 1293 1341 1354 sd
1366 1293 1574 1370 Ephemeridss
1597 1299 1708 1366 (Valli,

363 1405 388 1455 p.
409 1392 460 1442 ros
479 1390 534 1459 aa),
558 1402 617 1463 quo
639 1384 706 1444 loco
728 1384 890 1461 respondeo
914 1382 1024 1443 Davisii
1046 1384 1199 1458 Fabricio,
1228 1392 1258 1443 et
1279 1383 1309 1440 in
1331 1381 1482 1457 Epitomes
1505 1381 1709 1442 Astronomiue

360 1470 411 1532 iol.
436 1473 465 1530 b.
490 1475 570 1544 (rac.)
593 1473 688 1550 capite
712 1469 748 1531 de
771 1474 867 1531 causis
889 1470 1105 1551 hypothesium,
1130 1479 1159 1530 et
1181 1469 1231 1530 lol.
1257 1471 1328 1529 334.
1353 1473 1434 1540 (sto.)
1458 1477 1486 1528 et
1509 1472 1539 1526 iu
1566 1468 1632 1530 libri
1653 1468 1709 1529 iv.

360 1557 559 1637 praelatione,
592 1567 621 1619 et
649 1557 699 1618 loi.
724 1560 796 1619 622.
822 1566 901 1633 (sss.)
930 1557 1177 1618 considerationes
1207 1556 1281 1616 aliua
1310 1556 1431 1639 idoneas
1462 1559 1594 1634 opposui.
1646 1557 1711 1616 Etsi

296 1634 302 1643 ’
363 1645 497 1706 sulficere
526 1645 598 1704 mihi
629 1644 676 1706 vel
706 1645 770 1705 sola
793 1648 849 1706 ista
872 1645 1001 1706 delensio
1034 1648 1143 1722 potnit,
1175 1645 1271 1721 quod,
1303 1661 1378 1720 quae
1401 1644 1502 1722 Tycha
1525 1644 1658 1704 Braheua
1681 1647 1711 1701 in

361 1732 476 1793 theoria
499 1731 601 1793 Lunae
629 1733 833 1794 constituenda
862 1736 987 1811 primum
1010 1735 1143 1810 concepit
1170 1733 1267 1790 animo
1298 1731 1473 1808 publiceque
1497 1733 1711 1815 pronunciavit,

359 1818 461 1879 videri
484 1836 593 1879 causas
615 1827 755 1880 motuum
777 1838 835 1880 esse
855 1821 1004 1898 physicas,
1027 1821 1104 1897 qnod
1133 1818 1250 1895 quidem
1267 1817 1351 1878 aliter
1373 1821 1401 1878 'ei
1424 1818 1514 1878 videri
1530 1836 1588 1878 non
1605 1827 1711 1895 potest,

364 1908 417 1983 qui
438 1905 619 1968 soliditatem
642 1909 755 1967 orbium
777 1908 886 1984 rejicit,
910 1906 983 1984 haec
1006 1925 1071 1984 ego,
1093 1909 1222 1983 inquam,
1246 1909 1274 1964 in
1290 1905 1415 1982 planetis
1432 1907 1566 1966 omuibus
1585 1909 1627 1966 its
1648 1923 1714 1966 sese

363 1993 475 2055 habere
497 2002 605 2055 conatu
627 2010 684 2054 non
708 1994 816 2055 infelici
839 2002 868 2055 et
890 1993 1087 2055 demonstravi
1109 2002 1139 2055 et
1154 1993 1192 2053 ud
1206 1993 1335 2053 calculos
1348 2010 1486 2054 revocare
1500 1993 1596 2069 docui,
1620 2010 1714 2070 esque

362 2083 477 2142 ratione
504 2084 590 2159 primi
612 2080 864 2158 Rndolphinamm
894 2082 1035 2155 unctoria,
1059 2081 1194 2158 Magistri
1224 2083 1297 2155 mei,
1329 2082 1547 2159 suppositiones
1574 2088 1605 2140 et
1626 2080 1715 2141 allata

362 2185 418 2247 pro
436 2169 555 2247 ingenii
577 2170 635 2229 mei
657 2177 745 2246 captu
768 2178 798 2231 et
819 2171 931 2230 asserui
954 2177 984 2230 et
1005 2169 1153 2232 roboravi.

452 2254 512 2316 Sed
527 2265 610 2316 erunt
632 2259 729 2331 etiam,
753 2259 813 2333 qui,
835 2257 881 2316 his
895 2256 1073 2335 posthabitis
1095 2255 1353 2330 admonitionibus,
1380 2257 1555 2316 auctoritate
1578 2273 1625 2315 me
1646 2271 1714 2332 prc-

363 2351 447 2403 mant
468 2343 541 2419 ejus,
565 2361 651 2421 quem
674 2361 762 2421 supra
784 2343 905 2404 laudavi
926 2343 1082 2404 Reinholdi
1104 2345 1265 2403 astronomi
1288 2351 1317 2403 et
1339 2342 1522 2420 philosophi,
1546 2346 1600 2420 qui
1624 2341 1714 2403 Com-

366 2435 520 2491 mentario
541 2448 597 2492 suo
618 2434 653 2491 in
676 2431 902 2492 Peurboehium
924 2449 987 2492 non
1003 2431 1092 2492 duait
1112 2429 1322 2490 insareiendas
1336 2429 1553 2508 disputationes
1566 2429 1714 2507 physicas,

363 2524 399 2578 nt
421 2516 471 2577 alii
493 2518 631 2593 iecemnt,
654 2521 834 2596 quaeritque,
858 2518 933 2596 quid
954 2519 1107 2591 trisulsius,
1132 2535 1226 2594 quum
1248 2520 1374 2577 inventa
1395 2521 1576 2595 geometrica
1598 2517 1739 2592 conica?
1863 2536 1872 2555 ·

364 2608 446 2667 turis
468 2609 624 2683 negitare
646 2606 866 2681 etperturbore
878 2604 1097 2683 physicorum?
1134 2604 1243 2665 Verum
1259 2607 1391 2681 quisquis
1417 2605 1468 2665 iila
1482 2607 1571 2682 leges,
1594 2618 1716 2681 scopum

366 2691 628 2770 velimrespicias,
652 2693 799 2770 adquam
813 2691 996 2754 Reinholdua
1018 2691 1069 2752 ilis
1090 2692 1203 2753 reierat
1247 2691 1313 2751 Nou
1337 2691 1433 2769 litigat
1456 2711 1521 2753 eum
1535 2690 1716 2767 Ptolemaeo,
1805 2737 1808 2748 .
1837 2721 1839 2727 ¹

366 2797 427 2840 non
450 2797 517 2841 eom
532 2779 697 2854 Aristotele,
721 2798 779 2841 nou
803 2798 902 2841 secum
924 2782 998 2857 ipso,
1022 2780 1072 2857 qui
1094 2779 1273 2857 praelatione
1295 2789 1442 2854 postrema
1464 2783 1493 2838 in
1511 2780 1639 2840 theorias
1661 2779 1717 2840 hac

368 2869 462 2927 utitur
485 2869 630 2928 oratione:
663 2866 826 2944 Fortassis,
862 2870 971 2944 inquit,
1004 2868 1076 2926 haec
1102 2874 1213 2942 septem
1240 2866 1343 2926 lucida
1364 2885 1506 2945 corpora,
1538 2871 1633 2927 edam
1653 2871 1718 2926 sine

365 2954 543 3028 hrqiusmoeli
570 2953 707 3029 norom,
739 2973 813 3032 quos
840 2973 892 3015 ars
917 2972 971 3015 seu
999 2957 1102 3031 potius
1132 2953 1318 3014 imbecillitas
1344 2955 1509 3016 intellectus
1535 2957 1632 3015 matri
1661 2953 1718 3013 sihi

368 3041 543 3102 condonari
561 3045 646 3119 petit,
670 3041 817 3102 divinitus
838 3060 906 3103 eom
929 3045 992 3102 vim
1014 3045 1138 3101 insitam
1160 3040 1280 3115 hahent,
1307 3049 1342 3100 ut
1363 3042 1453 3105 aliud
1472 3045 1507 3102 in
1528 3043 1592 3102 alia
1615 3044 1718 3102 sarie·

368 3136 430 3191 tate
458 3138 487 3191 ct
508 3130 735 3208 irregularitate
756 3139 898 3191 motuum
919 3148 1009 3189 suom
1031 3135 1183 3190 emeroet
1208 3130 1301 3207 legem
1331 3148 1368 3188 oe
1388 3139 1570 3207 perpetuam
1592 3128 1718 3190 barmo-

367 3221 473 3293 niam,
505 3219 592 3280 nohis
614 3226 717 3277 tamen
737 3221 802 3277 sine
823 3219 870 3277 iris
891 3224 934 3278 tot
955 3217 1090 3293 orbibus,
1120 3217 1226 3276 saltem
1255 3217 1481 3278 rationabiliter
1503 3236 1589 3292 eam,
1620 3225 1656 3277 ut
1677 3220 1719 3277 sic
1827 3218 1836 3238 ⁸

369 3304 487 3380 dicam
518 3306 714 3366 bonnoniam
742 3306 980 3382 irregularitatis
1007 3295 1113 3365 anim'o
1145 3305 1299 3380 complecti
1326 3322 1363 3364 aa
1390 3305 1550 3382 cogitando
1579 3308 1720 3383 persequi

368 3391 546 3470 perdifficile
573 3394 677 3471 fuerit.
723 3390 838 3468 Quibus
869 3392 918 3453 iile
948 3391 1131 3453 rarhis'non
1158 3390 1287 3470 repellit,
1319 3391 1370 3451 sed
1398 3393 1486 3452 tacite
1514 3395 1619 3454 invitat
1642 3409 1717 3466 enm,

369 3480 421 3557 qni
451 3489 583 3541 motuum
614 3480 722 3541 lormas
750 3489 780 3540 et
810 3484 1002 3540 iustrumenta
1031 3478 1178 3539 naturalia
1211 3480 1344 3555 viresque
1373 3481 1545 3556 maguntinis
1577 3488 1718 3557 cognatas
1823 3522 1826 3530 -
1907 3509 1910 3520 ·

371 3565 449 3628 tales
471 3567 563 3643 allen,
587 3586 663 3646 quus
686 3568 744 3628 sint
765 3585 824 3630 nou
846 3576 960 3628 tantum
983 3566 1215 3628 rationabiliores
1236 3565 1295 3625 iliis
1316 3574 1360 3625 tut
1381 3573 1500 3643 tamque
1523 3570 1615 3628 vastis
1637 3568 1718 3628 orbi·

303 3697 308 3702 -
372 3654 439 3724 bns,
461 3653 514 3715 sed
537 3657 624 3718 edam
646 3654 876 3733 irregularitatea
898 3662 1073 3734 apparentes
1094 3660 1227 3713 motuum
1249 3653 1371 3714 oderant
1392 3656 1490 3715 animo
1513 3662 1543 3715 et
1564 3654 1718 3732 complexu

369 3738 472 3801 faciles
493 3750 523 3803 st
545 3742 582 3803 ad
606 3740 750 3803 menium
771 3741 931 3819 regendum
954 3741 1002 3802 vul
1023 3743 1095 3818 ipsis
1118 3741 1238 3801 orbibus
1260 3740 1348 3817 longe
1370 3739 1574 3817 expeditiores.
1620 3742 1718 3818 Atque

370 3826 401 3887 id
424 3845 479 3907 ego
502 3833 624 3904 tentavi,
647 3832 735 3891 etiam
757 3828 920 3891 Ptolemaei
942 3831 1034 3907 ipsius
1056 3846 1177 3888 sumum
1198 3834 1317 3889 secutus
1338 3827 1386 3908 (ue
1410 3830 1475 3904 quis
1497 3835 1590 3905 putat,
1613 3836 1719 3888 ancto-

371 3933 432 3976 rem
454 3916 536 3978 mihi·
550 3935 586 3980 ex
607 3917 736 3994 antiquis
760 3914 882 3994 deesse),
906 3918 957 3993 qui
979 3918 1166 3976 comminisci
1184 3915 1270 3992 jubet
1290 3915 1461 3993 hypotheses
1483 3922 1635 3993 quantum
1653 3916 1721 3993 pieri

366 4010 466 4078 potest
490 4005 726 4082 simplicissimas
747 4011 775 4063 et
794 4003 1061 4080 probabilissimcs.
1480 4014 1482 4018 ’

458 4089 546 4168 Quod
575 4094 663 4169 igitur
683 4090 866 4151 Reinholdua
896 4090 932 4153 de
959 4090 1146 4168 physicarum
1169 4088 1398 4167 disputationum
1426 4090 1583 4150 omissione
1610 4106 1642 4149 se
1666 4106 1720 4149 ax-

370 4185 466 4248 cusat
488 4178 518 4239 id
542 4195 681 4257 quorsum
701 4180 854 4255 pertineat,
878 4177 964 4238 lacile
987 4185 1032 4239 est
1053 4181 1081 4238 si
1099 4176 1246 4255 judicare,
1271 4181 1320 4253 qni
1345 4177 1569 4238 Cremonensem
1591 4184 1720 4237 ceteros·

372 4282 431 4343 qna
453 4273 695 4327 commentatores
725 4264 868 4343 sphaerae
891 4264 1005 4343 legerit.
1050 4266 1193 4326 Fecerunt
1215 4266 1235 4323 il
1258 4274 1392 4326 auctores
1415 4282 1552 4342 maguam
1579 4263 1720 4343 physicas

370 4354 649 4434 metaphysiuuequa
675 4360 787 4430 partem
818 4353 905 4414 orbes
931 4353 969 4413 ab
992 4353 1166 4413 astronomis
1194 4352 1389 4423 introductos,
1420 4352 1539 4432 periude
1567 4368 1604 4411 ac
1625 4354 1650 4411 si
1673 4368 1720 4411 res

370 4447 450 4501 esset
472 4441 721 4519 exploratissima,
749 4440 939 4517 plurimisque
961 4442 1137 4518 argumentis
1166 4442 1196 4499 in
1224 4442 1376 4518 opiniones
1404 4440 1478 4501 inter
1499 4457 1531 4499 se
1554 4445 1720 4517 pugnantes

371 4529 544 4604 conquisitis
578 4528 707 4606 undique
738 4527 827 4588 chaos
858 4527 961 4588 inutile
984 4535 1014 4587 et
1035 4527 1179 4589 infinitum
1201 4527 1356 4588 effecerunt
1383 4528 1587 4603 quaestionum
1609 4526 1721 4586 ridiun·

370 4614 482 4692 lsrum3
505 4615 587 4677 nuda
609 4616 681 4693 ipsis
703 4632 774 4676 cura
795 4615 863 4689 luit,
891 4613 1104 4694 disputationes
1126 4618 1199 4676 istas
1220 4613 1258 4674 ad
1280 4617 1499 4675 instructionem
1521 4620 1573 4674 aut
1594 4612 1722 4674 lacssits·

370 4709 431 4764 tem
454 4702 559 4778 calcnh
582 4703 723 4781 dirigere,
753 4709 805 4764 sut
835 4705 952 4764 omniuo
979 4722 1032 4782 per
1053 4721 1103 4765 aas
1130 4700 1266 4782 expedire
1295 4704 1424 4763 rationes
1447 4718 1561 4771 eorum,
1592 4718 1668 4777 quae
1692 4702 1722 4758 in

372 4789 518 4852 sideribus
541 4797 697 4871 apparent,
730 4798 762 4849 ut
784 4806 860 4867 quas
882 4794 1009 4852 redonas
1031 4809 1082 4868 per
1103 4808 1135 4850 se
1157 4790 1291 4862 stabant,
1321 4790 1409 4850 etiam
1431 4790 1562 4850 rescissis
1588 4786 1723 4865 disputa·

370 4879 502 4939 tionibus
524 4878 583 4939 lilla
605 4876 766 4950 inutilibus,
789 4880 903 4938 etiamsi
926 4877 962 4938 de
983 4878 1115 4939 realitate
1139 4877 1251 4936 orbium
1274 4878 1303 4934 in
1321 4880 1490 4938 universum
1512 4874 1628 4937 dubitet
1649 4875 1723 4935 arti·

371 4966 439 5044 lcx;
477 4965 556 5045 qnod
585 4964 625 5027 ds
650 4963 816 5026 Reiuhoido
844 4965 908 5041 jam
935 4964 1022 5038 modo
1054 4982 1089 5025 ex
1116 4965 1235 5042 propria
1262 4964 1355 5042 ipsius
1382 4964 1564 5025 conlesslone
1594 4962 1725 5024 constitit

372 5055 496 5133 ipseque
519 5052 707 5116 Ptolemaeus
731 5050 767 5112 de
788 5069 821 5113 ss
842 5055 952 5132 passim
981 5055 1011 5112 in
1034 5049 1131 5130 Opere
1153 5050 1263 5128 Magno
1289 5048 1415 5112 reddidit
1437 5052 1722 5113 contestatisalmum.

370 5139 440 5203 Hoc
461 5143 596 5202 nimirum
626 5148 672 5202 est
692 5137 857 5200 Reiuhoido
879 5144 1004 5202 inuenta
1025 5142 1222 5217 geometrica,
1254 5157 1333 5218 quae
1358 5155 1430 5200 suas
1451 5139 1724 5200 mmomootioner

370 5229 496 5306 habero,
526 5232 683 5307 auctare
705 5234 734 5288 et
754 5228 936 5290 mnmebare
953 5230 1128 5307 praesdpiis
1148 5229 1404 5301 coniecturarum.
1449 5224 1605 5303 Quomodo
1635 5227 1724 5286 etiarn

425 5347 520 5400 untur
532 5346 615 5401 oona
636 5345 677 5391 vr.
1458 5330 1500 5390 48
