4459 6275
425 498 499 567 tto
546 568 551 579 ,
570 464 724 593 'epitomes
748 496 938 557 hessones
955 496 1039 555 use
1056 492 1210 555 semum
1230 492 1288 553 os
1305 492 1429 568 spine·
1447 500 1477 553 se
1492 495 1602 554 moun
1619 494 1690 565 uu.

372 716 375 723 ·
433 678 615 741 horizontem
637 676 758 756 ductum
784 678 829 738 slc
851 676 976 739 Arabes.
1011 672 1161 737 Interdum
1183 674 1229 750 id,
1261 690 1322 751 quo
1343 672 1375 734 hi
1399 672 1553 735 resimis·
1573 675 1653 735 iuter
1677 688 1713 735 su
1733 670 1793 735 dis·

435 766 606 839 cernuntur,
636 764 749 829 scillcet
780 772 825 826 est
847 764 990 843 angulus,
1021 780 1109 841 quem
1131 762 1259 825 circulus
1282 764 1338 822 iste
1360 762 1432 823 iecit
1452 776 1519 821 cum
1540 760 1723 837 mmidizuo,
1744 770 1793 823 sut

433 870 572 916 mensura
594 852 674 913 iilius
696 852 816 929 unguii,
847 868 924 929 quse
946 856 991 913 est
1014 866 1098 911 srcus
1120 849 1300 924 horizontis,
1326 850 1505 925 interceptus
1526 850 1602 910 inter
1622 848 1792 911 verticulum

434 953 463 1002 et
487 940 638 1001 meridiani
662 949 776 1017 portem
800 957 887 1007 unum
911 938 958 1000 rol
981 936 1103 998 alteram
1126 945 1178 997 cut
1199 939 1288 999 etium
1311 943 1514 1013 sequutorem‚
1549 934 1713 1012 dicuntqul
1734 936 1794 997 uzi·

436 1029 519 1088 muth
543 1048 561 1088 a
582 1030 783 1104 septentrione
805 1027 843 1086 ud
867 1034 962 1086 ortum
985 1024 1035 1086 vel
1058 1041 1206 1099 occasum,
1229 1043 1248 1085 e
1269 1023 1390 1085 meridie
1405 1022 1444 1082 ud
1466 1031 1562 1083 ortum
1576 1022 1625 1083 vel
1649 1040 1794 1095 occasum,

435 1116 564 1176 ssimuth
588 1115 627 1174 sb
650 1123 715 1174 ortu
738 1114 788 1175 vei
803 1130 911 1173 occssu
933 1113 972 1173 ed
986 1113 1215 1189 septentrionem
1237 1111 1285 1172 vei
1300 1110 1450 1171 meridiem
1472 1126 1526 1187 pro
1540 1128 1572 1171 re
1593 1119 1665 1171 uste
1684 1128 1795 1189 proque

440 1191 552 1265 ratione
576 1204 774 1277 inscriptionis
796 1204 911 1261 numeri
935 1202 997 1260 360
1020 1202 1049 1259 in
1073 1199 1263 1259 horizontem.

521 1290 569 1348 De
587 1292 777 1364 positionum
800 1289 921 1348 circulis
943 1290 1073 1364 quinam
1095 1294 1169 1347 sunt
1188 1286 1390 1363 insipniores?
1425 1284 1547 1345 Praeter
1560 1284 1746 1345 horizontem
1768 1292 1797 1345 et

439 1376 642 1449 meridianum,
667 1378 716 1453 qui
740 1378 770 1434 iu
793 1375 919 1453 sphuers
934 1375 1141 1450 exprimuntur,
1165 1372 1262 1433 idhuc
1284 1380 1410 1450 quotuor
1424 1371 1484 1447 ulii,
1508 1374 1559 1448 qui
1581 1373 1621 1433 ub
1637 1366 1809 1449 astrologis

435 1465 582 1524 communi
605 1463 754 1523 cumillis
777 1464 895 1522 nomine
919 1460 1055 1521 dicuntur
1077 1460 1177 1521 circuli
1200 1459 1352 1520 domomm
1375 1459 1556 1535 coelestium,
1577 1466 1660 1521 certe
1682 1461 1795 1521 tutione

437 1550 652 1627 distinguentes
675 1548 791 1610 coelum
814 1550 953 1610 omne'ln
977 1547 1080 1608 domos
1104 1547 1275 1623 duodecim,
1296 1547 1406 1624 quibus
1428 1544 1571 1626 astrologi
1593 1564 1649 1607 sus
1671 1546 1796 1625 singulh

436 1640 600 1698 attribuunt
621 1640 749 1696 nomine.
796 1637 874 1697 Hinc
896 1635 1051 1696 versiculi:

601 1724 681 1796 Vita,
706 1722 854 1795 humum
880 1722 1015 1797 Fratres,
1041 1720 1175 1795 (imitor,
1202 1721 1278 1781 Noti
1299 1728 1391 1797 cloec
1419 1720 1576 1795 Vuiztudo,

600 1810 691 1884 licor,
716 1810 809 1885 itors,
834 1809 898 1869 lter
918 1819 947 1869 et
968 1811 1120 1887 Romnum,
1142 1809 1377 1886 Benefuctopue,
1404 1806 1524 1868 Comes.

475 1892 478 1899 '
527 1896 739 1973 Nunquamne
760 1902 794 1957 in
816 1898 947 1974 sphoera
969 1900 1189 1974 conprimuntur
1208 1898 1314 1972 plures
1333 1896 1449 1969 circrtls',
1472 1910 1568 1972 quum
1589 1894 1715 1955 decem?
1733 1894 1796 1955 iuro

443 1981 473 2061 1)
499 1985 529 2041 in
562 1983 739 2059 quibusdum
771 1985 905 2062 sphaeris
937 1987 1062 2044 arcticus
1093 1989 1123 2043 et
1152 1985 1329 2043 antarcticus
1362 1984 1562 2061 exprimuntur
1592 1999 1629 2042 ex
1651 1984 1799 2043 sententie

442 2076 584 2129 rctomm.
629 2070 688 2131 Sed
712 2071 756 2130 iiii
779 2079 849 2133 tunc
871 2074 921 2131 uni
945 2072 1051 2132 saltem
1073 2071 1213 2146 positioni
1235 2070 1378 2147 sphscnm
1399 2076 1468 2128 sunt
1489 2069 1715 2141 eocommodzti,
1738 2086 1797 2130 non

438 2158 603 2234 promiscue
631 2159 783 2227 omnibus,
813 2166 845 2218 ut
875 2159 974 2219 circuli
1003 2160 1102 2219 ceteri.
1149 2155 1181 2239 s)
1204 2156 1237 2215 iu
1259 2156 1436 2234 quibusdem
1457 2156 1589 2235 sphmris
1616 2155 1798 2219 meridianus

439 2244 531 2303 hebet
560 2243 712 2313 rolvulum
741 2245 922 2319 trusctiiem,
953 2247 1003 2321 qui
1036 2244 1169 2304 vorticsli
1190 2252 1300 2321 puncto
1321 2251 1419 2321 potest
1440 2243 1599 2321 zppilcsri,
1632 2252 1663 2305 et
1686 2245 1725 2305 sb
1748 2244 1798 2303 ilio

439 2329 561 2390 volrulo
578 2326 729 2393 descendit
752 2332 901 2409 quadrans
924 2350 1017 2408 usque
1040 2335 1070 2391 in
1093 2333 1281 2406 horizontem,
1306 2335 1356 2408 qui
1379 2330 1500 2392 immoto
1524 2330 1645 2392 uoirulo
1676 2348 1730 2410 per
1751 2340 1798 2391 to·

440 2426 503 2476 tum
525 2417 706 2480 horizontem
730 2423 887 2497 circumagi
909 2427 1023 2497 potest,
1054 2428 1277 2496 repraesentans
1304 2422 1335 2478 in
1356 2420 1490 2495 quolibet
1510 2420 1569 2477 situ
1593 2436 1685 2479 unum
1708 2422 1798 2479 verti·

438 2504 534 2564 sulem
556 2523 609 2575 seu
631 2507 849 2568 ssimuthslom.
896 2510 926 2582 ³)
950 2506 1078 2565 Rursum
1099 2514 1169 2566 sunt
1190 2506 1336 2583 quaedum
1358 2505 1518 2584 sphserso,
1550 2522 1628 2583 ques
1651 2505 1692 2566 sd
1713 2506 1797 2567 binus

438 2590 600 2652 horizontis
623 2610 741 2669 cronos,
774 2595 881 2671 quibus
904 2596 930 2654 is
953 2593 1147 2653 meridianum
1170 2595 1264 2670 eupit,
1287 2594 1371 2653 binos
1393 2594 1504 2667 babent
1523 2592 1625 2671 polos,
1648 2610 1669 2653 z
1691 2594 1798 2671 qulbus

324 2700 328 2707 ·
439 2682 565 2739 nectitur
594 2682 809 2754 semicirculus,
840 2684 883 2741 sic
906 2688 940 2740 ut
961 2683 1039 2741 circs
1060 2680 1147 2758 polos
1167 2684 1243 2741 verti
1265 2684 1374 2758 possit,
1407 2682 1458 2758 qul
1479 2678 1683 2742 semicirculus
1704 2682 1798 2743 ricem

440 2766 671 2843 uniuscujusque
694 2770 793 2829 circuli
808 2771 988 2846 positionum
1011 2776 1161 2846 praesture
1175 2776 1282 2845 potest.
1329 2766 1363 2845 t)
1384 2768 1521 2845 Denique
1543 2769 1572 2825 in
1587 2766 1725 2845 sphaeris
1745 2784 1796 2829 ssu

439 2853 561 2912 curtiliis
580 2858 694 2931 mugnis
709 2856 854 2916 interdum
876 2855 1023 2916 adduntur
1045 2854 1103 2916 duo
1127 2855 1226 2916 circuli
1249 2854 1446 2931 latitudinum,
1469 2873 1522 2933 per
1542 2854 1630 2932 polos
1645 2854 1797 2937 culpem

444 2948 629 3000 transeuntes
652 2951 681 3002 et
703 2961 756 3020 per
778 2944 942 3020 eclipticum
966 2942 1100 3002 mobiles.

532 3026 651 3103 Quibtm
678 3031 800 3089 circulis
824 3038 960 3090 utuntur
988 3032 1164 3106 onomonici
1190 3030 1275 3089 ultro
1305 3046 1367 3103 cos,
1396 3033 1451 3105 ossi
1477 3038 1551 3089 morit
1578 3031 1615 3089 in
1644 3028 1798 3109 zpbozrol

443 3112 618 3174 Guomonici
641 3125 756 3193 praeter
778 3116 868 3196 plens
889 3117 1042 3180 meridiani
1065 3124 1095 3179 et
1116 3117 1300 3177 horizontum
1323 3118 1453 3178 omnium
1475 3117 1530 3178 sub
1552 3118 1642 3178 unius
1656 3117 1716 3180 loci
1737 3134 1798 3180 uss·

442 3200 555 3260 ridisno
583 3200 643 3262 slis
672 3206 791 3282 insuper
817 3209 874 3265 tris
901 3213 1064 3282 agnoscunt
1091 3220 1200 3282 genere
1226 3204 1395 3282 pisnomm,
1425 3221 1514 3283 super
1542 3205 1653 3282 quibus
1677 3205 1798 3268 tuum

441 3285 551 3347 debent
577 3292 730 3352 scistericu
757 3292 919 3365 declinate,
950 3292 1090 3351 inclinate
1112 3300 1143 3353 et
1164 3292 1355 3367 deinciinsts,
1384 3292 1442 3352 hoc
1462 3299 1508 3353 cst
1530 3289 1682 3354 declinztz
1702 3299 1734 3356 et
1755 3295 1799 3354 iu-

442 3373 552 3434 oiinzts
573 3378 669 3437 simul.
715 3379 859 3440 lnciiustu
881 3388 1051 3456 competunt
1072 3382 1102 3438 in
1126 3379 1250 3440 circulos
1272 3379 1401 3454 eosdem,
1424 3381 1475 3457 qni
1495 3382 1680 3457 positionum
1702 3381 1799 3444 circuti

443 3459 592 3522 dicuutur:
617 3464 763 3527 declinate
785 3470 814 3525 in
837 3466 962 3526 circulos
984 3466 1150 3542 semicolon,
1174 3469 1334 3544 inquibus
1356 3475 1521 3544 agnoscunt
1541 3470 1713 3546 gnomonici
1735 3485 1799 3530 rer·

446 3549 562 3611 ticulom
585 3557 771 3629 primarium,
794 3557 845 3631 qui
868 3553 983 3613 ducitur
1005 3571 1057 3631 per
1078 3557 1225 3616 sectiones
1246 3562 1364 3614 mutuus
1386 3555 1545 3616 horizontis
1566 3563 1598 3616 et
1620 3559 1798 3635 sequuturis,

441 3636 527 3712 polos
550 3638 662 3700 hebens
692 3644 837 3703 sectiones
860 3639 1020 3701 horizontis
1044 3649 1074 3701 et
1096 3641 1264 3715 meridiani,
1295 3650 1329 3702 ut
1350 3643 1389 3703 sit
1411 3641 1450 3701 nd
1472 3642 1667 3704 meridianum
1696 3651 1798 3716 metm,

441 3740 477 3782 er
501 3742 561 3784 unu
589 3725 679 3804 plage
707 3737 844 3806 spectans
867 3738 946 3789 rectu
968 3728 1134 3803 meridiem,
1165 3747 1201 3789 ex
1224 3732 1362 3806 opposite
1392 3730 1629 3808 septentrionem.
1678 3729 1739 3792 tue
1758 3741 1799 3792 cst

445 3809 495 3869 ille
518 3813 653 3887 circulus,
676 3818 704 3873 in
729 3817 813 3891 cujus
835 3816 926 3893 pleno
948 3815 1134 3875 delinerentur
1154 3817 1309 3893 horologio
1331 3816 1451 3891 soleris,
1474 3835 1551 3895 quse
1579 3819 1735 3880 verticulis
1754 3835 1799 3880 ru

443 3896 557 3972 gulnriu
575 3901 773 3977 appellentur,
798 3913 827 3962 et
848 3903 936 3977 hujus
956 3905 1083 3980 primarii
1099 3903 1247 3963 verticalis
1267 3912 1400 3981 respectu
1423 3905 1799 3982 reliquorumrertlcuiium

442 3983 535 4057 plene
557 3986 692 4047 dicuntur
714 3988 861 4049 declinere
885 3990 931 4050 rel
955 3987 993 4048 nd
1016 3997 1112 4051 ortum
1135 3990 1184 4051 rel
1206 3991 1243 4050 ed
1265 4007 1420 4068 occasum,
1449 3999 1573 4070 excepto
1594 3991 1688 4071 pleno
1711 3996 1799 4074 ipsius

445 4071 608 4147 meridiani,
631 4074 709 4151 quod
733 4085 813 4135 recte
836 4084 931 4136 ortum
954 4085 983 4137 et
1005 4095 1142 4138 oocusum
1164 4085 1286 4155 spectet.

529 4158 715 4222 Deinclinsts
738 4163 827 4241 plens
849 4172 1003 4224 censentur
1024 4167 1132 4239 omniu,
1155 4182 1232 4242 quse
1255 4168 1285 4225 in
1309 4166 1383 4226 teies
1403 4168 1528 4227 circulos
1551 4169 1700 4230 maximos
1721 4185 1799 4230 cour·

442 4250 555 4319 petunt,
578 4250 628 4322 qui
652 4266 747 4325 neque
773 4267 824 4327 per
846 4251 1019 4325 horizontis,
1052 4269 1149 4330 neque
1175 4270 1228 4330 per
1249 4255 1401 4314 verticulis
1422 4256 1553 4331 primarii
1574 4256 1725 4334 quusque
1745 4257 1798 4318 ioci

442 4347 507 4388 cum
530 4334 691 4396 meridiano
714 4343 859 4399 sectiones
883 4338 1036 4414 ducuntur,
1059 4359 1135 4417 quae
1159 4351 1254 4401 tumen
1279 4339 1456 4401 reducuntur
1478 4341 1516 4402 sd
1539 4343 1685 4404 inclinatu
1699 4343 1798 4406 zltiiu·

444 4416 520 4477 dinis
542 4419 603 4496 poli
625 4424 746 4500 majoris
770 4426 816 4485 rel
839 4429 969 4498 minoris,
993 4445 1082 4502 qurum
1104 4438 1150 4487 est
1171 4429 1228 4488 loci
1251 4431 1403 4506 propositi.

532 4507 676 4571 Omnibus
699 4514 855 4586 generibus
876 4514 1030 4589 pisnomm
1054 4514 1222 4576 tribuuntur
1243 4519 1289 4575 sui
1312 4515 1479 4589 meridiani,
1510 4518 1561 4594 qui
1592 4525 1663 4577 sunt
1685 4537 1723 4581 er
1744 4521 1797 4580 cir·

442 4590 517 4652 culis
532 4592 769 4666 declinationum,
792 4599 1036 4676 respondentibus
1051 4601 1168 4661 circulis
1190 4601 1355 4663 latitudinis
1369 4602 1510 4677 locorum,
1533 4607 1622 4666 rectis
1644 4605 1686 4667 zd
1706 4607 1795 4686 pisus,

441 4697 564 4752 quorum
587 4693 656 4742 sunt
681 4685 852 4744 meridiani:
886 4688 935 4745 ubi
958 4687 1038 4764 pieni
1063 4688 1253 4748 horizontuiis
1276 4698 1305 4751 et
1334 4690 1416 4768 pinni
1446 4693 1596 4752 verticulis
1616 4697 1795 4770 primuriliu

442 4769 548 4838 quovis
562 4767 628 4828 ioco
651 4770 785 4847 adeoque
801 4774 953 4849 plenorum
977 4777 1105 4834 omnium
1121 4778 1300 4854 reliquorum
1321 4779 1548 4839 horizontelinm
1570 4788 1601 4841 et
1614 4781 1794 4845 resticulus

441 4853 497 4910 sub
519 4853 622 4915 eodem
645 4857 808 4919 meridiano
833 4858 908 4920 idern
931 4870 975 4920 est
999 4864 1060 4938 ipse
1082 4864 1261 4924 meridianus
1282 4865 1437 4942 sphueruc.

968 4965 1072 5028 uitiis
1097 4969 1205 5028 LIBRI
1228 4969 1267 5028 ll.
