4459 6275
828 732 834 743 ⁴
875 764 960 822 nicer
976 766 1106 837 queue
1142 768 1366 826 censemur.
1731 776 1795 835 eri

437 944 582 1019 ediceret,
606 943 754 1006 ordinaret
775 946 878 1024 ntique
901 963 967 1008 eam
989 946 1203 1026 inperfectum
1225 946 1376 1023 druulnm,
1401 948 1486 1026 cujna
1510 953 1555 1009 eei
1575 946 1712 1009 mentalis
1732 948 1802 1026 pul·

436 1029 573 1094 claritudo
595 1038 625 1092 ei
647 1032 797 1111 perfectio.
844 1034 889 1093 Ex
911 1033 1036 1095 adverso
1060 1036 1155 1113 ligura
1183 1035 1313 1114 elliptlca
1339 1036 1452 1097 itineris
1474 1034 1631 1115 planetarii
1657 1034 1800 1113 legesque

436 1126 582 1195 motuum,
606 1119 714 1196 qulbus
730 1120 797 1181 talis
809 1121 933 1182 edicitur
948 1122 1051 1200 ilgorn,
1076 1126 1193 1202 sapiunt
1209 1125 1306 1201 potios
1327 1129 1464 1183 naturam
1478 1130 1606 1185 staterae
1628 1140 1682 1184 eeu
1696 1140 1802 1185 necee-

435 1210 555 1269 sitatem
578 1206 771 1283 materialem,
794 1226 883 1286 quam
905 1216 1077 1288 conceptum
1101 1220 1131 1271 et
1153 1210 1380 1271 destinationem
1394 1211 1511 1286 mentis,
1534 1218 1567 1271 ut
1581 1210 1665 1285 ,inira
1678 1213 1800 1288 patebit.

435 1293 554 1355 Deinde
577 1301 610 1355 ui
632 1293 744 1370 demus,
768 1296 858 1357 aliern
880 1314 969 1375 quarn
990 1298 1090 1359 circuli
1113 1297 1211 1359 ideam
1233 1301 1263 1356 in
1279 1304 1377 1359 mente
1400 1299 1521 1359 metrice
1543 1296 1681 1373 relucere,
1705 1315 1800 1376 qnae·

434 1385 519 1457 ritor,
541 1383 650 1459 quibus
673 1382 777 1444 mediis
789 1382 945 1446 mens⁰vel
960 1384 1036 1445 hanc
1058 1385 1203 1445 velillum
1226 1386 1320 1465 posui
1334 1384 1482 1465 applicare
1505 1387 1674 1463 regionibns
1688 1384 1801 1445 mundi.

435 1468 572 1531 circulus
594 1470 712 1549 quidem
735 1480 814 1531 certo
837 1470 937 1548 aliquo
959 1480 1069 1549 cantro,
1093 1472 1207 1553 ellipsis
1231 1490 1309 1548 vero,
1334 1490 1393 1551 qua
1415 1473 1509 1553 figure
1526 1472 1594 1534 surii
1617 1472 1801 1552 planetarum

436 1558 564 1631 orbitae,
587 1556 705 1620 duobus
728 1560 834 1631 centris
858 1559 1040 1620 describitur.
1796 1554 1799 1559 ’

525 1643 620 1721 Quam
653 1646 742 1725 igitur
770 1646 870 1707 sedam
892 1645 977 1708 dabis
999 1649 1105 1722 monti,
1136 1654 1169 1707 ui
1191 1647 1330 1709 circulum
1358 1646 1408 1707 vcl
1431 1646 1591 1727 elliptlcam
1621 1648 1746 1708 orbitam
1768 1650 1799 1706 in

433 1731 619 1813 liquentibus
647 1734 774 1795 aetberls
804 1735 915 1813 campie
945 1736 1091 1796 mutetur?
1128 1734 1206 1795 Num
1233 1736 1263 1792 iu
1287 1734 1338 1794 illo
1371 1734 1471 1796 cclrtro
1495 1736 1576 1795 iliam
1599 1734 1735 1796 iocabls'l
1766 1736 1800 1795 In

437 1838 513 1883 aura
535 1820 624 1899 igitur
646 1820 785 1883 aetherea
806 1820 888 1882 locas
911 1820 1001 1896 illarn,
1025 1839 1101 1898 quac
1116 1822 1189 1882 nibil
1212 1821 1340 1882 differta
1363 1830 1426 1882 toto
1442 1822 1555 1901 reliquo
1577 1822 1679 1882 mundi
1694 1824 1800 1901 spatio,

436 1910 510 1985 qula
532 1907 629 1969 orbita
652 1908 787 1987 planetae
801 1906 855 1969 ¹eut
878 1909 994 1970 aSolia
1017 1926 1138 1989 corpme
1164 1913 1333 1970 eceentrica.
1380 1910 1422 1969 At
1442 1909 1500 1970 boc
1523 1908 1609 1971 vaide
1632 1910 1800 1984 absurdum,

435 2013 503 2057 cnm
525 1996 601 2056 alias
624 1999 797 2076 principium
819 1996 1063 2058 individnetionis
1085 2000 1247 2058 animarum
1272 1998 1497 2058 transscributur
1518 2000 1659 2058 materiae
1682 2004 1712 2058 et
1733 2014 1800 2058 cor·

433 2084 511 2162 pori,
534 2084 582 2143 cul
603 2085 702 2145 anima
724 2092 768 2145 cst
791 2083 906 2160 additu,
938 2102 1015 2163 quae
1036 2085 1103 2146 loco
1127 2092 1157 2145 et
1178 2092 1308 2164 tempore
1330 2083 1490 2162 multisque
1512 2084 1579 2146 allis
1600 2084 1679 2146 uotis
1702 2083 1800 2145 differt

433 2189 455 2232 a
482 2170 607 2233 materia
631 2170 735 2231 mundi
766 2172 889 2249 reliqua.
937 2172 1022 2233 Certe
1052 2174 1169 2233 animae
1192 2180 1222 2232 ei
1252 2174 1341 2232 menti
1363 2174 1437 2233 situs
1459 2172 1536 2233 alius
1557 2180 1626 2232 'non
1648 2172 1799 2250 competit,

434 2275 527 2337 quam
559 2274 738 2339 percorpus
761 2276 863 2334 auum,
894 2259 974 2337 quud
1003 2258 1056 2319 illa
1077 2260 1223 2320 inlormat.
1269 2260 1306 2320 Et
1328 2276 1388 2337 qua
1410 2260 1440 2319 vi
1468 2260 1636 2321 movebitur
1655 2276 1739 2321 mens
1763 2258 1799 2320 de
1874 2316 1878 2331 ,

434 2347 504 2407 loco
528 2346 558 2405 ln
580 2344 677 2407 locum
693 2349 722 2405 in
746 2345 863 2408 circello
885 2364 978 2426 parvo
1002 2348 1079 2408 circe
1101 2355 1231 2409 centrum
1254 2346 1363 2421 muudi,
1388 2346 1563 2407 uillicum
1586 2348 1693 2408 centris
1717 2346 1797 2407 orbi-

433 2442 531 2494 tarum
554 2432 783 2511 planetariorum
811 2450 948 2495 successu
971 2435 1151 2509 seculorum,
1183 2436 1207 2493 si
1231 2452 1313 2496 mene
1335 2451 1456 2511 corpore
1479 2444 1573 2509 caret,
1603 2437 1628 2494 si
1651 2442 1684 2494 ut
1705 2436 1801 2495 situa-

434 2521 523 2596 bilis,
554 2522 598 2581 sic
618 2520 736 2583 mobilis
759 2540 791 2583 se
813 2524 880 2600 lpse
909 2539 967 2582 nun
992 2521 1059 2583 esti
1090 2520 1158 2599 Quo
1187 2520 1285 2583 medio
1316 2540 1399 2583 meus
1428 2522 1557 2582 tuebitur
1587 2524 1675 2581 situm
1703 2540 1798 2596 suum,

435 2624 521 2670 snam
544 2626 563 2669 a
583 2617 682 2670 cenno
706 2609 806 2670 mundi
828 2608 1022 2670 distantiam?
1045 2610 1117 2669 Esto
1141 2625 1211 2669 vero
1233 2608 1277 2667 illl
1292 2617 1479 2689 prospectum
1502 2608 1538 2670 de
1561 2608 1631 2669 aede
1646 2610 1800 2683 incontra,

435 2695 587 2773 quomodo
606 2697 669 2774 jam
693 2696 744 2758 illa
767 2698 891 2777 adiciet,
912 2705 947 2757 ut
967 2697 1087 2777 planeta
1108 2695 1280 2774 longissime
1302 2697 1409 2758 absens
1432 2697 1557 2758 orbitam
1581 2714 1665 2756 suurn
1688 2694 1816 2779 ordinet¹

435 2786 515 2845 clrca
537 2784 595 2845 lroc
618 2786 772 2846 centrum?
800 2785 824 2845 si
853 2784 983 2845 ianiculo
1013 2784 1096 2843 illum
1124 2784 1246 2844 baberet
1273 2782 1445 2862 alligatum,
1477 2783 1725 2845 circumvolitaret
1751 2784 1802 2846 ille

438 2872 548 2946 ioman,
572 2889 608 2933 cx
631 2878 730 2933 centro
751 2890 856 2953 nexus,
878 2874 985 2934 sentire
1006 2870 1081 2933 lonc
1097 2878 1198 2950 posset
1219 2888 1302 2932 mene
1316 2889 1353 2932 ex
1375 2878 1474 2934 centro
1488 2880 1689 2951 prospectans,
1712 2888 1801 2949 prae-

437 2960 540 3019 sertim
563 2960 588 3019 si
610 2961 757 3041 corporeis
781 2962 874 3021 oculis
897 2968 975 3021 essct
989 2961 1142 3032 instructa,
1167 2976 1203 3019 an
1219 2958 1338 3037 planeta
1359 2961 1415 3021 iret
1430 2962 1460 3019 iu
1483 2954 1602 3032 circum,
1626 2960 1802 3020 ninimirum

437 3044 608 3124 inaequali
627 3063 746 3126 semper
767 3046 876 3125 angulo
899 3052 1091 3125 spectaretur:
1126 3054 1158 3107 at
1186 3047 1400 3108 exorbitantem
1423 3064 1484 3125 qus
1505 3049 1556 3108 vla
1578 3045 1745 3123 reduceret,
1776 3049 1802 3108 si
1854 3068 1858 3074 ·

439 3134 566 3197 orbitam
588 3135 683 3215 ipsam
715 3153 768 3214 per
790 3154 822 3197 ue
856 3152 915 3197 non
949 3133 1085 3196 videret?
1119 3132 1267 3212 quomodo
1290 3153 1360 3196 vcro
1389 3152 1471 3196 mens
1500 3132 1644 3214 intelliget
1667 3134 1801 3210 orbitarn,

439 3239 518 3301 quae
541 3239 662 3302 corpure
690 3223 791 3302 aliquo
820 3223 1006 3303 peculiariter
1034 3239 1093 3283 non
1117 3231 1162 3285 est
1183 3223 1345 3302 insignita?
1378 3223 1454 3284 Nam
1483 3223 1520 3284 de
1542 3221 1611 3284 idea
1632 3221 1732 3283 circuli
1753 3224 1802 3283 in-

439 3308 601 3373 tellectuali
629 3310 758 3372 hicnon
781 3316 826 3371 est
848 3317 960 3384 senno,
990 3311 1019 3369 ln
1043 3327 1103 3388 qua
1125 3327 1184 3370 non
1207 3313 1372 3388 estmagni
1396 3318 1426 3371 ei
1447 3311 1532 3389 parvi
1556 3308 1720 3385 distinctio,
1749 3309 1802 3371 scd

440 3399 477 3459 de
501 3397 574 3459 reali
596 3400 699 3460 itinere
720 3398 868 3478 planetae,
888 3396 969 3476 qnod
991 3405 1106 3476 practer
1128 3398 1226 3459 ideam
1248 3398 1340 3459 babet
1361 3401 1451 3460 etlam
1474 3405 1583 3459 certam
1598 3399 1801 3475 quantitatem.

440 3485 554 3564 Quodsi
575 3494 703 3547 mentem
725 3489 876 3547 metricam
900 3483 1091 3546 collocaveris
1114 3493 1197 3547 extra
1219 3495 1350 3547 centrum
1373 3487 1495 3561 orbitae,
1519 3485 1646 3548 deterior
1668 3487 1723 3547 erit
1738 3486 1803 3564 ejus

440 3573 580 3635 conditio.
626 3573 688 3635 Aut
710 3578 787 3636 enim
810 3575 864 3635 erit
886 3576 916 3632 in
933 3590 1063 3651 corpore,
1087 3574 1168 3652 quod
1185 3575 1298 3635 obtinet
1320 3573 1420 3634 mundi
1435 3581 1575 3648 centrum,
1598 3581 1628 3635 ei
1644 3575 1687 3634 sic
1701 3589 1803 3636 omues

439 3668 554 3722 mentes
584 3667 668 3721 erunt
700 3663 729 3721 in
762 3661 866 3723 eodem
894 3678 1015 3739 corpore
1045 3659 1250 3740 durabuutquc
1274 3661 1461 3722 dillicultatea
1484 3663 1649 3741 superiores
1672 3659 1708 3721 de
1730 3661 1803 3722 reti·

438 3747 537 3814 nendo
568 3748 689 3827 planeta
710 3751 740 3809 in
763 3767 818 3809 sna
840 3747 951 3824 orbita,
982 3747 1077 3825 deque
1100 3750 1165 3825 ejus
1186 3750 1306 3810 'orbitae
1329 3751 1507 3810 inventione.
1554 3749 1615 3808 Aut
1643 3750 1699 3809 erit
1720 3765 1803 3810 inens

438 3838 469 3896 in
494 3837 560 3915 ipso
584 3835 719 3916 planetae
741 3835 845 3914 globo:
869 3844 939 3897 tnnc
962 3837 1140 3912 inutraque
1163 3853 1234 3896 casu
1250 3839 1408 3913 quaeritur,
1432 3853 1491 3913 quc
1507 3835 1604 3895 medlo
1620 3852 1703 3895 mene
1719 3837 1802 3910 sciat,

443 3923 495 3985 obi
517 3925 558 3983 sit
580 3931 727 3998 centrum,
758 3925 835 3985 circa
857 3923 936 4000 quod
961 3921 1123 3983 ordinanda
1146 3931 1191 3982 est
1214 3924 1309 3983 urbita
1331 3922 1482 4000 planetae,
1514 3931 1543 3983 ei
1571 3930 1714 4000 qnantum
1738 3925 1803 4002 ipsa

443 4029 510 4074 cum
533 4010 626 4088 globo
647 4027 703 4072 suo
725 4011 763 4072 ab
786 4012 839 4071 iliu
860 4017 970 4089 punctu
987 4008 1084 4071 distet.
1115 4009 1207 4070 Recte
1231 4012 1307 4070 cuim
1323 4012 1476 4071 Aviccnne
1499 4011 1622 4083 censuit,
1646 4023 1721 4086 opus
1738 4027 1802 4070 esec

440 4097 705 4176 moturlplanetae,
727 4101 753 4158 sl
768 4116 849 4159 mens
861 4107 914 4174 est,
938 4099 1105 4174 cognitione
1117 4099 1208 4158 centri
1225 4103 1337 4158 ctauae
1351 4098 1389 4158 ab
1412 4097 1463 4157 illo
1479 4095 1644 4157 distantiae.
1669 4095 1803 4156 circulus

441 4189 519 4248 euim
541 4184 646 4248 lisdem
670 4194 700 4247 et
722 4184 857 4249 definitur
879 4194 909 4246 et
930 4185 1092 4266 perilcitur,
1127 4191 1227 4246 centro
1250 4193 1280 4246 ci
1301 4185 1419 4262 aequali
1442 4193 1599 4245 curvatura
1621 4184 1699 4245 circu
1719 4183 1801 4259 lllnd,

441 4271 563 4352 'aequali
577 4273 690 4335 scilicet
705 4273 845 4335 distantia
861 4273 1108 4334 circumferentiae
1123 4273 1161 4334 ab
1176 4271 1242 4332 illo:
1265 4274 1366 4351 itaque
1380 4267 1638 4351 quantumcunque
1652 4273 1803 4346 ruotrlcem

441 4367 570 4424 mentem
593 4360 727 4436 extollas,
751 4362 875 4423 circulus
891 4370 990 4422 tamen
1012 4378 1049 4421 ue
1066 4361 1131 4422 Deo
1146 4360 1265 4438 quidem
1280 4359 1361 4420 allud
1377 4360 1448 4439 quid
1466 4368 1519 4433 cst,
1543 4377 1632 4437 quam
1647 4359 1728 4438 qnod
1739 4359 1802 4436 jiun

443 4455 487 4510 est
503 4447 630 4524 dlctnm3
661 4449 741 4525 quud
761 4447 838 4508 idern
862 4456 891 4509 et
914 4448 950 4509 de
973 4445 1103 4528 elliptica
1125 4448 1220 4528 figura
1242 4465 1296 4508 suc
1319 4446 1438 4509 modulo
1463 4447 1550 4509 inerit
1572 4447 1802 4524 intelligendum.

538 4535 645 4614 Quare
665 4536 754 4611 dicia,
778 4554 887 4614 corpus
909 4535 1037 4614 aliquod
1057 4535 1190 4610 coelem,
1221 4553 1279 4596 ruo
1302 4545 1443 4598 counione
1463 4537 1610 4612 numerio,
1638 4535 1702 4596 eolo
1722 4543 1805 4595 nain

441 4626 697 4701 cimunopi'non
716 4623 823 4702 poree?
856 4625 951 4701 Atqui
973 4625 1108 4684 carlertin
1129 4641 1185 4683 occ
1204 4627 1318 4700 gronio
1339 4631 1412 4684 euni
1432 4641 1488 4684 nec
1509 4624 1605 4697 lenio,
1633 4623 1686 4682 sed
1706 4626 1804 4699 opite-

441 4717 522 4774 eimu
544 4713 587 4772 ad
606 4717 724 4773 motum
745 4714 937 4789 circularem,
961 4728 1025 4772 non
1045 4714 1192 4771 corbiani
1212 4713 1307 4788 igitur
1328 4714 1423 4772 menti
1445 4713 1573 4772 mettim.
1608 4709 1672 4770 Etsi
1697 4708 1803 4788 globus

443 4799 552 4878 aliquis
575 4798 711 4860 coelestis
733 4816 792 4860 non
815 4805 859 4858 est
881 4803 924 4859 sic
946 4799 1054 4876 gravis,
1077 4805 1110 4858 ut
1132 4799 1254 4876 aliquod
1277 4801 1307 4857 in
1330 4798 1422 4860 Terra
1448 4815 1553 4859 aarum
1575 4813 1665 4876 grave
1688 4796 1802 4871 dicitur,

442 4904 498 4949 nec
519 4881 564 4948 alc
585 4887 670 4961 levis,
694 4894 727 4948 ut
749 4901 840 4966 penes
862 4904 916 4948 nos
938 4887 1033 4964 ignis:
1057 4885 1148 4948 habet
1169 4893 1267 4948 tamen
1289 4887 1402 4947 ratione
1424 4902 1497 4948 snae
1519 4886 1659 4962 materiae
1681 4891 1803 4944 nutura-

444 4975 504 5038 lam
527 4970 707 5051 dicunntur,
737 4974 907 5036 uaneeundl
939 4973 974 5034 de
997 4973 1064 5035 luco
1087 4976 1116 5032 in
1139 4973 1251 5047 lucum,
1284 4973 1374 5033 habet
1402 4971 1564 5034 naturalem
1595 4973 1729 5032 inertiam
1751 4987 1803 5032 scu

444 5067 590 5142 quietern,
622 5079 682 5139 qua
704 5063 828 5140 quiescit
849 5063 879 5121 in
903 5062 982 5122 omni
1004 5061 1087 5136 loco,
1119 5062 1171 5123 nbi
1193 5061 1341 5123 solitarius
1365 5059 1533 5124 collocatur.
1578 5057 1651 5119 Inde
1672 5073 1744 5119 vero
1767 5074 1803 5119 ex

446 5151 506 5210 altu
530 5156 559 5211 ei
581 5151 681 5227 quiete
703 5167 758 5211 sua
780 5157 813 5208 nt
835 5156 1020 5228 emoveatur,
1050 5165 1125 5227 opus
1147 5157 1192 5210 est
1214 5148 1258 5208 illi
1280 5151 1413 5228 potentia
1434 5147 1551 5228 aliqua,
1578 5145 1715 5223 quaesit
1738 5163 1804 5206 am·

445 5239 523 5322 plius
545 5238 713 5318 quippiam,
742 5255 832 5315 quem
854 5255 910 5304 sua
930 5237 1052 5302 materia
1074 5243 1104 5300 et
1126 5253 1232 5322 corpus
1253 5236 1382 5312 undum,
1412 5253 1548 5322 quaeque
1569 5234 1704 5302 inertiam
1726 5233 1804 5298 bane
