4459 6275
618 2090 621 2095 Ι
876 1926 921 2067 u.
955 1924 1258 2041 nonturno
1295 1928 1397 2041 n,

530 2153 533 2163 ·
570 2124 859 2241 uuuluuuuu
890 2121 1181 2218 lupualdum
1210 2121 1397 2220 SEllPllll
1422 2122 1651 2241 AUGUSTO,

357 2400 361 2408 .
457 2284 1765 2415 unammeu,nnnaun1an,eoflumaa

1061 2424 1172 2509 asur.
1289 2482 1293 2487 .

430 2709 435 2720 ,
625 2682 637 2720 .,
678 2582 1097 2703 luculuuul
1138 2580 1533 2729 tustutlu,

523 2754 528 2765 ·
774 2751 925 2839 nonno
947 2749 1449 2875 uoruo'umpnusuo.

502 3073 545 3158 ,
588 3075 809 3152 Aupuotiaoime
830 3076 1034 3151 potentissimo
1056 3083 1148 3155 atquo
1169 3077 1364 3156 maiomam
1389 3079 1573 3153 Imperator.

519 3205 603 3267 tium·
621 3213 690 3267 anta
713 3223 807 3268 annos
830 3208 871 3266 26
894 3224 1002 3285 pareas
1030 3214 1131 3268 nostor
1153 3205 1257 3285 'tycho
1281 3205 1378 3267 Brahe
1407 3214 1500 3267 morto
1524 3208 1685 3271 immatura
1711 3209 1790 3270 nobis

433 3294 539 3354 luisset
562 3300 697 3371 ereptus,
723 3301 891 3371 quanquam
912 3312 968 3355 nos
991 3293 1071 3354 illius
1093 3294 1245 3369 haeredes,
1269 3310 1390 3355 numero
1413 3312 1467 3354 sex
1489 3313 1556 3355 cum
1579 3307 1674 3358 matre
1698 3297 1790 3369 vidua,

433 3398 549 3442 aramus
582 3382 783 3443 afflictissimi:
819 3400 877 3441 non
911 3400 1005 3459 aequo
1038 3390 1136 3443 tamen
1167 3398 1219 3459 pro
1253 3380 1348 3446 salute
1385 3389 1501 3456 nosue,
1537 3401 1573 3444 aa
1606 3403 1660 3463 pro
1694 3385 1790 3445 studiis

434 3470 472 3529 ab
503 3467 553 3527 illo
584 3468 709 3542 relictis,
742 3485 796 3545 pro
829 3468 911 3529 libris
945 3468 1056 3530 scilicet
1089 3470 1329 3530 observationum
1363 3468 1553 3544 coelestium,
1588 3474 1627 3531 ab
1662 3471 1715 3531 illo
1746 3489 1791 3549 per

434 3574 527 3616 annos
566 3557 606 3613 38
642 3558 805 3631 congestis,
846 3565 875 3615 et
907 3573 960 3633 pro
996 3556 1136 3616 inchoata
1174 3574 1319 3633 superque
1355 3554 1414 3614 illis
1453 3557 1574 3617 lundata
1614 3558 1789 3619 Tabularum

435 3645 706 3703 Astronomicarum
729 3652 874 3702 structura
890 3644 997 3703 suimus
1021 3643 1150 3703 solliciti.
1197 3643 1272 3703 Cum
1287 3646 1364 3703 enim
1388 3652 1534 3703 constaret
1550 3647 1646 3717 nobis,
1672 3665 1792 3725 propen-

433 3735 546 3794 sionem
570 3731 634 3807 ejus
658 3733 685 3788 in
709 3731 837 3789 studium
861 3734 1089 3791 astronomicum
1113 3749 1165 3808 pro
1190 3730 1289 3789 divino
1310 3732 1411 3790 afflatu
1435 3730 1535 3791 haberi
1559 3752 1578 3791 a
1603 3739 1710 3794 ceteris
1734 3754 1791 3794 om·

432 3820 528 3892 nibus,
553 3819 602 3893 qui
625 3820 695 3878 artis
719 3819 849 3894 aliquam
872 3819 1022 3879 habebant
1045 3822 1196 3878 notitiamt
1221 3835 1278 3877 non
1294 3816 1395 3878 decere
1411 3835 1473 3891 nos,
1498 3819 1535 3878 ab
1553 3820 1606 3880 illo
1623 3831 1788 3898 prognatos,

433 3907 663 3978 arbitrabamur,
692 3906 830 3965 humilius
854 3909 957 3965 ceteris
981 3906 1018 3967 da
1040 3909 1172 3983 genitore
1195 3913 1294 3964 nostro
1318 3907 1441 3979 sentire,
1472 3922 1531 3965 non
1554 3907 1650 3967 oculis
1684 3910 1791 3969 reflexis

433 3994 471 4053 ab
503 3995 559 4053 hoc
589 3994 673 4053 nobis
703 3993 803 4053 relicto
834 3996 1028 4070 patrimonio,
1056 3994 1222 4071 quodipse
1246 3996 1364 4054 maximi
1387 3994 1510 4065 iecerat,
1541 3994 1580 4054 ad
1610 4012 1684 4072 opes
1708 3997 1792 4072 vulgo

417 4079 613 4154 celebratas,
637 4098 711 4156 quas
734 4080 784 4140 ille
808 4090 840 4138 ut
862 4081 989 4141 caducas
1012 4089 1041 4142 et
1064 4081 1127 4140 luto
1150 4081 1315 4141 sordidatas
1337 4098 1452 4158 semper
1475 4089 1691 4156 contabuerat,
1720 4084 1790 4143 limis

433 4170 594 4243 respicere;
625 4184 701 4240 non,
730 4168 847 4227 labores
878 4170 943 4244 ejus
974 4186 1102 4228 summos
1132 4177 1160 4228 et
1184 4187 1288 4244 opera,
1320 4170 1349 4226 in
1379 4185 1454 4245 quae
1477 4186 1550 4245 opes
1572 4187 1631 4228 non
1656 4170 1791 4248 vulgares

386 4252 388 4258 ’
433 4262 585 4332 totamque
607 4257 698 4314 vitam
721 4254 916 4332 impenderat,
949 4265 1148 4328 contemnere,
1178 4256 1324 4332 negligere
1348 4265 1377 4315 et
1399 4255 1546 4331 abjicere3
1577 4274 1636 4316 uon
1670 4258 1791 4335 deniqne

432 4343 552 4418 publico
576 4341 756 4402 literatorum
780 4343 924 4402 desiderio
949 4344 1060 4403 deesse.
1106 4343 1164 4402 Sed
1189 4361 1254 4403 cum
1277 4346 1305 4400 in
1329 4343 1415 4402 nobis
1438 4341 1475 4400 ad
1491 4360 1580 4421 opera
1609 4345 1661 4404 illa
1677 4363 1791 4422 promo·

433 4429 531 4488 venda
546 4429 619 4487 nihil
631 4439 708 4490 esset
724 4434 796 4508 opis,
821 4430 981 4507 Imperator
997 4430 1170 4507 Rudolph
1180 4449 1223 4489 us
1239 4430 1276 4488 II.
1290 4429 1545 4491 celebratissimae
1557 4436 1729 4505 memoriae,
1754 4435 1790 4492 nti

435 4524 539 4592 suopte
562 4527 625 4576 arat
647 4519 764 4594 ingenio
787 4520 892 4576 artium
916 4520 1045 4577 omnium
1068 4520 1293 4590 amantissimus,
1320 4520 1361 4576 ita
1377 4523 1447 4575 vota
1470 4520 1556 4577 etiam
1572 4528 1677 4581 nostra
1700 4523 1791 4579 monl-

434 4606 587 4680 tionesque
610 4607 744 4682 respexit,
769 4612 921 4664 nutantem
936 4605 1115 4665 Tabularum
1139 4606 1284 4664 fortunam
1299 4606 1484 4678 sustentavit,
1509 4609 1590 4683 operi
1614 4608 1789 4685 perficiendo

434 4700 581 4751 curatores
597 4691 676 4750 dedit
699 4700 728 4751 et
754 4692 922 4752 directorem
947 4693 1064 4768 quidem
1090 4696 1185 4770 operis
1211 4711 1227 4752 e
1252 4693 1337 4752 nobis
1360 4703 1390 4753 et
1415 4700 1545 4752 nostrum
1571 4697 1705 4754 omnium
1731 4696 1790 4756 loco

435 4781 585 4839 coustituit
612 4780 846 4839 Franciscum
880 4779 1052 4840 Gansneb
1081 4780 1190 4840 dictum
1214 4780 1448 4856 Tsngnagel,
1480 4784 1625 4841 sororium
1649 4795 1789 4844 nostrum:

434 4884 523 4927 unum
536 4883 616 4944 vero,
633 4867 683 4941 qui
695 4868 770 4926 intra
780 4875 902 4944 penates
915 4870 1005 4926 nostri
1020 4870 1148 4944 parentis
1165 4869 1366 4927 astronomicis
1379 4868 1443 4943 ejus
1455 4870 1594 4944 operibus
1611 4888 1722 4930 annum
1732 4873 1789 4947 jam

436 4954 557 5013 alterum
573 4951 769 5031 impendebat,
793 4954 982 5015 Joannem
1004 4955 1208 5032 Keplerum
1232 4957 1347 5031 ingenio
1363 4953 1510 5014 valentem
1530 4959 1606 5017 inter
1622 4957 1722 5019 aulica
1740 4974 1789 5017 ana

436 5042 596 5103 ministeria
624 5042 747 5118 recepit,
780 5042 957 5120 stipendium
988 5044 1161 5118 assignarit
1218 5043 1327 5103 Varum
1361 5042 1580 5119 Tengnagelius
1611 5062 1670 5104 non
1701 5046 1787 5104 multo

435 5134 502 5205 post
525 5129 599 5189 inter
621 5128 804 5189 consiliarios
828 5129 961 5191 Caesaris
984 5130 1123 5202 adscitus,
1146 5132 1271 5207 negotiis
1293 5128 1421 5207 politicis
1443 5130 1703 5208 legationibusque
1725 5150 1786 5192 sue

435 5214 529 5293 ceptis
549 5215 588 5277 ab
610 5217 709 5296 opsrln
730 5232 801 5279 eura
814 5217 870 5278 luit
891 5218 1065 5279 menemus.
1110 5218 1271 5297 Keplerum
1285 5234 1365 5292 raro,
1388 5219 1692 5299 praeterquamquod
1711 5220 1785 5281 solur
