4459 6275
437 779 480 840 80
996 773 1106 844 Kepleri
1125 773 1222 833 Studia

527 949 612 1010 Haec
635 952 821 1027 aequatioais
842 953 917 1012 ratio
940 960 1066 1028 quatuor
1087 955 1206 1030 insuper
1223 949 1318 1012 modis
1334 953 1439 1011 variari
1454 958 1561 1030 posset.
1610 955 1638 1012 1.
1660 951 1784 1015 Sfflrlir

438 1056 603 1116 apogaeum
627 1036 848 1115 progrederetur
871 1039 1072 1115 inaequaliter,
1095 1048 1128 1099 ut
1151 1039 1228 1118 apud
1245 1041 1453 1116 Cuperrricum3
1475 1039 1527 1101 sed
1541 1039 1598 1099 hac
1620 1058 1714 1101 musa
1732 1057 1784 1102 uer

435 1125 541 1186 liberat
571 1125 743 1202 hypothesis
764 1136 876 1200 nostre,
908 1144 983 1203 quae
1005 1127 1083 1188 Solis
1106 1131 1230 1205 apogaei
1253 1144 1438 1205 progressum
1468 1134 1598 1202 praestat
1619 1127 1783 1204 aequalem.

437 1216 466 1273 2.
490 1213 522 1273 Si
552 1215 718 1290 praecessio
746 1215 995 1289 aequinoctiorum
1024 1215 1110 1274 inerit
1140 1214 1302 1291 inaequalis
1332 1214 1392 1273 alia
1418 1217 1536 1291 insuper
1564 1215 1784 1292 inaequalitate,

437 1319 526 1376 quam
557 1318 634 1376 quae
665 1318 701 1361 ex
731 1300 847 1378 aequali
877 1318 1032 1378 progressu
1056 1305 1182 1379 apogeei
1204 1305 1367 1378 proveniat.
1411 1301 1486 1361 liam
1509 1300 1588 1378 quod
1618 1305 1785 1380 inponetis

437 1387 635 1447 cardinalibus
657 1404 794 1448 successu
818 1390 980 1448 seculorum
1003 1388 1080 1448 aliae
1103 1399 1193 1465 atque
1216 1389 1291 1449 aliae
1315 1390 1501 1448 inveniuntur
1523 1391 1726 1467 aequationes,
1749 1388 1784 1449 de

438 1493 475 1535 ea
496 1478 636 1552 temporis
659 1477 833 1551 aequatione
852 1476 916 1551 jam
938 1485 983 1535 ert
1005 1475 1130 1551 dictum,
1154 1493 1229 1552 quae
1252 1494 1317 1536 cnm
1340 1478 1378 1534 sit
1399 1476 1579 1551 tardissima,
1607 1494 1667 1537 non
1688 1485 1787 1555 potest

439 1565 465 1623 ei
491 1561 620 1622 adscribi
641 1562 863 1638 phaenomenon
886 1563 957 1636 hoc,
986 1562 1064 1640 quod
1086 1563 1249 1623 Ptolemaei
1272 1575 1401 1640 tempore
1423 1563 1570 1640 sesquidia
1592 1566 1686 1626 serius
1704 1565 1786 1642 justo

440 1658 601 1709 evenerunt
622 1652 816 1726 aequinoctia,
840 1659 985 1711 stannus
1007 1652 1135 1727 tropicus
1158 1651 1225 1710 iude
1247 1651 1286 1710 ab
1309 1650 1479 1726 Hipparcho
1501 1651 1606 1727 longus
1629 1650 1694 1725 suit,
1717 1652 1784 1713 inde

440 1735 478 1795 ad
501 1736 710 1812 Albategnium
732 1733 839 1798 iterum
862 1737 1008 1813 breuisfi)
1054 1738 1127 1797 Cum
1142 1744 1240 1797 autem
1263 1737 1319 1797 hoc
1341 1738 1427 1796 inerit
1451 1738 1586 1798 accidens
1607 1748 1706 1799 motus
1727 1739 1785 1799 So·

438 1824 485 1893 lis,
516 1826 567 1900 qui
595 1825 650 1883 sub
679 1823 823 1884 sideribus
854 1825 946 1884 nihilo
973 1823 1084 1884 tardior
1113 1833 1181 1886 ante
1204 1824 1405 1885 Ptolemaeum
1435 1820 1504 1898 suit,
1534 1824 1627 1884 nihilo
1656 1825 1785 1887 velocior

436 1919 504 1988 post
525 1929 601 1984 eum,
625 1929 718 1989 parra
741 1910 898 1971 admodum
920 1912 988 1971 hinc
1010 1908 1140 1971 nascitur
1162 1915 1285 1971 mutatio
1306 1914 1513 1988 aequationum
1537 1930 1632 1989 eaque
1653 1916 1784 1989 particu-

436 1998 504 2057 laris
527 2007 641 2058 mutum
667 2001 695 2055 in
725 1999 828 2057 diebus
858 2001 926 2059 anni
949 2009 978 2058 et
1002 2002 1163 2059 variatione
1193 2001 1398 2064 ascensionum
1425 2009 1583 2076 rectarum;
1610 2017 1676 2059 cum
1707 2004 1784 2062 eninr

438 2087 547 2144 usitata
570 2088 620 2143 via
640 2079 776 2161 superius
798 2086 944 2161 explicate
966 2095 1168 2162 computemus
1190 2085 1290 2146 Solem
1312 2081 1342 2145 in
1366 2086 1571 2161 cardinalibus,
1594 2088 1646 2146 ubl
1669 2105 1783 2165 aeque·

437 2175 478 2230 tio
501 2171 583 2232 nulle
605 2190 641 2232 ex
665 2189 723 2231 asc.
747 2175 841 2244 rectia,
867 2176 1023 2233 observata
1044 2172 1207 2233 Ptolomaei
1229 2182 1364 2233 statuunt
1386 2173 1554 2233 distantiam
1576 2172 1688 2234 dierum
1713 2172 1783 2257 l's„

437 2268 554 2318 etcum
580 2256 638 2339 Pl,
661 2267 811 2318 transeunt
839 2255 908 2342 ¹7„
932 2263 1026 2319 minus
1056 2269 1108 2319 aut
1129 2260 1196 2337 plus
1228 2263 1256 2318 in
1281 2268 1450 2336 aequatore.
1496 2260 1573 2322 Hinc
1596 2263 1685 2338 igitur
1708 2263 1801 2323 Pto-¹

436 2345 576 2406 lemaicae
599 2349 791 2422 aequationoe
815 2350 1003 2407 veriehuntur
1026 2347 1147 2406 dimidio
1171 2350 1291 2420 minuto,
1315 2364 1373 2406 non
1389 2351 1416 2406 in
1434 2348 1542 2423 seculo,
1565 2349 1617 2409 sed
1633 2351 1662 2407 in
1678 2349 1783 2411 diebus

436 2435 515 2493 anni.
560 2435 590 2494 3.
613 2427 646 2493 Si
667 2435 866 2494 eccontricitaa
889 2433 967 2493 Solis
990 2434 1050 2494 alia
1071 2436 1174 2494 inisset
1196 2434 1264 2494 olirn
1288 2453 1376 2510 quam
1399 2445 1444 2494 est
1463 2432 1559 2509 hodie,
1584 2445 1654 2496 tunc
1668 2453 1783 2514 aeque·

435 2522 530 2581 tiones
553 2520 644 2595 Solis,
675 2521 802 2597 majores
826 2522 911 2591 olim,
941 2529 1076 2598 parerent
1103 2525 1192 2582 otium
1219 2525 1358 2599 temporis
1381 2526 1573 2598 aequationcs
1595 2523 1724 2598 majores
1753 2526 1781 2583 in

435 2608 538 2668 diebus
561 2610 628 2668 anni
652 2625 676 2668 c.
702 2611 741 2682 2‘,
765 2611 789 2667 si
812 2604 941 2668 maxima
963 2611 1161 2669 eccontricitas
1186 2617 1263 2668 essct
1286 2615 1314 2667 2.
1339 2612 1390 2682 30,
1414 2628 1488 2685 qnae
1511 2609 1599 2670 hodio
1623 2618 1668 2669 est
1701 2615 1733 2671 2.
1750 2616 1780 2673 8.

435 2696 476 2754 Aa
498 2713 563 2755 cum
586 2696 743 2757 obseruata
766 2705 897 2756 veterum
920 2713 974 2754 nos
997 2713 1053 2754 non
1078 2704 1186 2772 cogant
1209 2705 1367 2756 extremum
1390 2696 1445 2755 boc
1475 2698 1611 2774 amplecti
1634 2697 1781 2777 (dixerunt

434 2801 547 2860 nempe,
573 2793 684 2860 quanta
706 2786 835 2843 omnium
846 2787 973 2843 maxima
997 2786 1197 2843 eccontricitas
1220 2782 1342 2860 prodeat
1364 2801 1400 2843 err
1422 2786 1482 2843 suis
1505 2787 1677 2858 observatis,
1707 2803 1783 2862 quae

433 2889 490 2930 non
514 2873 680 2932 subtiliores
703 2871 819 2931 inerunt
842 2870 1053 2948 quadrantibus
1077 2870 1212 2942 dierum),
1245 2872 1388 2929 tutissime
1418 2880 1446 2929 et
1469 2872 1684 2932 consultissime
1708 2873 1781 2934 iaci·

434 2976 498 3018 rrius
520 2959 675 3019 statuendo
698 2967 868 3037 perpetuam
893 2959 1138 3019 eccontricitatcm
1160 2956 1340 3032 hodiernam,
1374 2965 1511 3033 quantam
1535 2969 1564 3019 et
1586 2959 1782 3037 Albategnins

434 3049 554 3106 invenit.
601 3050 630 3107 t.
654 3041 687 3106 Si
709 3046 769 3106 alia
792 3046 952 3122 obliquitas
975 3044 1127 3122 eclipticas
1151 3043 1238 3103 hodic
1262 3063 1350 3120 quarn
1374 3046 1452 3117 olim,
1475 3046 1549 3106 hacc
1572 3064 1662 3107 cause
1683 3050 1782 3107 minn-

438 3136 581 3194 tissimum
604 3132 716 3211 aliquid
738 3140 832 3193 mutat
854 3132 976 3193 alteram
998 3142 1111 3210 partem
1134 3133 1336 3208 aequatione,
1367 3151 1442 3209 qnae
1466 3143 1511 3194 ost
1540 3135 1577 3194 ab
1601 3136 1783 3195 ascensioni·

437 3222 491 3281 bus
514 3225 618 3294 rectis,
641 3230 675 3281 nt
698 3221 797 3281 ridere
820 3216 915 3281 estin
939 3221 1062 3280 Tabulis
1085 3213 1169 3297 p'rimi
1193 3220 1310 3279 mobilis
1339 3216 1504 3280 Reiuholdi.
1549 3222 1686 3281 Variatur
1709 3223 1783 3284 haro

436 3326 527 3368 causa
557 3327 647 3385 penes
679 3327 750 3382 nos,
783 3310 897 3367 variata
925 3311 1023 3384 specie
1053 3316 1158 3366 motus.
1204 3307 1279 3366 Nam
1310 3309 1454 3384 prioribus
1483 3309 1546 3368 axis
1576 3305 1703 3369 Telluris
1733 3309 1781 3372 vel

434 3396 533 3456 muudi
557 3399 681 3455 mutavit
704 3394 921 3455 inclinationem
944 3395 980 3454 ad
1004 3395 1104 3472 poluru
1128 3394 1296 3470 eclipticac,
1321 3394 1409 3453 lixum
1432 3397 1486 3455 sub
1508 3396 1587 3469 fixis,
1611 3399 1711 3473 itaque
1736 3401 1781 3457 in·

434 3484 526 3542 volvit
550 3482 623 3542 lrooc
645 3482 838 3542 consideratio
862 3483 949 3555 fixae,
978 3487 1020 3542 sic
1043 3490 1075 3541 ut
1098 3481 1230 3541 nonnihil
1253 3483 1457 3558 perturbentur
1489 3483 1569 3558 leges
1592 3484 1782 3547 culminatio-

434 3587 504 3629 num
537 3572 756 3647 compartibus
779 3572 963 3646 aequatoris,
996 3570 1128 3647 quolibet
1150 3568 1250 3628 seculo
1281 3588 1317 3629 cx
1340 3568 1404 3644 lege
1427 3579 1505 3629 state
1530 3574 1782 3635 corrvonientibne.

435 3659 475 3717 At
497 3659 582 3717 nobis
604 3661 667 3717 aris
689 3657 815 3717 Telluris
837 3657 1054 3718 inclinationem
1077 3656 1114 3716 ad
1139 3674 1257 3715 coecum
1290 3668 1319 3715 ot
1342 3657 1430 3715 iixnrn
1458 3659 1524 3716 viae
1552 3661 1649 3735 regiae
1677 3661 1781 3736 polnm

433 3747 538 3805 retinet
561 3753 741 3805 constantem
764 3762 858 3821 eoque
880 3747 996 3804 nomino
1024 3743 1097 3802 nihil
1120 3753 1250 3804 mutatur
1281 3745 1309 3800 in
1332 3742 1588 3806 culminationibus
1615 3746 1782 3823 stellarum

435 3842 536 3891 contra
567 3849 635 3893 vero
667 3833 802 3909 ecliptica
831 3831 916 3892 sedes
944 3839 1038 3890 mutat
1069 3831 1205 3906 Solisque
1237 3828 1459 3891 culminationcs
1488 3833 1585 3891 turbet
1615 3851 1650 3893 eo
1682 3835 1783 3914 modo,

434 3938 492 3996 qno
515 3919 593 3996 apud
615 3922 726 3996 priores
748 3920 870 3979 fixarum
893 3918 1114 3978 culminationcs
1138 3918 1306 3990 turbantur,
1337 3927 1445 3978 etune
1473 3927 1565 3979 mutat
1595 3938 1781 3997 progressum

438 4007 627 4067 cardinalium
650 4017 823 4084 punctorum
846 4001 1047 4082 aequabilem
1070 4004 1122 4064 aad
1145 4013 1225 4076 note,
1249 4004 1326 4080 quod
1350 4005 1513 4082 aequabilis
1536 4006 1585 4066 illc
1608 4025 1784 4084 progressus

433 4098 471 4154 sit
500 4095 678 4170 incognitus,
708 4098 777 4171 quia
803 4111 857 4153 nos
885 4102 1074 4171 apparentem
1104 4109 1157 4168 pro
1186 4092 1333 4167 aequabili
1363 4096 1518 4169 sequimur.
1565 4093 1676 4168 Quodsi
1707 4097 1782 4156 inter

434 4181 635 4260 Hipparchum
658 4190 687 4242 et
708 4182 909 4241 Ptolemaeum
939 4179 1103 4256 seculisqne
1128 4179 1342 4255 antiquioribus
1366 4182 1394 4237 in
1418 4183 1480 4239 300
1503 4183 1588 4239 arinis
1612 4181 1674 4242 dies
1702 4200 1782 4244 anno

432 4268 555 4329 ‚Iuliano
577 4270 679 4346 perlit,
711 4272 783 4329 inter
805 4268 1006 4327 Ptolemaeum
1031 4284 1101 4328 voro
1126 4276 1155 4327 et
1177 4284 1231 4324 nos
1254 4269 1283 4324 in
1310 4263 1413 4348 133¹s,
1437 4268 1521 4326 annis
1544 4267 1605 4327 dies
1626 4271 1719 4346 perit,
1749 4273 1779 4330 irr

440 4359 523 4416 1⁴50
547 4358 634 4434 igitur
656 4358 740 4416 annis
763 4355 910 4415 debebant
932 4358 1052 4431 periisse
1076 4356 1137 4412 alies
1163 4355 1195 4428 53
1218 4354 1327 4429 periore
1354 4358 1409 4427 113
1437 4372 1488 4412 sex
1512 4371 1581 4430 ergo
1604 4374 1693 4433 snpra
1714 4375 1781 4419 rno-

434 4443 533 4503 dulum
561 4446 681 4520 periere.
725 4443 782 4503 Per
812 4442 866 4501 hoe
897 4452 994 4502 autern
1026 4441 1174 4518 tigradirs
1198 4443 1290 4499 crevit
1318 4439 1441 4499 latitudo
1472 4441 1632 4501 borealium
1656 4443 1781 4504 lixarum

434 4531 524 4592 borea
546 4534 575 4590 iu
597 4530 764 4591 borealibus
786 4532 877 4606 signis
898 4548 951 4608 per
974 4530 1033 4589 20⁴.
1079 4531 1212 4604 Cumque
1235 4528 1318 4587 limes
1334 4527 1485 4604 eclipticas
1502 4528 1608 4589 boreus
1631 4530 1669 4589 sit
1691 4532 1721 4590 in
1740 4532 1775 4604 Υ

434 4619 462 4676 iu
487 4619 647 4678 Commeat
671 4618 781 4692 Martis,
810 4617 895 4695 polus
918 4617 1069 4693 eclipticas
1093 4618 1147 4675 crit
1170 4617 1197 4672 in
1225 4616 1276 4684 st
1302 4618 1384 4691 parri
1415 4615 1534 4688 circelli,
1566 4615 1782 4695 descendetqtte

435 4723 535 4766 uersus
559 4704 601 4788 llll
623 4704 701 4764 illiue
723 4705 807 4782 parvi
830 4704 947 4777 circelli,
970 4721 1027 4762 non
1051 4711 1148 4763 tamen
1171 4704 1302 4778 praecise
1324 4702 1353 4759 in
1373 4704 1440 4776 ὲ,
1464 4705 1569 4777 poterit
1591 4706 1667 4763 enim
1690 4705 1781 4766 etlam

434 4795 463 4852 in
488 4796 527 4871 iil
550 4791 596 4852 vel
626 4791 670 4863 l.
716 4790 781 4868 Quo
805 4809 873 4851 vero
896 4799 1025 4869 temporo
1047 4790 1102 4849 init
1126 4792 1304 4850 constantior
1326 4791 1394 4847 arani
1410 4791 1512 4867 tropici
1533 4789 1696 4867 prolixitas,
1720 4809 1780 4853 non

435 4913 638 4923 ----—

521 4966 546 5028 ‘J
566 4966 650 5013 Potest
668 4965 742 5025 hujus
761 4966 795 5013 rel
815 4977 892 5012 cansa
913 4965 989 5012 statui
1009 4965 1083 5010 etiam
1108 4964 1223 5024 physica,
1249 4963 1284 5008 alc
1307 4968 1335 5008 ut
1357 4958 1492 5010 cardinalia
1517 4962 1615 5023 quidam
1643 4962 1780 5028 aequaliter

435 5033 524 5082 sur-rint
544 5049 686 5098 prnprrssu,
710 5036 790 5095 ipsura
815 5049 872 5082 uero
898 5036 1002 5096 primurn
1026 5031 1130 5094 mobile,
1155 5034 1170 5081 i.
1191 5047 1211 5079 e.
1232 5034 1321 5079 rotatio
1340 5030 1446 5079 'l'rllnrts
1470 5033 1533 5080 eirca
1556 5046 1626 5080 axurn
1654 5034 1780 5082 retardata

435 5113 489 5165 post
509 5105 682 5153 Ptolemaeum.
703 5102 836 5151 accelerate
854 5111 912 5150 aute
929 5103 1008 5150 illurn.
1044 5101 1092 5148 Sed
1111 5108 1171 5149 tnnc
1182 5103 1266 5149 ernae
1284 5108 1373 5154 motus,
1392 5109 1421 5149 nt
1438 5103 1479 5163 qui
1500 5101 1658 5150 erolntlour
1671 5103 1779 5152 Telluris

435 5177 559 5228 inritatur,
577 5172 741 5222 calcularetur
758 5181 823 5221 reate
841 5188 870 5221 ex
890 5179 999 5234 ternpore
1018 5171 1166 5235 invariabili,
1180 5171 1336 5234 planetarum
1350 5185 1399 5219 non
1419 5174 1492 5232 item
1512 5185 1569 5221 nam
1582 5176 1700 5237 nsqumio
1712 5181 1779 5224 esset

432 5244 577 5293 adhibenda
597 5243 645 5310 ¹¹r't
666 5243 768 5292 dierum
