4459 6275
805 794 838 849 In
856 792 975 849 Tabulas
993 790 1183 862 Rndolphinas
1201 792 1345 849 Praelatio.

417 807 419 813 ’
436 801 499 860 674

437 973 509 1033 mihi
538 988 594 1032 usn
617 973 714 1032 venire
737 978 852 1048 posset,
880 980 913 1031 ut
935 970 1070 1048 petulans
1094 969 1201 1047 aliquis
1233 988 1384 1049 vanusque
1407 973 1475 1031 artis
1501 971 1636 1047 jactatur
1668 979 1789 1041 coortm,

436 1060 552 1120 tabulas
580 1058 649 1132 has,
679 1058 760 1118 nulla
783 1059 952 1119 coelestium
980 1060 1209 1136 apparitionum,
1234 1075 1308 1135 quas
1336 1058 1404 1118 illae
1427 1065 1665 1136 repraesentant,
1695 1059 1791 1118 habita

434 1149 556 1221 ratione,
579 1144 642 1208 κατ’
666 1143 784 1223 anceps
807 1164 890 1206 veras
914 1163 979 1206 esse
1000 1154 1089 1222 neget
1110 1164 1286 1223 eversaeque
1301 1153 1392 1224 putet,
1415 1149 1441 1206 si
1463 1163 1495 1206 ss
1521 1146 1790 1206 demonstraturum

434 1236 588 1312 receperit,
619 1233 692 1293 laisa
716 1251 780 1294 esse
802 1235 945 1310 principia
967 1233 1019 1293 illa
1041 1233 1178 1310 physica,
1212 1251 1289 1310 quae
1309 1235 1401 1311 jncto.
1445 1232 1509 1310 Ego
1532 1251 1607 1295 vero
1632 1236 1691 1294 etsi
1715 1237 1790 1310 prio-

435 1325 526 1400 cipia,
550 1321 655 1397 quibus
678 1323 792 1395 innitor,
817 1320 895 1397 apud
918 1320 976 1381 alia
999 1320 1157 1380 tribunalia
1178 1338 1225 1380 me
1247 1339 1333 1398 spero
1349 1321 1542 1394 defensurum,
1567 1324 1599 1378 in
1615 1322 1676 1381 hac
1698 1328 1790 1380 tamen

435 1417 496 1470 arte
519 1416 567 1468 sat
588 1408 703 1486 habeo,
729 1411 754 1468 si
777 1426 830 1485 per
852 1426 887 1468 ea
913 1406 1081 1467 calculatori
1112 1406 1295 1468 definitiones
1323 1418 1352 1469 et
1373 1417 1531 1485 praecepta
1554 1411 1728 1469 necessaria
1757 1411 1790 1467 ob

436 1497 538 1557 oculos
561 1513 686 1573 posuero
711 1491 884 1569 evidentius,
908 1513 994 1571 quam
1018 1512 1070 1572 per
1092 1496 1177 1555 orbes
1198 1495 1318 1569 solidos,
1342 1513 1436 1573 eoque
1453 1498 1571 1555 nomine
1597 1504 1626 1555 et
1641 1506 1791 1573 permuta·

435 1587 544 1644 tionem
568 1582 726 1642 solidorum
757 1584 870 1643 orbium
898 1599 963 1641 cum
986 1584 1082 1642 causis
1113 1591 1245 1643 motuum
1267 1583 1397 1661 physicis
1421 1582 1572 1642 defensam
1602 1593 1632 1643 ct
1668 1601 1705 1642 eo
1730 1587 1790 1660 ipso

436 1689 556 1733 causam
578 1680 724 1730 tantarum
746 1687 890 1730 morarum
919 1686 995 1729 nunc
1017 1679 1182 1747 peroratam
1206 1672 1348 1729 existimo.
1360 1670 1392 1747 ὓ)
1438 1671 1541 1746 Itaque
1572 1671 1611 1728 ad
1636 1670 1790 1746 vulgatum

435 1759 509 1820 illud
538 1770 701 1831 recurrens,
732 1765 781 1829 sot
808 1760 881 1831 cito,
912 1761 939 1816 si
968 1764 1016 1816 sot
1043 1757 1128 1828 heac,
1161 1757 1255 1816 Deum
1285 1755 1477 1817 immortalem
1509 1759 1633 1816 summis
1657 1758 1790 1834 praedico

328 1877 335 1888 ·
434 1847 580 1920 laudibus,
604 1849 655 1922 qui
677 1844 863 1904 mortalitatis
887 1862 968 1904 meae
991 1842 1150 1903 flexibilem
1175 1844 1327 1904 decursum
1351 1844 1388 1903 ad
1408 1844 1486 1904 hunc
1501 1863 1597 1920 usqne
1621 1843 1704 1904 diem
1726 1846 1790 1903 mihi

436 1935 615 2011 prorogavit,
640 1949 698 2009 qno
721 1932 853 1992 ultimam
876 1932 1132 1992 tandem‘manum
1157 1926 1245 2008 operi,
1269 1930 1405 1991 laudibus
1421 1932 1484 2007 ejus
1508 1932 1711 2008 humanisque
1733 1935 1791 1992 usi·

401 2090 403 2096 ,
436 2023 491 2082 bus
507 2020 662 2094 destinato,
679 2022 808 2096 gratioso
824 2021 887 2096 ejus
903 2018 1013 2078 auxilio
1025 2017 1061 2078 do
1073 2017 1293 2078 difficultatibus
1306 2019 1439 2078 omuibus
1451 2018 1647 2096 triumphans,
1667 2023 1790 2097 impono.

522 2109 560 2167 Et
588 2109 624 2168 de
647 2107 818 2167 certitudine
842 2106 960 2183 quidem
990 2104 1093 2165 calculi
1125 2107 1308 2165 testabuntur
1339 2108 1561 2166 observationes
1592 2110 1789 2185 praesentium

435 2205 607 2273 temporum,
631 2197 771 2272 imprimis
794 2195 981 2272 Braheanae3
1015 2193 1050 2252 de
1073 2194 1178 2252 tuturis
1201 2210 1270 2253 vero
1294 2195 1472 2271 temporibus
1494 2193 1582 2272 plura
1604 2211 1789 2271 praesumere

437 2301 496 2344 aon
518 2298 688 2360 possumus,
718 2300 806 2358 quam
829 2282 875 2341 vel
900 2281 1120 2341 'ohservationes
1144 2289 1290 2356 veterum,
1322 2282 1428 2359 quibus
1451 2298 1522 2340 usus
1546 2299 1631 2357 sum,
1658 2281 1709 2341 vel
1732 2286 1789 2361 ipss

436 2378 568 2430 motuum
591 2369 751 2429 mediorum
775 2368 912 2441 conditio,
936 2367 1063 2430 nondum
1078 2369 1195 2445 penitus
1217 2369 1377 2446 explorata,
1402 2385 1621 2446 concursusque
1637 2385 1787 2429 casurum

436 2459 624 2537 physicarum
655 2464 802 2535 praestare
832 2462 968 2533 possunt,
1000 2472 1064 2515 cum
1087 2455 1308 2516 observationes
1331 2455 1558 2532 Regiomontani
1583 2466 1614 2517 et
1647 2456 1788 2518 waltheri

434 2552 585 2617 testentur,
610 2547 727 2604 omuino
751 2543 786 2603 de
809 2544 1033 2618 aequationibus
1055 2541 1238 2618 secularibus
1258 2544 1344 2603 nobis
1368 2562 1432 2603 esse
1449 2544 1653 2621 cogitandum,
1680 2554 1713 2606 ut
1733 2549 1788 2604 sin·

433 2632 527 2709 gulari
555 2632 655 2692 libello
678 2631 798 2691 reddam
828 2630 1055 2689 demonstratum
1088 2647 1142 2689 suo
1166 2637 1295 2709 tempore
1327 2635 1360 2703 (v.
1386 2639 1454 2685 intra
1476 2639 1689 2707 t01.·tas.ss.);
1720 2649 1786 2708 quse

433 2730 535 2780 tamen
551 2721 742 2796 aequationes
758 2718 859 2794 quales
874 2726 903 2777 et
919 2727 1044 2793 quantae
1059 2718 1127 2791 sint,
1152 2724 1219 2777 ante
1243 2717 1430 2795 plurimorum
1445 2719 1614 2778 seculorum
1637 2719 1786 2778 decursum

434 2808 712 2882 observationesque
736 2822 846 2884 corum,
870 2807 919 2882 qui
942 2805 1029 2862 surturi
1052 2811 1134 2877 sunt,
1158 2812 1285 2882 agente
1308 2805 1436 2866 humana
1458 2804 1572 2865 deliniri
1598 2823 1783 2883 nequaqnam

381 2912 385 2931 ·
435 2902 567 2971 possunt.
604 2890 688 2952 'Vide
712 2910 787 2970 quae
816 2891 934 2971 pulchre
958 2893 988 2949 in
1015 2890 1091 2949 hanc
1113 2894 1288 2951 sententiam
1323 2901 1532 2954 commentetur
1562 2891 1786 2953 willebror-

438 2982 506 3042 dns
533 2981 705 3042 Sncllius
736 2981 790 3039 snb
821 2979 930 3039 calcem
962 2979 1200 3038 observationum
1228 2979 1404 3055 Landgravii
1437 2990 1465 3040 et
1496 2981 1711 3039 nonnullarum
1732 2980 1786 3058 Ty·

436 3070 545 3129 ebonis.
591 3069 629 3127 Et
651 3068 742 3127 habes
765 3068 839 3126 inlra
863 3070 891 3124 in
915 3065 1045 3136 doctrina
1068 3064 1219 3143 eclipsium
1244 3068 1331 3127 ctiam
1356 3085 1391 3127 ex
1413 3067 1500 3146 hujus
1524 3070 1670 3147 temporis
1694 3069 1785 3127 obser·

317 3222 326 3240 .
377 3206 383 3224 ,
435 3157 601 3219 vationihns
614 3156 788 3215 documenta
801 3157 964 3233 perspicua,
988 3162 1120 3212 motuum
1138 3153 1225 3228 Solis,
1251 3154 1351 3215 Lunae
1374 3164 1410 3223 et¹
1425 3156 1509 3235 primi
1532 3156 1656 3216 mobilis
1670 3173 1731 3216 non
1752 3154 1784 3214 sd

435 3245 574 3304 amussim
597 3244 832 3302 mathematicam
850 3241 1024 3318 aequalium,
1049 3240 1100 3299 scd
1117 3240 1253 3319 physicas
1276 3245 1409 3303 minimas
1431 3245 1614 3302 intensiones
1638 3252 1671 3303 et
1690 3245 1785 3304 remis·

439 3336 537 3391 mones
551 3330 750 3406 recipientium
775 3339 855 3389 extra
878 3329 1016 3390 ordinem.

523 3417 668 3493 Quicquid
692 3427 788 3475 tamen
810 3417 943 3477 utilitatis
972 3435 1007 3475 er
1031 3415 1086 3474 hoc
1116 3414 1280 3474 tabularum
1305 3433 1391 3492 opere
1418 3417 1455 3474 ad
1478 3416 1630 3476 studiosos
1656 3427 1785 3477 astrono-

437 3508 528 3577 miae,
553 3504 590 3563 ad
612 3504 803 3581 philosophos
827 3506 915 3563 etiam
938 3513 967 3562 et
988 3502 1140 3578 theologos
1164 3511 1344 3578 praesentes,
1373 3504 1499 3576 futuros,
1534 3504 1672 3577 redierit,
1700 3506 1727 3562 id
1751 3505 1784 3561 illi

436 3594 620 3652 meminerint
642 3601 735 3650 toturn
758 3592 795 3649 ad
818 3602 1004 3667 patronorum
1032 3607 1162 3648 meorum
1185 3608 1273 3666 supra
1297 3599 1587 3650 commemoratorum
1617 3593 1785 3652 heneficium

439 3698 503 3740 esse
526 3680 716 3738 referendum.
763 3680 866 3756 ltaque
884 3679 1030 3737 Austriam
1055 3677 1252 3751 familiamque
1270 3677 1443 3754 Principum,
1469 3697 1544 3754 quae
1569 3681 1607 3737 ab
1626 3680 1707 3738 illius
1722 3698 1785 3756 pos·

436 3771 576 3840 sessione,
600 3767 676 3825 unde
701 3784 805 3825 nomeu
829 3769 948 3843 originis
962 3767 1059 3838 habet,
1084 3764 1121 3822 ad
1137 3766 1226 3823 totius
1244 3761 1322 3825 orbis
1339 3765 1528 3838 dominatum,
1553 3767 1619 3825 Deo
1638 3785 1785 3826 successus

437 3856 619 3927 moderante,
652 3853 833 3927 conscendit,
867 3854 991 3928 denique
1025 3861 1081 3911 tres
1112 3870 1146 3910 ex
1171 3869 1205 3910 ea
1235 3853 1320 3911 donno
1345 3855 1563 3928 Angustissima
1588 3854 1784 3932 Imperatores,

436 3942 625 4019 Rudolphum
649 3942 687 4013 ll,
722 3944 772 4016 qui
795 3942 963 4019 Tyelrouem
988 3940 1132 3997 Braheum
1157 3958 1172 3999 e
1195 3943 1290 4015 patria
1313 3941 1408 3999 Dania
1433 3945 1459 3996 in
1481 3940 1674 4000 Germaniam
1699 3953 1785 4000 hans·

437 4048 569 4105 gressum
593 4030 647 4087 sub
671 4030 885 4088 corrditionibus
908 4028 1150 4105 splendidissimis
1180 4035 1208 4084 ct
1237 4028 1341 4086 illustri
1366 4029 1475 4104 origiue
1510 4028 1607 4103 dignis
1642 4033 1671 4086 in
1696 4029 1784 4088 aulam

437 4125 528 4175 suam*
547 4118 674 4189 vocavit,
700 4119 747 4191 qui
772 4134 817 4174 me
842 4117 883 4172 illi
906 4118 1053 4191 superstiti
1077 4116 1247 4186 ministrum,
1272 4116 1407 4175 defuneto
1430 4133 1632 4174 successorem
1659 4120 1687 4174 iu
1712 4129 1784 4192 parte

438 4207 533 4280 operis
558 4204 645 4274 dedit,
670 4206 718 4277 qui
743 4203 993 4278 Rudolplriuarum
1017 4204 1271 4278 nutrcupationem,
1296 4222 1313 4261 a
1335 4202 1450 4261 Braheo
1474 4207 1632 4279 superstite
1658 4206 1784 4281 proposi-

437 4300 505 4364 tarn,
530 4293 694 4368 acceptavit
717 4299 867 4365 ratamque
883 4290 993 4366 habuit,
1017 4292 1066 4365 qui
1091 4300 1119 4347 et
1142 4296 1254 4347 sumtus
1270 4290 1444 4349 editionibus
1461 4288 1584 4348 idoncos
1607 4292 1682 4348 mihi
1708 4294 1783 4348 virus

438 4379 608 4454 destinavit,
634 4377 736 4435 deinde
763 4377 916 4435 Matthiam
934 4379 960 4450 I,
986 4380 1034 4452 qui
1060 4394 1124 4434 curm
1148 4378 1313 4451 provinciis,
1337 4379 1433 4452 reguis
1456 4379 1639 4453 imperioque
1659 4378 1783 4436 Romano

438 4469 526 4523 ctiam
550 4483 648 4523 curam
672 4468 741 4522 artis
765 4472 792 4523 et
815 4468 871 4523 mei
895 4467 1086 4543 patrocinium
1116 4483 1133 4523 a
1156 4464 1256 4523 Fratre
1281 4467 1309 4521 in
1333 4482 1363 4524 se
1390 4467 1533 4542 suscepit3
1568 4465 1698 4541 denique
1722 4467 1783 4525 Fer·

437 4553 594 4610 dinandum
618 4553 661 4622 ΙΙ,
702 4554 751 4626 qui
776 4560 888 4627 practer
911 4560 1006 4611 cetera
1036 4552 1138 4609 endem
1170 4553 1257 4609 etiam
1283 4552 1443 4611 destinatos
1476 4561 1590 4610 sumtus
1617 4571 1782 4631 repraesen-

436 4642 519 4712 tavit,
543 4657 622 4696 nova
644 4638 818 4698 liberalitate
842 4643 931 4712 auxit,
954 4648 986 4697 ut
1009 4639 1128 4698 tabulae
1152 4638 1304 4698 ederentur
1323 4640 1420 4713 J'ussit,
1445 4656 1544 4698 omnes
1563 4641 1687 4716 inquam
1703 4643 1782 4717 pratis

437 4735 464 4785 et
493 4735 525 4784 ut
555 4743 683 4784 meruere
715 4727 834 4785 summis
867 4745 978 4786 mecum
1010 4727 1115 4786 evehat
1142 4725 1280 4785 laudibus
1310 4730 1421 4802 totique
1453 4725 1526 4786 adeo
1552 4728 1782 4805 Angustissimse

436 4814 544 4871 Domui
569 4815 641 4872 bene
664 4823 804 4888 precetur.

513 4985 536 5031 s)
552 4986 579 5022 Et
594 4983 621 5023 ad
636 4984 691 5023 duos
707 4985 799 5033 insuper
813 4996 895 5031 annos,
917 4985 997 5032 quibus
1011 4994 1067 5033 opus
1082 4984 1163 5025 dudum
1177 4984 1304 5024 absolutum
1318 4985 1440 5026 editionem
1459 4988 1612 5034 exspectavit,
1629 4998 1688 5037 qnss
1702 4992 1782 5037 praet:

437 5038 492 5075 silas
507 5039 646 5076 calamitates
670 5039 817 5085 provinciam,
840 5041 861 5078 ln
881 5049 924 5085 qus
938 5037 1070 5076 domicilium
1084 5038 1181 5084 dxeram,
1206 5039 1374 5077 continentibus
1389 5039 1515 5078 insultibus
1529 5046 1687 5087 quassantes,
1703 5042 1781 5080 made·

436 5091 501 5127 etiarn
516 5091 575 5130 balio
590 5091 718 5136 rusticano,
740 5091 845 5130 malornm
861 5090 941 5134 iliade.
966 5092 1056 5138 penitus
1070 5090 1195 5131 disturbata
1216 5091 1371 5141 etprotllgsts
1393 5091 1450 5131 luit:
1473 5091 1497 5132 ni
1516 5093 1583 5131 novis
1603 5096 1627 5133 st
1643 5094 1782 5133 snutibnsst

436 5144 537 5182 eonslllls
552 5146 575 5183 st
589 5144 708 5186 itineribus
723 5153 749 5182 ss
762 5144 894 5185 resumsnds
907 5144 960 5183 mlhl
974 5144 1049 5184 tuerit.

1007 5299 1208 5313 ⁸—-
