4459 6275
697 792 739 848 Do
757 791 829 849 Anni
848 792 1006 863 Quantitute
1023 797 1052 848 et
1068 791 1310 862 Aequiooodomm
1329 791 1530 849 Preccmdoue.
1752 793 1793 858 89

437 972 528 1031 XIII.
554 971 618 1031 Cal.
641 987 695 1032 seu
719 972 769 1030 20.
793 970 867 1032 Julii
896 971 1036 1048 adscribi,
1070 975 1126 1032 nisi
1155 974 1217 1032 dies
1249 979 1365 1033 exemto
1395 980 1477 1032 extra
1509 971 1639 1032 ordinent
1671 967 1792 1048 diesque

438 1063 508 1120 enni
531 1059 659 1119 Romani
683 1062 834 1136 anticipati
857 1067 963 1121 emeat

527 1146 601 1223 Quis
624 1146 737 1206 dubitet
758 1150 829 1224 quIn
852 1147 1056 1222 Ptolemaeus,
1080 1164 1145 1207 cum
1169 1166 1226 1206 non
1250 1144 1414 1208 attenderet
1437 1144 1481 1218 id,
1512 1145 1590 1224 quod
1615 1145 1791 1205 censorious

438 1234 580 1307 ostendit,
614 1236 808 1294 exemtionem
837 1251 901 1295 esse
931 1235 1040 1296 iactam
1069 1243 1151 1294 extra
1183 1234 1328 1307 ordinem,
1362 1237 1506 1294 censuerit
1539 1250 1605 1293 enm
1629 1232 1702 1292 XII.
1727 1233 1790 1293 Cal.

441 1325 584 1397 Augusti,
615 1323 665 1397 qni
689 1321 752 1380 dies
774 1333 843 1382 toric
865 1322 979 1382 Romae
1001 1324 1160 1400 agebatur,
1192 1322 1289 1381 adhuc
1311 1320 1466 1382 cohaerere
1497 1329 1530 1380 ut
1550 1330 1639 1381 antea
1662 1320 1738 1379 diem
1763 1324 1791 1379 2.

438 1409 556 1486 Thoth,
588 1411 638 1486 qui
664 1417 761 1468 temen
790 1417 854 1470 erat
880 1409 996 1470 demum
1028 1414 1055 1469 l.
1079 1409 1177 1469 Thoth
1206 1410 1389 1486 debebatque
1422 1428 1458 1469 ex
1489 1407 1627 1485 analogia
1648 1425 1790 1468 annorum

438 1505 582 1574 perpetua
613 1499 774 1573 nuncupari
801 1496 891 1558 XIII.
921 1497 983 1557 Cal.
1015 1514 1068 1557 eeu
1096 1501 1149 1560 20.
1178 1496 1262 1557 Julii.
1306 1496 1373 1556 Hac
1406 1513 1475 1556 voro
1504 1500 1617 1556 ratione
1633 1497 1793 1573 supnflua

440 1585 501 1644 dies
532 1600 597 1644 seso
628 1585 789 1643 insinuavit
816 1587 845 1642 in
877 1585 941 1660 ejns
972 1584 1131 1659 calculum,
1166 1587 1241 1644 inter
1262 1584 1464 1662 Hipparchum
1493 1593 1521 1644 et
1549 1601 1632 1645 susm
1654 1591 1791 1660 aetatem,

440 1672 633 1750 proditnsqoe
657 1688 751 1730 annus
774 1670 891 1749 longior
908 1673 992 1749 Iusto
1014 1681 1043 1734 et
1066 1672 1144 1732 Solis
1166 1679 1263 1732 motus
1285 1672 1394 1732 tardus.

522 1758 723 1832 Ptolemaeus,
747 1767 779 1818 nt
802 1767 946 1819 testantur
968 1761 1031 1837 ejus
1055 1761 1290 1833 observationes,
1320 1760 1482 1836 supervixit
1504 1775 1596 1835 usque
1619 1757 1658 1817 ad
1680 1775 1789 1819 annum

441 1847 548 1908 Christi
576 1849 645 1905 140.
692 1847 821 1906 Ilobium
844 1849 951 1923 igitur,
974 1866 1044 1907 num
1067 1849 1105 1906 sit
1128 1847 1315 1908 Ptolemaeus
1337 1847 1403 1918 iIIe,
1431 1845 1467 1905 de
1490 1863 1550 1923 quo
1573 1845 1694 1905 Tacitus
1717 1849 1791 1906 ista:

442 1935 572 2007 ,Multos
594 1934 736 2011 Poppaea
767 1934 990 1995 mathematicos
1019 1935 1178 2008 habuerat,
1211 1952 1227 1994 e
1256 1935 1362 2011 quihus
1385 1933 1593 2007 Ptolemaeus,
1623 1932 1733 1994 Othoni
1762 1936 1791 1992 in

440 2024 586 2102 Hlspania
609 2038 725 2094 comcs,
758 2019 852 2082 eidem
882 2022 937 2082 sub
960 2020 1058 2082 Galba
1089 2022 1208 2081 sceleris
1231 2024 1398 2096 instinctor,
1430 2020 1500 2080 durn
1525 2038 1620 2080 novoe
1642 2028 1739 2081 rnotns
1762 2030 1793 2081 et

440 2102 550 2171 clarum
564 2106 686 2167 Othoni
709 2125 817 2168 annom
840 2111 1046 2170 observatione
1068 2110 1195 2168 sidemm
1218 2110 1373 2170 affirmat.“
1421 2109 1523 2169 Annus
1546 2111 1571 2168 is
1598 2118 1661 2169 erat
1683 2107 1791 2169 Christi

441 2201 489 2259 69,
540 2198 646 2273 Itaque
668 2198 693 2254 si
716 2194 773 2256 hac
795 2199 972 2272 astrologiae
994 2199 1117 2257 selentia
1140 2199 1317 2257 triceslmnm
1340 2197 1444 2256 saltem
1460 2213 1567 2257 annum
1591 2198 1698 2256 aetatis
1721 2199 1790 2273 egit,

439 2293 552 2364 oportet
582 2286 749 2344 centenario
776 2284 872 2360 major
900 2287 1048 2361 scripserit
1075 2303 1159 2344 suern
1182 2285 1318 2362 Megalen
1342 2286 1502 2362 Syntaxin,
1536 2284 1682 2362 siquidem
1713 2284 1790 2344 idem

440 2374 488 2434 ille
510 2373 583 2445 init,
607 2373 658 2448 qni
681 2372 735 2432 snb
759 2369 886 2433 Othone.

525 2458 737 2519 Confirmamur
768 2466 865 2519 tamen
897 2462 985 2520 etlam
1015 2460 1078 2536 ejus
1109 2474 1189 2517 neore
1218 2465 1378 2537 perpetuo,
1416 2457 1587 2518 numerandi
1618 2475 1791 2534 perannos

439 2547 653 2624 Imperatorum
675 2546 889 2622 Romanorum,
920 2546 1000 2624 quod
1032 2544 1133 2623 procul
1163 2545 1253 2603 dubio
1283 2548 1372 2606 etlam
1397 2545 1562 2605 Romanum
1585 2544 1790 2606 calendarium

439 2636 650 2705 observaverit,
675 2635 875 2713 siveqRomae
898 2633 1058 2713 aliquando
1087 2635 1173 2693 luerit
1200 2634 1265 2691 sive
1287 2650 1357 2692 non.
1402 2633 1440 2691 Et
1471 2642 1503 2692 ut
1528 2634 1622 2692 omnis
1645 2631 1789 2693 dubitatio

437 2722 570 2790 tollatur,
598 2722 721 2797 periisse
752 2721 809 2782 hoc
832 2739 909 2782 anno
932 2723 1102 2782 Ptolemaeo
1131 2737 1218 2780 unam
1242 2719 1319 2779 diem
1347 2738 1363 2780 e
1395 2736 1530 2793 numero,
1562 2721 1688 2781 observa
1710 2720 1790 2797 quod

438 2808 677 2870 exindenullam
700 2811 826 2887 ampline
849 2809 951 2870 Lunae
974 2817 1181 2870 commemoret
1203 2808 1448 2868 observationem.
1492 2807 1575 2882 Quas
1590 2824 1661 2867 vero
1685 2808 1790 2867 exinde

436 2897 524 2957 relert
547 2897 768 2957 observationes
792 2897 915 2958 Veneris
939 2905 968 2957 et
990 2897 1136 2971 Mercurii,
1160 2912 1213 2956 eae
1236 2895 1273 2955 ed
1298 2895 1361 2956 dies
1384 2897 1452 2955 unni
1473 2896 1611 2973 Aegyptii
1635 2890 1790 2972 sequentiis

436 2986 559 3063 propios
592 2983 735 3059 quadrare
769 2979 1039 3061 deprehenduntur;
1070 2992 1103 3043 nt
1136 2983 1235 3042 videre
1264 2985 1319 3043 crit
1351 2985 1379 3040 in
1404 2985 1521 3060 exegesi
1551 2984 1790 3042 observationum

436 3076 639 3149 antIquarum,
668 3089 720 3150 per
742 3089 816 3150 quas
839 3071 943 3132 horum
973 3072 1095 3132 duorum
1117 3072 1302 3151 planetarum
1326 3071 1453 3149 epochas
1475 3073 1613 3149 antiquas
1644 3071 1691 3131 vel
1715 3087 1788 3131 con·

435 3164 519 3221 stitui
540 3160 591 3219 vel
614 3161 788 3221 examinavi.

524 3245 612 3323 Quod
635 3246 686 3307 Sol
710 3255 841 3324 tempore
863 3245 1025 3307 Ptolemaei
1056 3263 1115 3306 non
1138 3247 1219 3307 eolus
1242 3248 1296 3306 iter
1319 3264 1405 3306 suurn
1431 3250 1469 3306 sit
1491 3255 1636 3320 moratus,
1666 3254 1699 3305 nt
1721 3255 1790 3307 ante

439 3337 619 3395 lebannes
646 3333 754 3394 abhinc
780 3343 857 3395 retro
886 3336 954 3395 lecit
978 3336 1137 3407 Satumus‚
1170 3337 1215 3394 sic
1239 3340 1270 3392 ut
1292 3337 1450 3395 constituto
1477 3335 1539 3411 jam
1569 3335 1683 3395 zodiaci
1707 3336 1790 3411 prin·

435 3425 514 3500 cipio
536 3421 588 3483 Sol
611 3420 732 3497 tardius,
756 3424 843 3483 ceteri
865 3422 1003 3499 legitimis
1025 3422 1189 3482 incessibus
1212 3422 1249 3481 ad
1275 3421 1348 3481 illud
1371 3424 1512 3495 venerint,
1536 3421 1587 3482 scd
1611 3420 1691 3499 quod
1714 3421 1791 3482 dno-

435 3528 502 3570 mm
524 3510 650 3570 altemm
673 3526 793 3570 neeesse
816 3512 855 3567 sit
876 3510 1029 3580 accidisse,
1053 3518 1085 3568 nt
1107 3519 1161 3569 aut
1182 3510 1319 3585 planetae
1343 3526 1443 3570 omnes
1470 3526 1529 3569 una
1551 3527 1617 3570 cnm
1640 3510 1710 3570 Solo
1733 3512 1792 3568 sint

436 3601 544 3658 itinera
565 3614 621 3657 sua
643 3600 763 3672 moratI,
795 3595 884 3674 quue
904 3614 963 3657 non
987 3597 1198 3674 proportionali
1228 3595 1348 3657 modulo
1370 3599 1431 3656 sois
1454 3596 1596 3676 periodis,
1626 3597 1677 3657 sed
1704 3596 1791 3675 plene

435 3684 559 3759 eodem,
591 3691 643 3744 ant
666 3684 744 3744 Solis
767 3684 883 3761 quidem
907 3693 937 3744 et
958 3685 1143 3762 planetarum
1165 3693 1262 3743 motus
1289 3687 1449 3744 manserint
1478 3684 1641 3761 regulares,
1673 3687 1701 3742 ln
1725 3702 1792 3744 sec·

436 3776 518 3834 tione
541 3789 613 3831 vero
636 3774 804 3849 aequatoris
828 3789 894 3831 cnm
918 3771 1053 3849 ecliptica
1075 3772 1216 3832 acciderit
1238 3771 1350 3847 aIanid
1374 3782 1456 3832 extra
1477 3772 1624 3851 ordinem,
1646 3788 1700 3833 seu
1722 3788 1791 3832 vere

433 3880 487 3922 sen
511 3878 547 3921 ex
570 3862 709 3937 opinione
732 3860 836 3919 saltem
858 3860 1036 3932 Ptolemaei,
1065 3860 1104 3918 ob
1127 3858 1207 3936 quod
1230 3863 1393 3919 numeratio
1423 3859 1566 3933 graduum
1589 3867 1619 3920 et
1639 3862 1791 3936 elgnorum

433 3949 550 4009 zodiaci
574 3955 679 4024 coepta
701 3948 788 4007 inerit
810 3965 828 4007 a
851 3955 959 4023 peneto
982 3949 1159 4024 posteriore:
1183 3947 1247 4020 hoc,
1270 3949 1399 4022 inquam,
1427 3946 1641 4007 demonstratur
1662 3945 1789 4008 evIden·

434 4035 549 4097 tissimo
580 4033 755 4095 documento
786 4042 918 4094 motuum
947 4034 1050 4095 Martis
1077 4034 1243 4110 aoronychi.
1295 4035 1371 4094 Nam
1402 4037 1427 4094 si
1457 4037 1486 4093 in
1521 4036 1648 4094 motibus
1681 4034 1786 4094 mediis

434 4130 584 4184 statuatur
612 4123 768 4182 diversitas
797 4123 884 4181 nnius
906 4122 1014 4198 gradm
1044 4123 1120 4181 inter
1143 4121 1242 4180 Solem
1271 4128 1300 4182 et
1321 4122 1464 4201 Martem,
1498 4140 1534 4181 ea
1565 4122 1720 4181 diversitas
1748 4121 1786 4181 ad

432 4211 508 4271 dnos
532 4217 562 4270 et
584 4216 642 4270 tres
665 4208 774 4286 gradus
797 4218 894 4269 motus
918 4210 1019 4269 Martis
1043 4211 1211 4286 apparentis
1235 4212 1263 4266 in
1287 4212 1424 4288 opposito
1449 4209 1526 4269 Solis
1553 4217 1651 4286 potest
1674 4226 1790 4270 exores·

433 4317 509 4359 cere.
556 4298 684 4358 Tantum
714 4314 785 4357 vero
809 4296 997 4359 Ptolemaeos
1012 4296 1213 4357 'observando
1244 4313 1302 4356 non
1336 4299 1452 4357 erravit.
1505 4297 1542 4356 Et
1570 4296 1716 4372 quadrant
1745 4315 1790 4370 ea,

433 4404 510 4463 qnae
535 4387 598 4462 ipse
622 4382 657 4444 de
680 4386 786 4444 sitibus
810 4385 914 4444 Martis
944 4385 1117 4463 aoronychis
1140 4382 1285 4461 prodidit,
1320 4384 1358 4443 ad
1380 4383 1526 4462 regulam3
1557 4384 1636 4444 nude
1668 4391 1790 4462 apparet

432 4476 597 4535 necessitas
619 4475 709 4549 positi
732 4470 918 4532 dilemmatis.
962 4472 1032 4532 Jarn
1056 4488 1127 4532 vero
1149 4475 1274 4548 primum
1297 4472 1361 4547 ejus
1378 4472 1540 4532 membmm
1565 4479 1609 4531 est
1630 4472 1790 4532 absurdum

433 4571 463 4622 et
493 4548 691 4638 inopinabile3
718 4567 817 4619 manci
843 4562 948 4637 igitur,
980 4568 1032 4619 aut
1053 4559 1256 4618 Ptolemaeum
1289 4576 1399 4618 errasse
1431 4562 1459 4617 in
1489 4558 1536 4619 die
1568 4562 1636 4618 anni
1665 4560 1790 4619 Romani

434 4647 572 4731 (diluitur
601 4651 678 4707 enim
709 4649 839 4724 suspicio
862 4649 967 4708 erroris
997 4649 1026 4705 in
1056 4645 1242 4707 observanda
1264 4645 1341 4705 Solis
1370 4655 1494 4724 utraque
1518 4646 1672 4707 altitudine
1703 4649 1790 4708 meri·

434 4737 537 4809 diana,
560 4743 621 4794 tam
651 4735 779 4810 vernali,
814 4753 902 4812 qnam
932 4730 1127 4816 autumnali),
1159 4742 1210 4792 aut
1240 4734 1315 4794 hanc
1347 4737 1415 4793 anni
1444 4734 1638 4796 tardationcnr
1667 4752 1731 4795 esec
1754 4753 1790 4795 ex

435 4824 553 4884 tardata
573 4825 778 4901 praecessione
801 4840 853 4883 een
876 4823 1045 4882 obviatione
1068 4823 1170 4898 puncti
1192 4823 1432 4898 aequinoctialie3
1464 4824 1548 4897 quasi
1572 4839 1624 4900 per
1645 4821 1738 4882 saltus
1759 4823 1791 4881 ld

434 4911 630 4990 repedaverit.
676 4909 835 4988 Compara,
866 4926 941 4987 quae
964 4909 1002 4969 de
1024 4910 1167 4986 sosigene
1190 4908 1304 4967 Plinius
1336 4908 1430 4986 deque
1459 4917 1538 4969 reeta
1567 4912 1596 4967 in
1627 4912 1702 4969 circo
1734 4910 1790 4970 suh

437 5000 610 5061 Domitiano
633 5014 691 5058 non
714 5000 757 5058 ita
786 4997 887 5059 multIe
910 5004 978 5058 ante
1000 4997 1202 5059 Ptolemaeum
1227 5000 1310 5056 annis
1341 5039 1511 5057 ......
1535 5002 1581 5068 (nli
1600 5005 1730 5065 sequitur.)
