<?xml version="1.0" encoding="UTF-8"?>
<!DOCTYPE html PUBLIC "-//W3C//DTD XHTML 1.0 Transitional//EN"
    "http://www.w3.org/TR/xhtml1/DTD/xhtml1-transitional.dtd">
<html xmlns="http://www.w3.org/1999/xhtml" xml:lang="en" lang="en">
 <head>
  <title>
</title>
<meta http-equiv="Content-Type" content="text/html;charset=utf-8" />
  <meta name='ocr-system' content='tesseract 3.04.00' />
  <meta name='ocr-capabilities' content='ocr_page ocr_carea ocr_par ocr_line ocrx_word'/>
</head>
<body>
  <div class='ocr_page' id='page_1' title='image "./joanniskepleria03frisgoog/joanniskepleria03frisgoog_0273.png"; bbox 0 0 4459 6275; ppageno 0'>
   <div class='ocr_carea' id='block_1_1' title="bbox 863 734 1809 855">
    <p class='ocr_par' dir='ltr' id='par_1_1' title="bbox 863 734 1809 855">
     <span class='ocr_line' id='line_1_1' title="bbox 863 734 1809 855; baseline 0.016 -15"><span class='ocrx_word' id='word_1_1' title='bbox 863 734 1809 855; x_wconf 7' lang='lat' dir='ltr'><strong>-mmmm, km</strong></span> 
     </span>
    </p>
   </div>
   <div class='ocr_carea' id='block_1_2' title="bbox 429 956 1891 4619">
    <p class='ocr_par' dir='ltr' id='par_1_2' title="bbox 456 956 1824 1302">
     <span class='ocr_line' id='line_1_2' title="bbox 545 956 1816 1044; baseline 0.006 -22"><span class='ocrx_word' id='word_1_2' title='bbox 545 962 631 1042; x_wconf 79' lang='lat' dir='ltr'><strong>Quid</strong></span> <span class='ocrx_word' id='word_1_3' title='bbox 650 969 693 1022; x_wconf 87' lang='lat' dir='ltr'><strong>eat</strong></span> <span class='ocrx_word' id='word_1_4' title='bbox 715 965 812 1039; x_wconf 71' lang='lat' dir='ltr'><strong>ipitra</strong></span> <span class='ocrx_word' id='word_1_5' title='bbox 833 963 948 1024; x_wconf 78' lang='lat' dir='ltr'><strong>elimo?</strong></span> <span class='ocrx_word' id='word_1_6' title='bbox 968 964 1023 1023; x_wconf 82' lang='lat' dir='ltr'><strong>Est</strong></span> <span class='ocrx_word' id='word_1_7' title='bbox 1045 964 1174 1040; x_wconf 88' lang='lat' dir='ltr'><strong>spatium</strong></span> <span class='ocrx_word' id='word_1_8' title='bbox 1192 956 1246 1025; x_wconf 81' lang='lat' dir='ltr'><strong>seu</strong></span> <span class='ocrx_word' id='word_1_9' title='bbox 1269 963 1419 1040; x_wconf 73' lang='lat' dir='ltr'><strong>cingulum</strong></span> <span class='ocrx_word' id='word_1_10' title='bbox 1434 963 1553 1041; x_wconf 79' lang='lat' dir='ltr'><strong>Terrae,</strong></span> <span class='ocrx_word' id='word_1_11' title='bbox 1575 965 1816 1044; x_wconf 88' lang='lat' dir='ltr'><strong>comprehensum</strong></span> 
     </span>
     <span class='ocr_line' id='line_1_3' title="bbox 456 1050 1817 1153; baseline 0.004 -42"><span class='ocrx_word' id='word_1_12' title='bbox 456 1056 528 1112; x_wconf 89' lang='lat' dir='ltr'><strong>iuter</strong></span> <span class='ocrx_word' id='word_1_13' title='bbox 551 1051 627 1111; x_wconf 86' lang='lat' dir='ltr'><strong>duos</strong></span> <span class='ocrx_word' id='word_1_14' title='bbox 650 1050 776 1111; x_wconf 89' lang='lat' dir='ltr'><strong>circulos</strong></span> <span class='ocrx_word' id='word_1_15' title='bbox 799 1052 953 1153; x_wconf 73' lang='lat' dir='ltr'><strong>aequaturi</strong></span> <span class='ocrx_word' id='word_1_16' title='bbox 975 1050 1143 1128; x_wconf 90' lang='lat' dir='ltr'><strong>parallelos,</strong></span> <span class='ocrx_word' id='word_1_17' title='bbox 1167 1059 1282 1111; x_wconf 86' lang='lat' dir='ltr'><strong>tantum</strong></span> <span class='ocrx_word' id='word_1_18' title='bbox 1303 1051 1446 1112; x_wconf 86' lang='lat' dir='ltr'><strong>distantes</strong></span> <span class='ocrx_word' id='word_1_19' title='bbox 1469 1068 1536 1131; x_wconf 86' lang='lat' dir='ltr'><strong>ase</strong></span> <span class='ocrx_word' id='word_1_20' title='bbox 1558 1061 1670 1128; x_wconf 88' lang='lat' dir='ltr'><strong>mutuo,</strong></span> <span class='ocrx_word' id='word_1_21' title='bbox 1693 1062 1726 1114; x_wconf 90' lang='grc' dir='ltr'><strong>ιιι</strong></span> <span class='ocrx_word' id='word_1_22' title='bbox 1741 1057 1817 1116; x_wconf 87' lang='lat' dir='ltr'><strong>intra</strong></span> 
     </span>
     <span class='ocr_line' id='line_1_4' title="bbox 458 1134 1824 1219; baseline 0.003 -22"><span class='ocrx_word' id='word_1_23' title='bbox 458 1140 522 1198; x_wconf 90' lang='lat' dir='ltr'><strong>illos</strong></span> <span class='ocrx_word' id='word_1_24' title='bbox 544 1155 683 1199; x_wconf 83' lang='lat' dir='ltr'><strong>excessus</strong></span> <span class='ocrx_word' id='word_1_25' title='bbox 712 1137 771 1198; x_wconf 90' lang='lat' dir='ltr'><strong>diei</strong></span> <span class='ocrx_word' id='word_1_26' title='bbox 800 1136 879 1197; x_wconf 71' lang='lat' dir='ltr'><strong>lone·</strong></span> <span class='ocrx_word' id='word_1_27' title='bbox 852 1139 991 1213; x_wconf 83' lang='lat' dir='ltr'><strong>gussimao</strong></span> <span class='ocrx_word' id='word_1_28' title='bbox 1020 1155 1109 1214; x_wconf 90' lang='lat' dir='ltr'><strong>supra</strong></span> <span class='ocrx_word' id='word_1_29' title='bbox 1138 1156 1223 1199; x_wconf 90' lang='lat' dir='ltr'><strong>suam</strong></span> <span class='ocrx_word' id='word_1_30' title='bbox 1253 1147 1369 1200; x_wconf 88' lang='lat' dir='ltr'><strong>noctem</strong></span> <span class='ocrx_word' id='word_1_31' title='bbox 1398 1157 1451 1217; x_wconf 90' lang='lat' dir='ltr'><strong>per</strong></span> <span class='ocrx_word' id='word_1_32' title='bbox 1474 1157 1563 1200; x_wconf 91' lang='lat' dir='ltr'><strong>uuam</strong></span> <span class='ocrx_word' id='word_1_33' title='bbox 1585 1139 1688 1202; x_wconf 88' lang='lat' dir='ltr'><strong>horam</strong></span> <span class='ocrx_word' id='word_1_34' title='bbox 1707 1134 1824 1219; x_wconf 53' lang='lat' dir='ltr'><strong>aequi?</strong></span> 
     </span>
     <span class='ocr_line' id='line_1_5' title="bbox 457 1226 867 1302; baseline -0.01 -16"><span class='ocrx_word' id='word_1_35' title='bbox 457 1227 613 1288; x_wconf 87' lang='lat' dir='ltr'><strong>noctiaiem</strong></span> <span class='ocrx_word' id='word_1_36' title='bbox 635 1226 729 1302; x_wconf 92' lang='lat' dir='ltr'><strong>possit</strong></span> <span class='ocrx_word' id='word_1_37' title='bbox 751 1226 867 1285; x_wconf 82' lang='lat' dir='ltr'><strong>variari.</strong></span> 
     </span>
    </p>

    <p class='ocr_par' dir='ltr' id='par_1_3' title="bbox 429 1282 1815 1478">
     <span class='ocr_line' id='line_1_6' title="bbox 540 1282 1815 1415; baseline 0.002 -42"><span class='ocrx_word' id='word_1_38' title='bbox 540 1315 594 1373; x_wconf 85' lang='grc' dir='ltr'><strong>Διι</strong></span> <span class='ocrx_word' id='word_1_39' title='bbox 607 1330 673 1373; x_wconf 81' lang='lat' dir='ltr'><strong>noo</strong></span> <span class='ocrx_word' id='word_1_40' title='bbox 688 1313 814 1415; x_wconf 65' lang='lat' dir='ltr'><strong>suniat,</strong></span> <span class='ocrx_word' id='word_1_41' title='bbox 837 1318 933 1372; x_wconf 84' lang='lat' dir='ltr'><strong>totam</strong></span> <span class='ocrx_word' id='word_1_42' title='bbox 953 1311 1122 1371; x_wconf 77' lang='lat' dir='ltr'><strong>Terrarum</strong></span> <span class='ocrx_word' id='word_1_43' title='bbox 1143 1314 1360 1396; x_wconf 69' lang='lat' dir='ltr'><strong>superficies·</strong></span> <span class='ocrx_word' id='word_1_44' title='bbox 1348 1333 1384 1374; x_wconf 83' lang='grc' dir='ltr'><strong>ιιι</strong></span> <span class='ocrx_word' id='word_1_45' title='bbox 1399 1319 1536 1392; x_wconf 81' lang='lat' dir='ltr'><strong>quiaque</strong></span> <span class='ocrx_word' id='word_1_46' title='bbox 1550 1282 1645 1376; x_wconf 76' lang='lat' dir='ltr'><strong>zonas</strong></span> <span class='ocrx_word' id='word_1_47' title='bbox 1659 1315 1815 1375; x_wconf 59' lang='lat' dir='ltr'><strong>dividae?</strong></span> 
     </span>
     <span class='ocr_line' id='line_1_7' title="bbox 429 1398 1817 1478; baseline 0 -16"><span class='ocrx_word' id='word_1_48' title='bbox 429 1419 442 1438; x_wconf 94' lang='lat'><strong>·</strong></span> <span class='ocrx_word' id='word_1_49' title='bbox 458 1402 556 1462; x_wconf 85' lang='lat' dir='ltr'><strong>Zouae</strong></span> <span class='ocrx_word' id='word_1_50' title='bbox 579 1400 724 1478; x_wconf 84' lang='lat' dir='ltr'><strong>primariis</strong></span> <span class='ocrx_word' id='word_1_51' title='bbox 747 1401 767 1458; x_wconf 98' lang='lat'>4</span> <span class='ocrx_word' id='word_1_52' title='bbox 790 1399 950 1476; x_wconf 76' lang='lat' dir='ltr'><strong>parallelis,</strong></span> <span class='ocrx_word' id='word_1_53' title='bbox 974 1400 1117 1475; x_wconf 91' lang='lat' dir='ltr'><strong>quisunt</strong></span> <span class='ocrx_word' id='word_1_54' title='bbox 1140 1398 1199 1459; x_wconf 90' lang='lat' dir='ltr'><strong>duo</strong></span> <span class='ocrx_word' id='word_1_55' title='bbox 1223 1404 1327 1478; x_wconf 90' lang='lat' dir='ltr'><strong>tropici</strong></span> <span class='ocrx_word' id='word_1_56' title='bbox 1350 1412 1379 1463; x_wconf 91' lang='lat' dir='ltr'><strong>et</strong></span> <span class='ocrx_word' id='word_1_57' title='bbox 1402 1403 1460 1462; x_wconf 88' lang='lat' dir='ltr'><strong>duo</strong></span> <span class='ocrx_word' id='word_1_58' title='bbox 1484 1401 1617 1478; x_wconf 89' lang='lat' dir='ltr'><strong>polares,</strong></span> <span class='ocrx_word' id='word_1_59' title='bbox 1640 1412 1714 1462; x_wconf 87' lang='lat' dir='ltr'><strong>ase</strong></span> <span class='ocrx_word' id='word_1_60' title='bbox 1737 1404 1817 1462; x_wconf 84' lang='lat' dir='ltr'><strong>iuvi·</strong></span> 
     </span>
    </p>

    <p class='ocr_par' dir='ltr' id='par_1_4' title="bbox 458 1485 1891 2007">
     <span class='ocr_line' id='line_1_8' title="bbox 458 1485 1891 1566; baseline 0.002 -16"><span class='ocrx_word' id='word_1_61' title='bbox 458 1507 521 1550; x_wconf 88' lang='lat' dir='ltr'><strong>cem</strong></span> <span class='ocrx_word' id='word_1_62' title='bbox 543 1487 697 1560; x_wconf 87' lang='lat' dir='ltr'><strong>discretae,</strong></span> <span class='ocrx_word' id='word_1_63' title='bbox 720 1504 857 1562; x_wconf 86' lang='lat' dir='ltr'><strong>maguam</strong></span> <span class='ocrx_word' id='word_1_64' title='bbox 881 1486 1014 1546; x_wconf 78' lang='lat' dir='ltr'><strong>obtinent</strong></span> <span class='ocrx_word' id='word_1_65' title='bbox 1036 1485 1238 1562; x_wconf 88' lang='lat' dir='ltr'><strong>latitudinem,</strong></span> <span class='ocrx_word' id='word_1_66' title='bbox 1262 1498 1295 1548; x_wconf 89' lang='lat' dir='ltr'><strong>ut</strong></span> <span class='ocrx_word' id='word_1_67' title='bbox 1318 1489 1459 1550; x_wconf 89' lang='lat' dir='ltr'><strong>dicetur</strong></span> <span class='ocrx_word' id='word_1_68' title='bbox 1452 1506 1482 1547; x_wconf 89' lang='grc' dir='ltr'><strong>ιιι</strong></span> <span class='ocrx_word' id='word_1_69' title='bbox 1504 1491 1705 1566; x_wconf 86' lang='lat' dir='ltr'><strong>sequentibus.</strong></span> <span class='ocrx_word' id='word_1_70' title='bbox 1752 1490 1816 1553; x_wconf 89' lang='lat' dir='ltr'><strong>Vo-</strong></span> <span class='ocrx_word' id='word_1_71' title='bbox 1890 1544 1891 1555; x_wconf 72' lang='grc'>,</span> 
     </span>
     <span class='ocr_line' id='line_1_9' title="bbox 458 1566 1815 1654; baseline -0.001 -16"><span class='ocrx_word' id='word_1_72' title='bbox 458 1587 533 1637; x_wconf 82' lang='grc' dir='ltr'><strong>ιιιιι</strong></span> <span class='ocrx_word' id='word_1_73' title='bbox 547 1577 646 1654; x_wconf 88' lang='lat' dir='ltr'><strong>igitur,</strong></span> <span class='ocrx_word' id='word_1_74' title='bbox 662 1571 846 1634; x_wconf 87' lang='lat' dir='ltr'><strong>dissimulato</strong></span> <span class='ocrx_word' id='word_1_75' title='bbox 860 1590 1001 1633; x_wconf 82' lang='lat' dir='ltr'><strong>aonamm</strong></span> <span class='ocrx_word' id='word_1_76' title='bbox 1017 1573 1193 1648; x_wconf 79' lang='lat' dir='ltr'><strong>discrimine,</strong></span> <span class='ocrx_word' id='word_1_77' title='bbox 1209 1583 1303 1636; x_wconf 87' lang='lat' dir='ltr'><strong>totam</strong></span> <span class='ocrx_word' id='word_1_78' title='bbox 1318 1575 1398 1636; x_wconf 85' lang='lat' dir='ltr'><strong>illum</strong></span> <span class='ocrx_word' id='word_1_79' title='bbox 1412 1566 1596 1637; x_wconf 85' lang='lat' dir='ltr'><strong>latitudinem</strong></span> <span class='ocrx_word' id='word_1_80' title='bbox 1611 1577 1686 1636; x_wconf 90' lang='lat' dir='ltr'><strong>iuter</strong></span> <span class='ocrx_word' id='word_1_81' title='bbox 1701 1594 1815 1654; x_wconf 87' lang='lat' dir='ltr'><strong>aequa·</strong></span> 
     </span>
     <span class='ocr_line' id='line_1_10' title="bbox 458 1661 1815 1738; baseline 0 -14"><span class='ocrx_word' id='word_1_82' title='bbox 458 1672 550 1725; x_wconf 88' lang='lat' dir='ltr'><strong>torem</strong></span> <span class='ocrx_word' id='word_1_83' title='bbox 578 1671 609 1723; x_wconf 93' lang='lat' dir='ltr'><strong>et</strong></span> <span class='ocrx_word' id='word_1_84' title='bbox 630 1661 762 1738; x_wconf 91' lang='lat' dir='ltr'><strong>polarem</strong></span> <span class='ocrx_word' id='word_1_85' title='bbox 791 1677 871 1720; x_wconf 87' lang='lat' dir='ltr'><strong>nova</strong></span> <span class='ocrx_word' id='word_1_86' title='bbox 898 1661 955 1720; x_wconf 90' lang='lat' dir='ltr'><strong>bac</strong></span> <span class='ocrx_word' id='word_1_87' title='bbox 985 1663 1099 1721; x_wconf 87' lang='lat' dir='ltr'><strong>ratione</strong></span> <span class='ocrx_word' id='word_1_88' title='bbox 1129 1664 1276 1722; x_wconf 78' lang='lat' dir='ltr'><strong>concisius</strong></span> <span class='ocrx_word' id='word_1_89' title='bbox 1308 1663 1479 1725; x_wconf 88' lang='lat' dir='ltr'><strong>diviserunt.</strong></span> <span class='ocrx_word' id='word_1_90' title='bbox 1525 1663 1694 1724; x_wconf 88' lang='lat' dir='ltr'><strong>Partiuatur</strong></span> <span class='ocrx_word' id='word_1_91' title='bbox 1725 1667 1815 1725; x_wconf 87' lang='lat' dir='ltr'><strong>atium</strong></span> 
     </span>
     <span class='ocr_line' id='line_1_11' title="bbox 460 1746 1816 1827; baseline 0.001 -16"><span class='ocrx_word' id='word_1_92' title='bbox 460 1767 551 1811; x_wconf 76' lang='lat' dir='ltr'><strong>nouae</strong></span> <span class='ocrx_word' id='word_1_93' title='bbox 574 1746 667 1810; x_wconf 83' lang='lat' dir='ltr'><strong>totam</strong></span> <span class='ocrx_word' id='word_1_94' title='bbox 696 1747 890 1825; x_wconf 51' lang='lat' dir='ltr'><strong>superficiem,</strong></span> <span class='ocrx_word' id='word_1_95' title='bbox 903 1747 1030 1808; x_wconf 77' lang='lat' dir='ltr'><strong>Telluris</strong></span> <span class='ocrx_word' id='word_1_96' title='bbox 1059 1754 1187 1825; x_wconf 78' lang='lat' dir='ltr'><strong>suntque</strong></span> <span class='ocrx_word' id='word_1_97' title='bbox 1210 1750 1453 1811; x_wconf 81' lang='lat' dir='ltr'><strong>considerationis</strong></span> <span class='ocrx_word' id='word_1_98' title='bbox 1475 1752 1816 1827; x_wconf 81' lang='lat' dir='ltr'><strong>magisastronomieue,</strong></span> 
     </span>
     <span class='ocr_line' id='line_1_12' title="bbox 461 1834 1816 1916; baseline 0 -18"><span class='ocrx_word' id='word_1_99' title='bbox 461 1839 592 1910; x_wconf 86' lang='lat' dir='ltr'><strong>elimata,</strong></span> <span class='ocrx_word' id='word_1_100' title='bbox 621 1836 799 1913; x_wconf 84' lang='lat' dir='ltr'><strong>geographis</strong></span> <span class='ocrx_word' id='word_1_101' title='bbox 827 1834 956 1908; x_wconf 91' lang='lat' dir='ltr'><strong>notiora,</strong></span> <span class='ocrx_word' id='word_1_102' title='bbox 987 1835 1199 1912; x_wconf 89' lang='lat' dir='ltr'><strong>spectabantur</strong></span> <span class='ocrx_word' id='word_1_103' title='bbox 1221 1845 1335 1898; x_wconf 88' lang='lat' dir='ltr'><strong>tautum</strong></span> <span class='ocrx_word' id='word_1_104' title='bbox 1358 1841 1387 1896; x_wconf 94' lang='lat' dir='ltr'><strong>iu</strong></span> <span class='ocrx_word' id='word_1_105' title='bbox 1416 1838 1561 1916; x_wconf 89' lang='lat' dir='ltr'><strong>particula</strong></span> <span class='ocrx_word' id='word_1_106' title='bbox 1582 1836 1706 1910; x_wconf 84' lang='lat' dir='ltr'><strong>Terrae,</strong></span> <span class='ocrx_word' id='word_1_107' title='bbox 1739 1855 1816 1914; x_wconf 87' lang='lat' dir='ltr'><strong>quae</strong></span> 
     </span>
     <span class='ocr_line' id='line_1_13' title="bbox 462 1921 1817 2060; baseline 0.001 -76"><span class='ocrx_word' id='word_1_108' title='bbox 462 1924 609 1986; x_wconf 77' lang='lat' dir='ltr'><strong>ueteribus</strong></span> <span class='ocrx_word' id='word_1_109' title='bbox 631 1932 695 1983; x_wconf 86' lang='lat' dir='ltr'><strong>crat</strong></span> <span class='ocrx_word' id='word_1_110' title='bbox 715 1924 849 1999; x_wconf 83' lang='lat' dir='ltr'><strong>cognita,</strong></span> <span class='ocrx_word' id='word_1_111' title='bbox 878 1939 955 1998; x_wconf 91' lang='lat' dir='ltr'><strong>qaas</strong></span> <span class='ocrx_word' id='word_1_112' title='bbox 977 1924 1006 1980; x_wconf 90' lang='lat' dir='ltr'><strong>iu</strong></span> <span class='ocrx_word' id='word_1_113' title='bbox 1030 1921 1214 1998; x_wconf 85' lang='lat' dir='ltr'><strong>longitudino</strong></span> <span class='ocrx_word' id='word_1_114' title='bbox 1237 1926 1499 2000; x_wconf 88' lang='lat' dir='ltr'><strong>semicirculum,</strong></span> <span class='ocrx_word' id='word_1_115' title='bbox 1491 1944 1522 1985; x_wconf 92' lang='grc' dir='ltr'><strong>ιιι</strong></span> <span class='ocrx_word' id='word_1_116' title='bbox 1542 1923 1697 2060; x_wconf 76' lang='lat' dir='ltr'><strong>latitudine</strong></span> <span class='ocrx_word' id='word_1_117' title='bbox 1720 1924 1817 2001; x_wconf 87' lang='lat' dir='ltr'><strong>qnad-</strong></span> 
     </span>
    </p>

    <p class='ocr_par' dir='ltr' id='par_1_5' title="bbox 465 2009 849 2072">
     <span class='ocr_line' id='line_1_14' title="bbox 465 2009 849 2072; baseline -0.008 0"><span class='ocrx_word' id='word_1_118' title='bbox 465 2021 575 2072; x_wconf 85' lang='lat' dir='ltr'><strong>raatem</strong></span> <span class='ocrx_word' id='word_1_119' title='bbox 597 2028 657 2071; x_wconf 89' lang='lat' dir='ltr'><strong>aon</strong></span> <span class='ocrx_word' id='word_1_120' title='bbox 680 2009 849 2071; x_wconf 76' lang='lat' dir='ltr'><strong>excedebat.</strong></span> 
     </span>
    </p>

    <p class='ocr_par' dir='ltr' id='par_1_6' title="bbox 464 2051 1823 2439">
     <span class='ocr_line' id='line_1_15' title="bbox 549 2051 1817 2177; baseline -0.001 -19"><span class='ocrx_word' id='word_1_121' title='bbox 549 2099 630 2177; x_wconf 82' lang='lat' dir='ltr'><strong>Quot</strong></span> <span class='ocrx_word' id='word_1_122' title='bbox 650 2099 808 2173; x_wconf 78' lang='lat' dir='ltr'><strong>parallelis</strong></span> <span class='ocrx_word' id='word_1_123' title='bbox 829 2097 1008 2157; x_wconf 85' lang='lat' dir='ltr'><strong>describitur</strong></span> <span class='ocrx_word' id='word_1_124' title='bbox 1029 2096 1182 2172; x_wconf 78' lang='lat' dir='ltr'><strong>quodlibet</strong></span> <span class='ocrx_word' id='word_1_125' title='bbox 1207 2098 1324 2157; x_wconf 78' lang='lat' dir='ltr'><strong>clima?</strong></span> <span class='ocrx_word' id='word_1_126' title='bbox 1359 2097 1480 2158; x_wconf 77' lang='lat' dir='ltr'><strong>Tribus.</strong></span> <span class='ocrx_word' id='word_1_127' title='bbox 1508 2115 1576 2156; x_wconf 90' lang='lat' dir='ltr'><strong>uam</strong></span> <span class='ocrx_word' id='word_1_128' title='bbox 1607 2051 1668 2157; x_wconf 87' lang='lat' dir='ltr'><strong>bini</strong></span> <span class='ocrx_word' id='word_1_129' title='bbox 1699 2114 1817 2175; x_wconf 85' lang='lat' dir='ltr'><strong>semper</strong></span> 
     </span>
     <span class='ocr_line' id='line_1_16' title="bbox 464 2172 1816 2264; baseline -0.001 -16"><span class='ocrx_word' id='word_1_130' title='bbox 464 2185 613 2264; x_wconf 83' lang='lat' dir='ltr'><strong>quodlibet</strong></span> <span class='ocrx_word' id='word_1_131' title='bbox 634 2185 721 2245; x_wconf 91' lang='lat' dir='ltr'><strong>clima</strong></span> <span class='ocrx_word' id='word_1_132' title='bbox 736 2187 901 2257; x_wconf 84' lang='lat' dir='ltr'><strong>terminent,</strong></span> <span class='ocrx_word' id='word_1_133' title='bbox 924 2201 1000 2243; x_wconf 89' lang='lat' dir='ltr'><strong>unas</strong></span> <span class='ocrx_word' id='word_1_134' title='bbox 1016 2199 1095 2256; x_wconf 86' lang='lat' dir='ltr'><strong>vero,</strong></span> <span class='ocrx_word' id='word_1_135' title='bbox 1119 2202 1171 2260; x_wconf 90' lang='lat' dir='ltr'><strong>per</strong></span> <span class='ocrx_word' id='word_1_136' title='bbox 1192 2183 1320 2244; x_wconf 89' lang='lat' dir='ltr'><strong>medium</strong></span> <span class='ocrx_word' id='word_1_137' title='bbox 1336 2186 1395 2246; x_wconf 86' lang='lat' dir='ltr'><strong>iere</strong></span> <span class='ocrx_word' id='word_1_138' title='bbox 1419 2186 1506 2245; x_wconf 91' lang='lat' dir='ltr'><strong>clima</strong></span> <span class='ocrx_word' id='word_1_139' title='bbox 1521 2172 1666 2258; x_wconf 87' lang='lat' dir='ltr'><strong>incedens,</strong></span> <span class='ocrx_word' id='word_1_140' title='bbox 1689 2180 1816 2247; x_wconf 87' lang='lat' dir='ltr'><strong>mediam</strong></span> 
     </span>
     <span class='ocr_line' id='line_1_17' title="bbox 465 2270 1816 2348; baseline -0.002 -13"><span class='ocrx_word' id='word_1_141' title='bbox 465 2276 551 2335; x_wconf 87' lang='lat' dir='ltr'><strong>babet</strong></span> <span class='ocrx_word' id='word_1_142' title='bbox 578 2273 637 2333; x_wconf 84' lang='lat' dir='ltr'><strong>diei</strong></span> <span class='ocrx_word' id='word_1_143' title='bbox 665 2270 878 2348; x_wconf 80' lang='lat' dir='ltr'><strong>longitudinem</strong></span> <span class='ocrx_word' id='word_1_144' title='bbox 908 2272 982 2330; x_wconf 88' lang='lat' dir='ltr'><strong>iuter</strong></span> <span class='ocrx_word' id='word_1_145' title='bbox 1012 2270 1211 2346; x_wconf 78' lang='lat' dir='ltr'><strong>longitudines</strong></span> <span class='ocrx_word' id='word_1_146' title='bbox 1235 2273 1316 2330; x_wconf 84' lang='lat' dir='ltr'><strong>initii</strong></span> <span class='ocrx_word' id='word_1_147' title='bbox 1346 2282 1377 2332; x_wconf 91' lang='lat' dir='ltr'><strong>et</strong></span> <span class='ocrx_word' id='word_1_148' title='bbox 1398 2273 1472 2332; x_wconf 87' lang='grc' dir='ltr'><strong>ιιιιίι.</strong></span> <span class='ocrx_word' id='word_1_149' title='bbox 1518 2271 1717 2332; x_wconf 82' lang='lat' dir='ltr'><strong>Veruntamen</strong></span> <span class='ocrx_word' id='word_1_150' title='bbox 1740 2290 1816 2333; x_wconf 91' lang='lat' dir='ltr'><strong>uuus</strong></span> 
     </span>
     <span class='ocr_line' id='line_1_18' title="bbox 465 2356 1823 2439; baseline -0.002 -17"><span class='ocrx_word' id='word_1_151' title='bbox 465 2379 577 2439; x_wconf 87' lang='lat' dir='ltr'><strong>sempor</strong></span> <span class='ocrx_word' id='word_1_152' title='bbox 600 2359 737 2436; x_wconf 89' lang='lat' dir='ltr'><strong>idemque</strong></span> <span class='ocrx_word' id='word_1_153' title='bbox 759 2357 918 2435; x_wconf 88' lang='lat' dir='ltr'><strong>parallelus</strong></span> <span class='ocrx_word' id='word_1_154' title='bbox 940 2366 985 2417; x_wconf 90' lang='lat' dir='ltr'><strong>est</strong></span> <span class='ocrx_word' id='word_1_155' title='bbox 1007 2359 1123 2416; x_wconf 87' lang='lat' dir='ltr'><strong>initium</strong></span> <span class='ocrx_word' id='word_1_156' title='bbox 1146 2362 1232 2417; x_wconf 91' lang='lat' dir='ltr'><strong>unius</strong></span> <span class='ocrx_word' id='word_1_157' title='bbox 1255 2358 1381 2419; x_wconf 88' lang='lat' dir='ltr'><strong>climatis</strong></span> <span class='ocrx_word' id='word_1_158' title='bbox 1404 2369 1433 2420; x_wconf 91' lang='lat' dir='ltr'><strong>et</strong></span> <span class='ocrx_word' id='word_1_159' title='bbox 1455 2356 1541 2420; x_wconf 91' lang='lat' dir='ltr'><strong>simul</strong></span> <span class='ocrx_word' id='word_1_160' title='bbox 1565 2358 1685 2419; x_wconf 90' lang='lat' dir='ltr'><strong>alterius</strong></span> <span class='ocrx_word' id='word_1_161' title='bbox 1708 2359 1784 2419; x_wconf 86' lang='lat' dir='ltr'><strong>linis.</strong></span> <span class='ocrx_word' id='word_1_162' title='bbox 1819 2394 1823 2401; x_wconf 92' lang='lat'>·</span> 
     </span>
    </p>

    <p class='ocr_par' dir='ltr' id='par_1_7' title="bbox 466 2444 1820 2614">
     <span class='ocr_line' id='line_1_19' title="bbox 549 2444 1820 2553; baseline -0.001 -44"><span class='ocrx_word' id='word_1_163' title='bbox 549 2448 670 2509; x_wconf 77' lang='lat' dir='ltr'><strong>Suntne</strong></span> <span class='ocrx_word' id='word_1_164' title='bbox 692 2448 817 2506; x_wconf 86' lang='lat' dir='ltr'><strong>elimata</strong></span> <span class='ocrx_word' id='word_1_165' title='bbox 839 2446 977 2521; x_wconf 84' lang='lat' dir='ltr'><strong>aequalis</strong></span> <span class='ocrx_word' id='word_1_166' title='bbox 998 2445 1194 2505; x_wconf 79' lang='lat' dir='ltr'><strong>latitudiuis?</strong></span> <span class='ocrx_word' id='word_1_167' title='bbox 1226 2444 1376 2519; x_wconf 87' lang='lat' dir='ltr'><strong>Minime,</strong></span> <span class='ocrx_word' id='word_1_168' title='bbox 1373 2464 1506 2553; x_wconf 81' lang='lat' dir='ltr'><strong>semper</strong></span> <span class='ocrx_word' id='word_1_169' title='bbox 1528 2448 1620 2520; x_wconf 85' lang='grc' dir='ltr'><strong>ιιιιιιι,</strong></span> <span class='ocrx_word' id='word_1_170' title='bbox 1651 2444 1727 2522; x_wconf 82' lang='lat' dir='ltr'><strong>quae</strong></span> <span class='ocrx_word' id='word_1_171' title='bbox 1749 2453 1820 2508; x_wconf 88' lang='lat' dir='ltr'><strong>suut</strong></span> 
     </span>
     <span class='ocr_line' id='line_1_20' title="bbox 466 2532 1015 2614; baseline -0.013 -17"><span class='ocrx_word' id='word_1_172' title='bbox 466 2537 616 2614; x_wconf 79' lang='lat' dir='ltr'><strong>aequaturi</strong></span> <span class='ocrx_word' id='word_1_173' title='bbox 639 2536 786 2611; x_wconf 90' lang='lat' dir='ltr'><strong>propiora,</strong></span> <span class='ocrx_word' id='word_1_174' title='bbox 809 2532 916 2594; x_wconf 87' lang='lat' dir='ltr'><strong>latiora</strong></span> <span class='ocrx_word' id='word_1_175' title='bbox 937 2540 1015 2591; x_wconf 87' lang='lat' dir='ltr'><strong>snut</strong></span> 
     </span>
    </p>

    <p class='ocr_par' dir='ltr' id='par_1_8' title="bbox 465 2581 1865 3310">
     <span class='ocr_line' id='line_1_21' title="bbox 507 2581 1820 2726; baseline 0.001 -45.032"><span class='ocrx_word' id='word_1_176' title='bbox 507 2614 643 2682; x_wconf 69' lang='lat' dir='ltr'><strong>usae</strong></span> <span class='ocrx_word' id='word_1_177' title='bbox 665 2628 764 2680; x_wconf 82' lang='lat' dir='ltr'><strong>sertus</strong></span> <span class='ocrx_word' id='word_1_178' title='bbox 782 2621 1006 2696; x_wconf 75' lang='lat' dir='ltr'><strong>parallelorum</strong></span> <span class='ocrx_word' id='word_1_179' title='bbox 1029 2625 1057 2677; x_wconf 87' lang='lat' dir='ltr'><strong>et</strong></span> <span class='ocrx_word' id='word_1_180' title='bbox 1078 2619 1239 2679; x_wconf 87' lang='lat' dir='ltr'><strong>climatum</strong></span> <span class='ocrx_word' id='word_1_181' title='bbox 1260 2619 1431 2680; x_wconf 74' lang='lat' dir='ltr'><strong>numerus?</strong></span> <span class='ocrx_word' id='word_1_182' title='bbox 1455 2619 1529 2679; x_wconf 81' lang='lat' dir='ltr'><strong>Cum</strong></span> <span class='ocrx_word' id='word_1_183' title='bbox 1552 2621 1650 2679; x_wconf 89' lang='lat' dir='ltr'><strong>omnia</strong></span> <span class='ocrx_word' id='word_1_184' title='bbox 1672 2581 1820 2726; x_wconf 73' lang='lat' dir='ltr'><strong>pendeant</strong></span> 
     </span>
     <span class='ocr_line' id='line_1_22' title="bbox 466 2705 1818 2788; baseline -0.004 -16"><span class='ocrx_word' id='word_1_185' title='bbox 466 2707 739 2788; x_wconf 85' lang='lat' dir='ltr'><strong>egeograpborum</strong></span> <span class='ocrx_word' id='word_1_186' title='bbox 766 2708 901 2779; x_wconf 86' lang='lat' dir='ltr'><strong>arbitrio,</strong></span> <span class='ocrx_word' id='word_1_187' title='bbox 934 2723 993 2766; x_wconf 90' lang='lat' dir='ltr'><strong>non</strong></span> <span class='ocrx_word' id='word_1_188' title='bbox 1023 2707 1128 2765; x_wconf 90' lang='lat' dir='ltr'><strong>mirum</strong></span> <span class='ocrx_word' id='word_1_189' title='bbox 1156 2714 1217 2786; x_wconf 90' lang='lat' dir='ltr'><strong>est,</strong></span> <span class='ocrx_word' id='word_1_190' title='bbox 1246 2724 1398 2767; x_wconf 89' lang='lat' dir='ltr'><strong>numerum</strong></span> <span class='ocrx_word' id='word_1_191' title='bbox 1426 2705 1507 2783; x_wconf 91' lang='lat' dir='ltr'><strong>apud</strong></span> <span class='ocrx_word' id='word_1_192' title='bbox 1538 2706 1670 2767; x_wconf 86' lang='lat' dir='ltr'><strong>diversos</strong></span> <span class='ocrx_word' id='word_1_193' title='bbox 1702 2709 1818 2767; x_wconf 85' lang='grc' dir='ltr'><strong>ιιιιιιιιι.</strong></span> 
     </span>
     <span class='ocr_line' id='line_1_23' title="bbox 465 2793 1820 2872; baseline -0.003 -14"><span class='ocrx_word' id='word_1_194' title='bbox 465 2797 651 2860; x_wconf 87' lang='lat' dir='ltr'><strong>Ptolemaeus</strong></span> <span class='ocrx_word' id='word_1_195' title='bbox 678 2797 762 2854; x_wconf 89' lang='lat' dir='ltr'><strong>initio</strong></span> <span class='ocrx_word' id='word_1_196' title='bbox 791 2793 950 2872; x_wconf 87' lang='lat' dir='ltr'><strong>parallelos</strong></span> <span class='ocrx_word' id='word_1_197' title='bbox 980 2810 1031 2871; x_wconf 89' lang='lat' dir='ltr'><strong>per</strong></span> <span class='ocrx_word' id='word_1_198' title='bbox 1061 2795 1199 2853; x_wconf 87' lang='lat' dir='ltr'><strong>semisses</strong></span> <span class='ocrx_word' id='word_1_199' title='bbox 1232 2793 1366 2853; x_wconf 89' lang='lat' dir='ltr'><strong>borarum</strong></span> <span class='ocrx_word' id='word_1_200' title='bbox 1390 2793 1570 2854; x_wconf 79' lang='lat' dir='ltr'><strong>differentiae</strong></span> <span class='ocrx_word' id='word_1_201' title='bbox 1593 2795 1667 2853; x_wconf 90' lang='lat' dir='ltr'><strong>inter</strong></span> <span class='ocrx_word' id='word_1_202' title='bbox 1690 2793 1767 2857; x_wconf 90' lang='lat' dir='ltr'><strong>diem</strong></span> <span class='ocrx_word' id='word_1_203' title='bbox 1790 2802 1820 2855; x_wconf 90' lang='lat' dir='ltr'><strong>st</strong></span> 
     </span>
     <span class='ocr_line' id='line_1_24' title="bbox 467 2876 1865 2960; baseline -0.001 -16"><span class='ocrx_word' id='word_1_204' title='bbox 467 2894 580 2947; x_wconf 86' lang='lat' dir='ltr'><strong>noctem</strong></span> <span class='ocrx_word' id='word_1_205' title='bbox 604 2883 763 2960; x_wconf 89' lang='lat' dir='ltr'><strong>disposuit,</strong></span> <span class='ocrx_word' id='word_1_206' title='bbox 786 2880 843 2942; x_wconf 87' lang='lat' dir='ltr'><strong>hoc</strong></span> <span class='ocrx_word' id='word_1_207' title='bbox 865 2889 910 2943; x_wconf 88' lang='lat' dir='ltr'><strong>est</strong></span> <span class='ocrx_word' id='word_1_208' title='bbox 932 2899 984 2958; x_wconf 90' lang='lat' dir='ltr'><strong>per</strong></span> <span class='ocrx_word' id='word_1_209' title='bbox 1006 2880 1184 2959; x_wconf 88' lang='lat' dir='ltr'><strong>quadrantes</strong></span> <span class='ocrx_word' id='word_1_210' title='bbox 1206 2882 1449 2942; x_wconf 87' lang='lat' dir='ltr'><strong>incrementorum</strong></span> <span class='ocrx_word' id='word_1_211' title='bbox 1472 2876 1532 2941; x_wconf 89' lang='lat' dir='ltr'><strong>diei</strong></span> <span class='ocrx_word' id='word_1_212' title='bbox 1554 2879 1755 2959; x_wconf 84' lang='lat' dir='ltr'><strong>longissimaer</strong></span> <span class='ocrx_word' id='word_1_213' title='bbox 1785 2889 1820 2943; x_wconf 88' lang='lat' dir='ltr'><strong>ut</strong></span> <span class='ocrx_word' id='word_1_214' title='bbox 1862 2892 1865 2897; x_wconf 84' lang='lat'>&#39;</span> 
     </span>
     <span class='ocr_line' id='line_1_25' title="bbox 467 2967 1820 3046; baseline -0.002 -14"><span class='ocrx_word' id='word_1_215' title='bbox 467 2977 505 3034; x_wconf 90' lang='lat' dir='ltr'><strong>ita</strong></span> <span class='ocrx_word' id='word_1_216' title='bbox 526 2974 616 3034; x_wconf 86' lang='lat' dir='ltr'><strong>elima</strong></span> <span class='ocrx_word' id='word_1_217' title='bbox 639 2969 791 3046; x_wconf 91' lang='lat' dir='ltr'><strong>quodlibet</strong></span> <span class='ocrx_word' id='word_1_218' title='bbox 812 2969 1003 3030; x_wconf 80' lang='lat' dir='ltr'><strong>differentiam</strong></span> <span class='ocrx_word' id='word_1_219' title='bbox 1033 2970 1109 3028; x_wconf 87' lang='lat' dir='ltr'><strong>iuter</strong></span> <span class='ocrx_word' id='word_1_220' title='bbox 1138 2967 1215 3028; x_wconf 72' lang='lat' dir='ltr'><strong>diem</strong></span> <span class='ocrx_word' id='word_1_221' title='bbox 1238 2976 1266 3028; x_wconf 92' lang='lat' dir='ltr'><strong>et</strong></span> <span class='ocrx_word' id='word_1_222' title='bbox 1289 2976 1405 3029; x_wconf 88' lang='lat' dir='ltr'><strong>noctem</strong></span> <span class='ocrx_word' id='word_1_223' title='bbox 1428 2987 1488 3029; x_wconf 89' lang='lat' dir='ltr'><strong>uua</strong></span> <span class='ocrx_word' id='word_1_224' title='bbox 1509 2968 1582 3028; x_wconf 91' lang='lat' dir='ltr'><strong>bora</strong></span> <span class='ocrx_word' id='word_1_225' title='bbox 1604 2976 1729 3046; x_wconf 78' lang='lat' dir='ltr'><strong>augeat3</strong></span> <span class='ocrx_word' id='word_1_226' title='bbox 1760 2987 1820 3046; x_wconf 88' lang='lat' dir='ltr'><strong>qua</strong></span> 
     </span>
     <span class='ocr_line' id='line_1_26' title="bbox 466 3054 1821 3135; baseline -0.004 -14"><span class='ocrx_word' id='word_1_227' title='bbox 466 3063 578 3122; x_wconf 89' lang='lat' dir='ltr'><strong>rationo</strong></span> <span class='ocrx_word' id='word_1_228' title='bbox 600 3075 667 3119; x_wconf 91' lang='lat' dir='ltr'><strong>cum</strong></span> <span class='ocrx_word' id='word_1_229' title='bbox 689 3058 871 3135; x_wconf 88' lang='lat' dir='ltr'><strong>pervenisset</strong></span> <span class='ocrx_word' id='word_1_230' title='bbox 893 3054 931 3115; x_wconf 91' lang='lat' dir='ltr'><strong>ad</strong></span> <span class='ocrx_word' id='word_1_231' title='bbox 954 3054 1128 3132; x_wconf 88' lang='lat' dir='ltr'><strong>parallelum</strong></span> <span class='ocrx_word' id='word_1_232' title='bbox 1152 3054 1295 3115; x_wconf 87' lang='lat' dir='ltr'><strong>decimum</strong></span> <span class='ocrx_word' id='word_1_233' title='bbox 1319 3065 1454 3132; x_wconf 86' lang='lat' dir='ltr'><strong>quartum</strong></span> <span class='ocrx_word' id='word_1_234' title='bbox 1477 3062 1508 3117; x_wconf 91' lang='lat' dir='ltr'><strong>et</strong></span> <span class='ocrx_word' id='word_1_235' title='bbox 1522 3056 1641 3116; x_wconf 87' lang='lat' dir='ltr'><strong>climata</strong></span> <span class='ocrx_word' id='word_1_236' title='bbox 1660 3058 1821 3134; x_wconf 87' lang='lat' dir='ltr'><strong>inciperent</strong></span> 
     </span>
     <span class='ocr_line' id='line_1_27' title="bbox 467 3143 1820 3246; baseline -0.002 -37"><span class='ocrx_word' id='word_1_237' title='bbox 467 3149 587 3209; x_wconf 90' lang='lat' dir='ltr'><strong>dimidio</strong></span> <span class='ocrx_word' id='word_1_238' title='bbox 609 3148 705 3206; x_wconf 90' lang='lat' dir='ltr'><strong>minus</strong></span> <span class='ocrx_word' id='word_1_239' title='bbox 726 3145 837 3205; x_wconf 87' lang='lat' dir='ltr'><strong>habere</strong></span> <span class='ocrx_word' id='word_1_240' title='bbox 859 3144 895 3205; x_wconf 90' lang='lat' dir='ltr'><strong>de</strong></span> <span class='ocrx_word' id='word_1_241' title='bbox 918 3143 1073 3204; x_wconf 90' lang='lat' dir='ltr'><strong>latitudine</strong></span> <span class='ocrx_word' id='word_1_242' title='bbox 1096 3144 1272 3246; x_wconf 83' lang='lat' dir='ltr'><strong>primorum,</strong></span> <span class='ocrx_word' id='word_1_243' title='bbox 1301 3145 1399 3212; x_wconf 90' lang='lat' dir='ltr'><strong>subito</strong></span> <span class='ocrx_word' id='word_1_244' title='bbox 1424 3145 1529 3205; x_wconf 88' lang='lat' dir='ltr'><strong>statuit</strong></span> <span class='ocrx_word' id='word_1_245' title='bbox 1549 3147 1733 3222; x_wconf 88' lang='lat' dir='ltr'><strong>sequentia</strong></span> <span class='ocrx_word' id='word_1_246' title='bbox 1725 3161 1820 3206; x_wconf 84' lang='lat' dir='ltr'><strong>morc-</strong></span> 
     </span>
     <span class='ocr_line' id='line_1_28' title="bbox 467 3231 1820 3310; baseline -0.004 -13"><span class='ocrx_word' id='word_1_247' title='bbox 467 3245 563 3297; x_wconf 90' lang='lat' dir='ltr'><strong>meuta</strong></span> <span class='ocrx_word' id='word_1_248' title='bbox 585 3232 676 3310; x_wconf 90' lang='lat' dir='ltr'><strong>dupla</strong></span> <span class='ocrx_word' id='word_1_249' title='bbox 697 3234 835 3310; x_wconf 88' lang='lat' dir='ltr'><strong>priorum,</strong></span> <span class='ocrx_word' id='word_1_250' title='bbox 860 3249 900 3293; x_wconf 87' lang='grc' dir='ltr'><strong>ιι.</strong></span> <span class='ocrx_word' id='word_1_251' title='bbox 924 3231 1060 3291; x_wconf 89' lang='lat' dir='ltr'><strong>horarum</strong></span> <span class='ocrx_word' id='word_1_252' title='bbox 1083 3233 1229 3304; x_wconf 87' lang='lat' dir='ltr'><strong>semisses,</strong></span> <span class='ocrx_word' id='word_1_253' title='bbox 1256 3239 1287 3290; x_wconf 92' lang='lat' dir='ltr'><strong>ut</strong></span> <span class='ocrx_word' id='word_1_254' title='bbox 1309 3231 1428 3293; x_wconf 82' lang='lat' dir='ltr'><strong>elimata</strong></span> <span class='ocrx_word' id='word_1_255' title='bbox 1450 3249 1563 3292; x_wconf 89' lang='lat' dir='ltr'><strong>rursum</strong></span> <span class='ocrx_word' id='word_1_256' title='bbox 1586 3231 1728 3293; x_wconf 90' lang='lat' dir='ltr'><strong>haberent</strong></span> <span class='ocrx_word' id='word_1_257' title='bbox 1748 3232 1820 3292; x_wconf 92' lang='lat' dir='ltr'><strong>lati·</strong></span> 
     </span>
    </p>

    <p class='ocr_par' dir='ltr' id='par_1_9' title="bbox 439 3307 1884 3910">
     <span class='ocr_line' id='line_1_29' title="bbox 439 3307 1884 3398; baseline -0.003 -13"><span class='ocrx_word' id='word_1_258' title='bbox 439 3324 594 3385; x_wconf 89' lang='lat' dir='ltr'><strong>-tndiuem</strong></span> <span class='ocrx_word' id='word_1_259' title='bbox 617 3322 784 3398; x_wconf 88' lang='lat' dir='ltr'><strong>primomm.</strong></span> <span class='ocrx_word' id='word_1_260' title='bbox 831 3307 875 3378; x_wconf 90' lang='lat' dir='ltr'><strong>In</strong></span> <span class='ocrx_word' id='word_1_261' title='bbox 893 3320 1005 3380; x_wconf 88' lang='lat' dir='ltr'><strong>decimo</strong></span> <span class='ocrx_word' id='word_1_262' title='bbox 1032 3335 1110 3377; x_wconf 91' lang='lat' dir='ltr'><strong>nono</strong></span> <span class='ocrx_word' id='word_1_263' title='bbox 1141 3317 1283 3395; x_wconf 87' lang='lat' dir='ltr'><strong>parallelo</strong></span> <span class='ocrx_word' id='word_1_264' title='bbox 1316 3337 1429 3380; x_wconf 90' lang='lat' dir='ltr'><strong>rursum</strong></span> <span class='ocrx_word' id='word_1_265' title='bbox 1452 3320 1680 3380; x_wconf 85' lang='lat' dir='ltr'><strong>attenuabantur</strong></span> <span class='ocrx_word' id='word_1_266' title='bbox 1702 3318 1822 3380; x_wconf 87' lang='lat' dir='ltr'><strong>elimata</strong></span> <span class='ocrx_word' id='word_1_267' title='bbox 1881 3344 1884 3351; x_wconf 89' lang='grc'><strong><em>·</em></strong></span> 
     </span>
     <span class='ocr_line' id='line_1_30' title="bbox 466 3404 1823 3489; baseline -0.003 -18"><span class='ocrx_word' id='word_1_268' title='bbox 466 3412 499 3471; x_wconf 88' lang='lat' dir='ltr'><strong>ad</strong></span> <span class='ocrx_word' id='word_1_269' title='bbox 521 3411 629 3489; x_wconf 87' lang='lat' dir='ltr'><strong>prioris</strong></span> <span class='ocrx_word' id='word_1_270' title='bbox 651 3405 814 3469; x_wconf 84' lang='lat' dir='ltr'><strong>latitudinis</strong></span> <span class='ocrx_word' id='word_1_271' title='bbox 837 3405 1005 3479; x_wconf 90' lang='lat' dir='ltr'><strong>dimidium,</strong></span> <span class='ocrx_word' id='word_1_272' title='bbox 1028 3407 1117 3485; x_wconf 81' lang='lat' dir='ltr'><strong>igitur</strong></span> <span class='ocrx_word' id='word_1_273' title='bbox 1139 3408 1213 3466; x_wconf 89' lang='lat' dir='ltr'><strong>inter</strong></span> <span class='ocrx_word' id='word_1_274' title='bbox 1234 3404 1313 3466; x_wconf 83' lang='lat' dir='ltr'><strong>lrunc</strong></span> <span class='ocrx_word' id='word_1_275' title='bbox 1336 3414 1365 3468; x_wconf 87' lang='lat' dir='ltr'><strong>et</strong></span> <span class='ocrx_word' id='word_1_276' title='bbox 1388 3408 1559 3467; x_wconf 84' lang='lat' dir='ltr'><strong>vicesimum</strong></span> <span class='ocrx_word' id='word_1_277' title='bbox 1581 3423 1694 3466; x_wconf 91' lang='lat' dir='ltr'><strong>rursum</strong></span> <span class='ocrx_word' id='word_1_278' title='bbox 1717 3407 1823 3467; x_wconf 82' lang='lat' dir='ltr'><strong>statuit</strong></span> 
     </span>
     <span class='ocr_line' id='line_1_31' title="bbox 467 3492 1819 3577; baseline -0.003 -18"><span class='ocrx_word' id='word_1_279' title='bbox 467 3498 588 3577; x_wconf 89' lang='lat' dir='ltr'><strong>duplum</strong></span> <span class='ocrx_word' id='word_1_280' title='bbox 609 3496 714 3574; x_wconf 91' lang='lat' dir='ltr'><strong>prioris</strong></span> <span class='ocrx_word' id='word_1_281' title='bbox 737 3495 915 3568; x_wconf 89' lang='lat' dir='ltr'><strong>incrementi,</strong></span> <span class='ocrx_word' id='word_1_282' title='bbox 939 3492 1049 3553; x_wconf 87' lang='lat' dir='ltr'><strong>scilieet</strong></span> <span class='ocrx_word' id='word_1_283' title='bbox 1071 3492 1174 3553; x_wconf 86' lang='lat' dir='ltr'><strong>boram</strong></span> <span class='ocrx_word' id='word_1_284' title='bbox 1196 3495 1349 3569; x_wconf 83' lang='lat' dir='ltr'><strong>integram.¹</strong></span> <span class='ocrx_word' id='word_1_285' title='bbox 1395 3494 1552 3554; x_wconf 87' lang='lat' dir='ltr'><strong>Climatum</strong></span> <span class='ocrx_word' id='word_1_286' title='bbox 1574 3511 1644 3555; x_wconf 87' lang='lat' dir='ltr'><strong>vcro</strong></span> <span class='ocrx_word' id='word_1_287' title='bbox 1667 3511 1819 3555; x_wconf 87' lang='lat' dir='ltr'><strong>numerum</strong></span> 
     </span>
     <span class='ocr_line' id='line_1_32' title="bbox 467 3580 1820 3659; baseline -0.004 -13"><span class='ocrx_word' id='word_1_288' title='bbox 467 3595 569 3647; x_wconf 87' lang='lat' dir='ltr'><strong>auctor</strong></span> <span class='ocrx_word' id='word_1_289' title='bbox 591 3584 669 3644; x_wconf 90' lang='lat' dir='ltr'><strong>idem</strong></span> <span class='ocrx_word' id='word_1_290' title='bbox 700 3582 883 3642; x_wconf 86' lang='lat' dir='ltr'><strong>continuavit</strong></span> <span class='ocrx_word' id='word_1_291' title='bbox 912 3582 939 3640; x_wconf 90' lang='lat' dir='ltr'><strong>in</strong></span> <span class='ocrx_word' id='word_1_292' title='bbox 971 3580 1186 3658; x_wconf 84' lang='lat' dir='ltr'><strong>hemisphaerio</strong></span> <span class='ocrx_word' id='word_1_293' title='bbox 1212 3582 1436 3657; x_wconf 87' lang='lat' dir='ltr'><strong>septentrionali</strong></span> <span class='ocrx_word' id='word_1_294' title='bbox 1459 3598 1553 3659; x_wconf 90' lang='lat' dir='ltr'><strong>usque</strong></span> <span class='ocrx_word' id='word_1_295' title='bbox 1584 3581 1621 3642; x_wconf 88' lang='lat' dir='ltr'><strong>ud</strong></span> <span class='ocrx_word' id='word_1_296' title='bbox 1654 3585 1820 3658; x_wconf 89' lang='lat' dir='ltr'><strong>septimum,</strong></span> 
     </span>
     <span class='ocr_line' id='line_1_33' title="bbox 468 3666 1820 3751; baseline -0.003 -18"><span class='ocrx_word' id='word_1_297' title='bbox 468 3676 494 3733; x_wconf 93' lang='lat' dir='ltr'><strong>in</strong></span> <span class='ocrx_word' id='word_1_298' title='bbox 519 3689 581 3751; x_wconf 90' lang='lat' dir='ltr'><strong>quo</strong></span> <span class='ocrx_word' id='word_1_299' title='bbox 603 3668 743 3748; x_wconf 87' lang='lat' dir='ltr'><strong>coeperat</strong></span> <span class='ocrx_word' id='word_1_300' title='bbox 761 3667 920 3746; x_wconf 85' lang='lat' dir='ltr'><strong>parallelos</strong></span> <span class='ocrx_word' id='word_1_301' title='bbox 944 3666 1077 3729; x_wconf 91' lang='lat' dir='ltr'><strong>dilatare.</strong></span> <span class='ocrx_word' id='word_1_302' title='bbox 1121 3667 1311 3728; x_wconf 89' lang='lat' dir='ltr'><strong>Recentiores</strong></span> <span class='ocrx_word' id='word_1_303' title='bbox 1335 3687 1412 3742; x_wconf 89' lang='lat' dir='ltr'><strong>vero,</strong></span> <span class='ocrx_word' id='word_1_304' title='bbox 1436 3676 1549 3730; x_wconf 83' lang='lat' dir='ltr'><strong>retente</strong></span> <span class='ocrx_word' id='word_1_305' title='bbox 1572 3669 1711 3729; x_wconf 89' lang='lat' dir='ltr'><strong>distantia</strong></span> <span class='ocrx_word' id='word_1_306' title='bbox 1734 3671 1820 3730; x_wconf 89' lang='lat' dir='ltr'><strong>unius</strong></span> 
     </span>
     <span class='ocr_line' id='line_1_34' title="bbox 467 3753 1817 3840; baseline -0.004 -18"><span class='ocrx_word' id='word_1_307' title='bbox 467 3760 635 3840; x_wconf 88' lang='lat' dir='ltr'><strong>quadrantis</strong></span> <span class='ocrx_word' id='word_1_308' title='bbox 662 3757 787 3830; x_wconf 90' lang='lat' dir='ltr'><strong>horarii,</strong></span> <span class='ocrx_word' id='word_1_309' title='bbox 816 3753 975 3833; x_wconf 90' lang='lat' dir='ltr'><strong>parallelos</strong></span> <span class='ocrx_word' id='word_1_310' title='bbox 1006 3757 1043 3816; x_wconf 92' lang='lat' dir='ltr'><strong>ab</strong></span> <span class='ocrx_word' id='word_1_311' title='bbox 1066 3761 1226 3831; x_wconf 88' lang='lat' dir='ltr'><strong>aequatore</strong></span> <span class='ocrx_word' id='word_1_312' title='bbox 1256 3773 1350 3832; x_wconf 88' lang='lat' dir='ltr'><strong>usque</strong></span> <span class='ocrx_word' id='word_1_313' title='bbox 1376 3755 1414 3815; x_wconf 92' lang='lat' dir='ltr'><strong>ad</strong></span> <span class='ocrx_word' id='word_1_314' title='bbox 1437 3754 1567 3833; x_wconf 91' lang='lat' dir='ltr'><strong>polarem</strong></span> <span class='ocrx_word' id='word_1_315' title='bbox 1590 3757 1631 3816; x_wconf 87' lang='grc'><strong>48</strong></span> <span class='ocrx_word' id='word_1_316' title='bbox 1655 3763 1817 3831; x_wconf 89' lang='lat' dir='ltr'><strong>numerant,</strong></span> 
     </span>
     <span class='ocr_line' id='line_1_35' title="bbox 468 3845 756 3910; baseline -0.021 0"><span class='ocrx_word' id='word_1_317' title='bbox 468 3850 587 3910; x_wconf 90' lang='lat' dir='ltr'><strong>elimata</strong></span> <span class='ocrx_word' id='word_1_318' title='bbox 609 3863 679 3905; x_wconf 89' lang='lat' dir='ltr'><strong>vero</strong></span> <span class='ocrx_word' id='word_1_319' title='bbox 704 3845 756 3904; x_wconf 76' lang='lat'><strong>24.</strong></span> 
     </span>
    </p>

    <p class='ocr_par' dir='ltr' id='par_1_10' title="bbox 466 3927 1818 4180">
     <span class='ocr_line' id='line_1_36' title="bbox 556 3927 1818 4008; baseline -0.005 -14"><span class='ocrx_word' id='word_1_320' title='bbox 556 3933 613 3994; x_wconf 87' lang='lat' dir='ltr'><strong>Ubi</strong></span> <span class='ocrx_word' id='word_1_321' title='bbox 631 3934 763 4008; x_wconf 81' lang='lat' dir='ltr'><strong>ponitur</strong></span> <span class='ocrx_word' id='word_1_322' title='bbox 784 3928 919 3987; x_wconf 84' lang='lat' dir='ltr'><strong>medium</strong></span> <span class='ocrx_word' id='word_1_323' title='bbox 938 3932 1038 4003; x_wconf 83' lang='lat' dir='ltr'><strong>primi</strong></span> <span class='ocrx_word' id='word_1_324' title='bbox 1059 3928 1211 3988; x_wconf 84' lang='lat' dir='ltr'><strong>elimatis?</strong></span> <span class='ocrx_word' id='word_1_325' title='bbox 1232 3927 1362 3988; x_wconf 88' lang='lat' dir='ltr'><strong>Primum</strong></span> <span class='ocrx_word' id='word_1_326' title='bbox 1385 3927 1471 3987; x_wconf 92' lang='lat' dir='ltr'><strong>clima</strong></span> <span class='ocrx_word' id='word_1_327' title='bbox 1493 3928 1583 3989; x_wconf 87' lang='lat' dir='ltr'><strong>habet</strong></span> <span class='ocrx_word' id='word_1_328' title='bbox 1606 3930 1635 3986; x_wconf 91' lang='lat' dir='ltr'><strong>iu</strong></span> <span class='ocrx_word' id='word_1_329' title='bbox 1650 3930 1696 3987; x_wconf 92' lang='lat' dir='ltr'><strong>sul</strong></span> <span class='ocrx_word' id='word_1_330' title='bbox 1720 3928 1818 3989; x_wconf 89' lang='lat' dir='ltr'><strong>medio</strong></span> 
     </span>
     <span class='ocr_line' id='line_1_37' title="bbox 467 4014 1818 4094; baseline -0.005 -12"><span class='ocrx_word' id='word_1_331' title='bbox 467 4023 656 4084; x_wconf 80' lang='lat' dir='ltr'><strong>differentiam</strong></span> <span class='ocrx_word' id='word_1_332' title='bbox 684 4018 872 4094; x_wconf 86' lang='lat' dir='ltr'><strong>longissimae</strong></span> <span class='ocrx_word' id='word_1_333' title='bbox 902 4014 959 4074; x_wconf 92' lang='lat' dir='ltr'><strong>diei</strong></span> <span class='ocrx_word' id='word_1_334' title='bbox 982 4034 1001 4075; x_wconf 91' lang='lat' dir='ltr'><strong>a</strong></span> <span class='ocrx_word' id='word_1_335' title='bbox 1023 4024 1108 4075; x_wconf 90' lang='lat' dir='ltr'><strong>nocte</strong></span> <span class='ocrx_word' id='word_1_336' title='bbox 1131 4017 1311 4075; x_wconf 83' lang='lat' dir='ltr'><strong>brevissima</strong></span> <span class='ocrx_word' id='word_1_337' title='bbox 1326 4017 1461 4074; x_wconf 85' lang='lat' dir='ltr'><strong>horarum</strong></span> <span class='ocrx_word' id='word_1_338' title='bbox 1490 4015 1628 4089; x_wconf 91' lang='lat' dir='ltr'><strong>duarum,</strong></span> <span class='ocrx_word' id='word_1_339' title='bbox 1657 4015 1818 4076; x_wconf 88' lang='lat' dir='ltr'><strong>secundum</strong></span> 
     </span>
     <span class='ocr_line' id='line_1_38' title="bbox 466 4106 1367 4180; baseline -0.012 -10"><span class='ocrx_word' id='word_1_340' title='bbox 466 4111 600 4170; x_wconf 87' lang='lat' dir='ltr'><strong>horarum</strong></span> <span class='ocrx_word' id='word_1_341' title='bbox 618 4109 720 4180; x_wconf 83' lang='lat' dir='ltr'><strong>trium,</strong></span> <span class='ocrx_word' id='word_1_342' title='bbox 743 4106 860 4164; x_wconf 91' lang='lat' dir='ltr'><strong>tertium</strong></span> <span class='ocrx_word' id='word_1_343' title='bbox 882 4110 1008 4179; x_wconf 89' lang='lat' dir='ltr'><strong>quatuor</strong></span> <span class='ocrx_word' id='word_1_344' title='bbox 1030 4110 1060 4162; x_wconf 91' lang='grc' dir='ltr'><strong>ιι</strong></span> <span class='ocrx_word' id='word_1_345' title='bbox 1081 4106 1126 4162; x_wconf 83' lang='grc' dir='ltr'><strong>ιιι</strong></span> <span class='ocrx_word' id='word_1_346' title='bbox 1148 4111 1367 4178; x_wconf 87' lang='lat' dir='ltr'><strong>consequenter.</strong></span> 
     </span>
    </p>

    <p class='ocr_par' dir='ltr' id='par_1_11' title="bbox 464 4187 1875 4619">
     <span class='ocr_line' id='line_1_39' title="bbox 553 4187 1819 4267; baseline -0.006 -10"><span class='ocrx_word' id='word_1_347' title='bbox 553 4196 618 4260; x_wconf 76' lang='lat' dir='ltr'><strong>Cirr</strong></span> <span class='ocrx_word' id='word_1_348' title='bbox 638 4212 703 4255; x_wconf 87' lang='grc' dir='ltr'><strong>ιιοιι</strong></span> <span class='ocrx_word' id='word_1_349' title='bbox 718 4195 896 4267; x_wconf 79' lang='lat' dir='ltr'><strong>inceperunt</strong></span> <span class='ocrx_word' id='word_1_350' title='bbox 917 4191 956 4249; x_wconf 88' lang='lat' dir='ltr'><strong>ab</strong></span> <span class='ocrx_word' id='word_1_351' title='bbox 972 4197 1145 4266; x_wconf 86' lang='lat' dir='ltr'><strong>aequalore,</strong></span> <span class='ocrx_word' id='word_1_352' title='bbox 1167 4197 1312 4266; x_wconf 79' lang='lat' dir='ltr'><strong>ponentes</strong></span> <span class='ocrx_word' id='word_1_353' title='bbox 1333 4187 1467 4247; x_wconf 85' lang='lat' dir='ltr'><strong>medium</strong></span> <span class='ocrx_word' id='word_1_354' title='bbox 1485 4190 1580 4263; x_wconf 81' lang='lat' dir='ltr'><strong>primi</strong></span> <span class='ocrx_word' id='word_1_355' title='bbox 1603 4188 1741 4263; x_wconf 85' lang='lat' dir='ltr'><strong>elimatis,</strong></span> <span class='ocrx_word' id='word_1_356' title='bbox 1765 4190 1819 4249; x_wconf 84' lang='lat' dir='ltr'><strong>ubi</strong></span> 
     </span>
     <span class='ocr_line' id='line_1_40' title="bbox 465 4278 1875 4363; baseline -0.006 -18"><span class='ocrx_word' id='word_1_357' title='bbox 465 4286 635 4363; x_wconf 69' lang='lat' dir='ltr'><strong>differentia</strong></span> <span class='ocrx_word' id='word_1_358' title='bbox 665 4281 725 4340; x_wconf 86' lang='lat' dir='ltr'><strong>diei</strong></span> <span class='ocrx_word' id='word_1_359' title='bbox 751 4286 780 4338; x_wconf 91' lang='lat' dir='ltr'><strong>et</strong></span> <span class='ocrx_word' id='word_1_360' title='bbox 801 4280 896 4339; x_wconf 83' lang='lat' dir='ltr'><strong>noctis</strong></span> <span class='ocrx_word' id='word_1_361' title='bbox 924 4285 965 4336; x_wconf 86' lang='lat' dir='ltr'><strong>est</strong></span> <span class='ocrx_word' id='word_1_362' title='bbox 986 4278 1080 4337; x_wconf 85' lang='lat' dir='ltr'><strong>borae</strong></span> <span class='ocrx_word' id='word_1_363' title='bbox 1105 4280 1216 4353; x_wconf 78' lang='lat' dir='ltr'><strong>uniar,</strong></span> <span class='ocrx_word' id='word_1_364' title='bbox 1247 4281 1323 4336; x_wconf 86' lang='lat' dir='ltr'><strong>sieut</strong></span> <span class='ocrx_word' id='word_1_365' title='bbox 1348 4292 1465 4351; x_wconf 85' lang='lat' dir='ltr'><strong>semper</strong></span> <span class='ocrx_word' id='word_1_366' title='bbox 1487 4278 1521 4333; x_wconf 86' lang='grc' dir='ltr'><strong>ιιι</strong></span> <span class='ocrx_word' id='word_1_367' title='bbox 1542 4280 1678 4351; x_wconf 81' lang='lat' dir='ltr'><strong>sequenti</strong></span> <span class='ocrx_word' id='word_1_368' title='bbox 1699 4278 1820 4337; x_wconf 84' lang='lat' dir='ltr'><strong>elimate</strong></span> <span class='ocrx_word' id='word_1_369' title='bbox 1872 4308 1875 4313; x_wconf 93' lang='lat'>·</span> 
     </span>
     <span class='ocr_line' id='line_1_41' title="bbox 464 4361 1816 4451; baseline -0.004 -20"><span class='ocrx_word' id='word_1_370' title='bbox 464 4373 636 4451; x_wconf 66' lang='lat' dir='ltr'><strong>‹liffweatia</strong></span> <span class='ocrx_word' id='word_1_371' title='bbox 657 4369 730 4428; x_wconf 83' lang='lat' dir='ltr'><strong>baec</strong></span> <span class='ocrx_word' id='word_1_372' title='bbox 751 4374 793 4425; x_wconf 87' lang='lat' dir='ltr'><strong>est</strong></span> <span class='ocrx_word' id='word_1_373' title='bbox 813 4384 880 4424; x_wconf 84' lang='lat' dir='ltr'><strong>una</strong></span> <span class='ocrx_word' id='word_1_374' title='bbox 902 4364 978 4425; x_wconf 83' lang='lat' dir='ltr'><strong>bora</strong></span> <span class='ocrx_word' id='word_1_375' title='bbox 1001 4365 1145 4427; x_wconf 70' lang='lat' dir='ltr'><strong>audior?</strong></span> <span class='ocrx_word' id='word_1_376' title='bbox 1175 4364 1273 4424; x_wconf 89' lang='lat' dir='ltr'><strong>Prima</strong></span> <span class='ocrx_word' id='word_1_377' title='bbox 1300 4365 1396 4440; x_wconf 87' lang='lat' dir='ltr'><strong>portio</strong></span> <span class='ocrx_word' id='word_1_378' title='bbox 1428 4361 1464 4421; x_wconf 90' lang='lat' dir='ltr'><strong>de</strong></span> <span class='ocrx_word' id='word_1_379' title='bbox 1494 4361 1551 4421; x_wconf 89' lang='lat' dir='ltr'><strong>bac</strong></span> <span class='ocrx_word' id='word_1_380' title='bbox 1573 4363 1724 4440; x_wconf 89' lang='lat' dir='ltr'><strong>aequabili</strong></span> <span class='ocrx_word' id='word_1_381' title='bbox 1745 4382 1816 4441; x_wconf 88' lang='lat' dir='ltr'><strong>pro·</strong></span> 
     </span>
     <span class='ocr_line' id='line_1_42' title="bbox 464 4449 1818 4537; baseline -0.006 -17"><span class='ocrx_word' id='word_1_382' title='bbox 464 4460 613 4537; x_wconf 76' lang='lat' dir='ltr'><strong>pressione</strong></span> <span class='ocrx_word' id='word_1_383' title='bbox 643 4473 696 4533; x_wconf 90' lang='lat' dir='ltr'><strong>por</strong></span> <span class='ocrx_word' id='word_1_384' title='bbox 723 4457 852 4530; x_wconf 88' lang='lat' dir='ltr'><strong>integras</strong></span> <span class='ocrx_word' id='word_1_385' title='bbox 882 4449 983 4526; x_wconf 89' lang='lat' dir='ltr'><strong>boras,</strong></span> <span class='ocrx_word' id='word_1_386' title='bbox 1016 4452 1195 4513; x_wconf 81' lang='lat' dir='ltr'><strong>differentiae</strong></span> <span class='ocrx_word' id='word_1_387' title='bbox 1224 4453 1297 4511; x_wconf 88' lang='lat' dir='ltr'><strong>inter</strong></span> <span class='ocrx_word' id='word_1_388' title='bbox 1327 4449 1405 4509; x_wconf 90' lang='lat' dir='ltr'><strong>diem</strong></span> <span class='ocrx_word' id='word_1_389' title='bbox 1427 4449 1629 4526; x_wconf 78' lang='lat' dir='ltr'><strong>longissimam</strong></span> <span class='ocrx_word' id='word_1_390' title='bbox 1652 4459 1682 4512; x_wconf 90' lang='lat' dir='ltr'><strong>at</strong></span> <span class='ocrx_word' id='word_1_391' title='bbox 1703 4459 1818 4512; x_wconf 88' lang='lat' dir='ltr'><strong>noctem</strong></span> 
     </span>
     <span class='ocr_line' id='line_1_43' title="bbox 465 4537 1817 4619; baseline -0.006 -11"><span class='ocrx_word' id='word_1_392' title='bbox 465 4547 681 4617; x_wconf 74' lang='lat' dir='ltr'><strong>brevissimam,</strong></span> <span class='ocrx_word' id='word_1_393' title='bbox 712 4544 753 4602; x_wconf 92' lang='lat' dir='ltr'><strong>cis</strong></span> <span class='ocrx_word' id='word_1_394' title='bbox 776 4548 806 4599; x_wconf 89' lang='lat' dir='ltr'><strong>ct</strong></span> <span class='ocrx_word' id='word_1_395' title='bbox 828 4539 906 4613; x_wconf 87' lang='lat' dir='ltr'><strong>ultra</strong></span> <span class='ocrx_word' id='word_1_396' title='bbox 928 4549 1118 4616; x_wconf 83' lang='lat' dir='ltr'><strong>aequatorem</strong></span> <span class='ocrx_word' id='word_1_397' title='bbox 1142 4543 1187 4619; x_wconf 88' lang='lat' dir='ltr'><strong>(ut</strong></span> <span class='ocrx_word' id='word_1_398' title='bbox 1208 4546 1237 4599; x_wconf 90' lang='lat' dir='ltr'><strong>et</strong></span> <span class='ocrx_word' id='word_1_399' title='bbox 1260 4537 1356 4598; x_wconf 90' lang='lat' dir='ltr'><strong>media</strong></span> <span class='ocrx_word' id='word_1_400' title='bbox 1377 4539 1458 4614; x_wconf 90' lang='lat' dir='ltr'><strong>regio</strong></span> <span class='ocrx_word' id='word_1_401' title='bbox 1481 4537 1566 4597; x_wconf 91' lang='lat' dir='ltr'><strong>sub</strong></span> <span class='ocrx_word' id='word_1_402' title='bbox 1559 4555 1624 4615; x_wconf 86' lang='lat' dir='ltr'><strong>rpso</strong></span> <span class='ocrx_word' id='word_1_403' title='bbox 1648 4547 1817 4615; x_wconf 89' lang='lat' dir='ltr'><strong>aequatore,</strong></span> 
     </span>
    </p>
   </div>
   <div class='ocr_carea' id='block_1_3' title="bbox 464 4621 1921 4710">
    <p class='ocr_par' dir='ltr' id='par_1_12' title="bbox 464 4621 1921 4710">
     <span class='ocr_line' id='line_1_44' title="bbox 464 4621 1921 4710; baseline -0.007 -16"><span class='ocrx_word' id='word_1_404' title='bbox 464 4639 492 4694; x_wconf 91' lang='lat' dir='ltr'><strong>in</strong></span> <span class='ocrx_word' id='word_1_405' title='bbox 516 4634 602 4710; x_wconf 87' lang='lat' dir='ltr'><strong>cujus</strong></span> <span class='ocrx_word' id='word_1_406' title='bbox 624 4630 721 4690; x_wconf 89' lang='lat' dir='ltr'><strong>medio</strong></span> <span class='ocrx_word' id='word_1_407' title='bbox 745 4628 908 4688; x_wconf 82' lang='lat' dir='ltr'><strong>differentia</strong></span> <span class='ocrx_word' id='word_1_408' title='bbox 936 4627 1011 4687; x_wconf 91' lang='lat' dir='ltr'><strong>baec</strong></span> <span class='ocrx_word' id='word_1_409' title='bbox 1040 4637 1084 4686; x_wconf 87' lang='lat' dir='ltr'><strong>est</strong></span> <span class='ocrx_word' id='word_1_410' title='bbox 1106 4621 1203 4706; x_wconf 87' lang='lat' dir='ltr'><strong>nulla)</strong></span> <span class='ocrx_word' id='word_1_411' title='bbox 1237 4624 1302 4685; x_wconf 90' lang='lat' dir='ltr'><strong>ideo</strong></span> <span class='ocrx_word' id='word_1_412' title='bbox 1333 4642 1391 4684; x_wconf 89' lang='lat' dir='ltr'><strong>non</strong></span> <span class='ocrx_word' id='word_1_413' title='bbox 1414 4625 1468 4683; x_wconf 90' lang='lat' dir='ltr'><strong>luit</strong></span> <span class='ocrx_word' id='word_1_414' title='bbox 1490 4631 1643 4686; x_wconf 86' lang='lat' dir='ltr'><strong>numerata</strong></span> <span class='ocrx_word' id='word_1_415' title='bbox 1665 4627 1740 4686; x_wconf 90' lang='lat' dir='ltr'><strong>inter</strong></span> <span class='ocrx_word' id='word_1_416' title='bbox 1762 4625 1816 4686; x_wconf 92' lang='lat' dir='ltr'><strong>cli·</strong></span> <span class='ocrx_word' id='word_1_417' title='bbox 1916 4696 1921 4700; x_wconf 41' lang='grc'><strong>,</strong></span> 
     </span>
    </p>
   </div>
   <div class='ocr_carea' id='block_1_4' title="bbox 456 4712 1883 5143">
    <p class='ocr_par' dir='ltr' id='par_1_13' title="bbox 456 4712 1883 5143">
     <span class='ocr_line' id='line_1_45' title="bbox 465 4712 1883 4798; baseline -0.009 -15"><span class='ocrx_word' id='word_1_418' title='bbox 465 4732 561 4793; x_wconf 87' lang='lat' dir='ltr'><strong>mata,</strong></span> <span class='ocrx_word' id='word_1_419' title='bbox 595 4721 666 4796; x_wconf 87' lang='lat' dir='ltr'><strong>quis</strong></span> <span class='ocrx_word' id='word_1_420' title='bbox 689 4716 817 4777; x_wconf 89' lang='lat' dir='ltr'><strong>debebat</strong></span> <span class='ocrx_word' id='word_1_421' title='bbox 839 4717 927 4776; x_wconf 87' lang='lat' dir='ltr'><strong>etiarn</strong></span> <span class='ocrx_word' id='word_1_422' title='bbox 950 4714 1070 4789; x_wconf 87' lang='lat' dir='ltr'><strong>aliquod</strong></span> <span class='ocrx_word' id='word_1_423' title='bbox 1089 4716 1201 4791; x_wconf 88' lang='lat' dir='ltr'><strong>justum</strong></span> <span class='ocrx_word' id='word_1_424' title='bbox 1230 4715 1358 4789; x_wconf 91' lang='lat' dir='ltr'><strong>spatium</strong></span> <span class='ocrx_word' id='word_1_425' title='bbox 1387 4713 1516 4790; x_wconf 86' lang='lat' dir='ltr'><strong>reputari</strong></span> <span class='ocrx_word' id='word_1_426' title='bbox 1538 4730 1591 4789; x_wconf 93' lang='lat' dir='ltr'><strong>pro</strong></span> <span class='ocrx_word' id='word_1_427' title='bbox 1614 4721 1693 4774; x_wconf 87' lang='lat' dir='ltr'><strong>recto</strong></span> <span class='ocrx_word' id='word_1_428' title='bbox 1717 4712 1818 4773; x_wconf 87' lang='lat' dir='ltr'><strong>mundi</strong></span> <span class='ocrx_word' id='word_1_429' title='bbox 1880 4789 1883 4798; x_wconf 71' lang='lat'><strong>,</strong></span> 
     </span>
     <span class='ocr_line' id='line_1_46' title="bbox 465 4799 1880 4880; baseline -0.007 -11"><span class='ocrx_word' id='word_1_430' title='bbox 465 4812 521 4869; x_wconf 90' lang='lat' dir='ltr'><strong>situ</strong></span> <span class='ocrx_word' id='word_1_431' title='bbox 544 4815 575 4869; x_wconf 90' lang='lat' dir='ltr'><strong>et</strong></span> <span class='ocrx_word' id='word_1_432' title='bbox 597 4823 656 4866; x_wconf 90' lang='lat' dir='ltr'><strong>uon</strong></span> <span class='ocrx_word' id='word_1_433' title='bbox 680 4804 829 4877; x_wconf 87' lang='lat' dir='ltr'><strong>inclinato,</strong></span> <span class='ocrx_word' id='word_1_434' title='bbox 853 4803 937 4879; x_wconf 88' lang='lat' dir='ltr'><strong>cujus</strong></span> <span class='ocrx_word' id='word_1_435' title='bbox 959 4809 1092 4878; x_wconf 90' lang='lat' dir='ltr'><strong>respectu</strong></span> <span class='ocrx_word' id='word_1_436' title='bbox 1116 4805 1190 4861; x_wconf 91' lang='lat' dir='ltr'><strong>situs</strong></span> <span class='ocrx_word' id='word_1_437' title='bbox 1213 4802 1299 4861; x_wconf 90' lang='lat' dir='ltr'><strong>ceteri</strong></span> <span class='ocrx_word' id='word_1_438' title='bbox 1317 4802 1449 4874; x_wconf 78' lang='grc' dir='ltr'><strong>κλιματιι,</strong></span> <span class='ocrx_word' id='word_1_439' title='bbox 1474 4799 1530 4859; x_wconf 88' lang='lat' dir='ltr'><strong>hoc</strong></span> <span class='ocrx_word' id='word_1_440' title='bbox 1552 4807 1596 4859; x_wconf 89' lang='lat' dir='ltr'><strong>est</strong></span> <span class='ocrx_word' id='word_1_441' title='bbox 1610 4801 1819 4861; x_wconf 88' lang='lat' dir='ltr'><strong>inclinamenta</strong></span> <span class='ocrx_word' id='word_1_442' title='bbox 1876 4875 1880 4880; x_wconf 23' lang='grc' dir='ltr'>Ι</span> 
     </span>
     <span class='ocr_line' id='line_1_47' title="bbox 467 4881 1819 4973; baseline -0.01 -16"><span class='ocrx_word' id='word_1_443' title='bbox 467 4896 522 4957; x_wconf 92' lang='lat' dir='ltr'><strong>dici</strong></span> <span class='ocrx_word' id='word_1_444' title='bbox 544 4901 675 4973; x_wconf 89' lang='lat' dir='ltr'><strong>possent</strong></span> <span class='ocrx_word' id='word_1_445' title='bbox 723 4891 819 4968; x_wconf 87' lang='lat' dir='ltr'><strong>Quare</strong></span> <span class='ocrx_word' id='word_1_446' title='bbox 841 4892 917 4949; x_wconf 87' lang='lat' dir='ltr'><strong>siant</strong></span> <span class='ocrx_word' id='word_1_447' title='bbox 939 4888 1014 4948; x_wconf 91' lang='lat' dir='ltr'><strong>alias</strong></span> <span class='ocrx_word' id='word_1_448' title='bbox 1035 4891 1064 4947; x_wconf 91' lang='lat' dir='ltr'><strong>iu</strong></span> <span class='ocrx_word' id='word_1_449' title='bbox 1087 4889 1270 4949; x_wconf 82' lang='lat' dir='ltr'><strong>arithmetica</strong></span> <span class='ocrx_word' id='word_1_450' title='bbox 1292 4885 1465 4964; x_wconf 80' lang='lat' dir='ltr'><strong>generaliter</strong></span> <span class='ocrx_word' id='word_1_451' title='bbox 1488 4881 1599 4947; x_wconf 86' lang='lat' dir='ltr'><strong>udmari</strong></span> <span class='ocrx_word' id='word_1_452' title='bbox 1623 4890 1664 4961; x_wconf 74' lang='lat'><strong>⁶2,</strong></span> <span class='ocrx_word' id='word_1_453' title='bbox 1687 4889 1722 4961; x_wconf 84' lang='lat'><strong>3,</strong></span> <span class='ocrx_word' id='word_1_454' title='bbox 1746 4892 1766 4944; x_wconf 88' lang='grc'>4</span> <span class='ocrx_word' id='word_1_455' title='bbox 1789 4895 1819 4948; x_wconf 82' lang='grc' dir='ltr'><strong>ιι</strong></span> 
     </span>
     <span class='ocr_line' id='line_1_48' title="bbox 456 4973 1818 5060; baseline -0.007 -18"><span class='ocrx_word' id='word_1_456' title='bbox 456 4984 571 5060; x_wconf 83' lang='lat' dir='ltr'><strong>reliqui</strong></span> <span class='ocrx_word' id='word_1_457' title='bbox 594 4986 727 5058; x_wconf 87' lang='lat' dir='ltr'><strong>respectu</strong></span> <span class='ocrx_word' id='word_1_458' title='bbox 754 4982 768 5038; x_wconf 96' lang='lat' dir='ltr'><strong>l</strong></span> <span class='ocrx_word' id='word_1_459' title='bbox 793 4973 937 5059; x_wconf 90' lang='lat' dir='ltr'><strong>(unitatis)</strong></span> <span class='ocrx_word' id='word_1_460' title='bbox 960 4976 1094 5036; x_wconf 88' lang='lat' dir='ltr'><strong>dicuntur</strong></span> <span class='ocrx_word' id='word_1_461' title='bbox 1114 4977 1237 5043; x_wconf 85' lang='lat' dir='ltr'><strong>numeri,</strong></span> <span class='ocrx_word' id='word_1_462' title='bbox 1261 4977 1358 5034; x_wconf 90' lang='lat' dir='ltr'><strong>unitas</strong></span> <span class='ocrx_word' id='word_1_463' title='bbox 1379 4990 1448 5033; x_wconf 87' lang='lat' dir='ltr'><strong>vero</strong></span> <span class='ocrx_word' id='word_1_464' title='bbox 1471 4976 1625 5035; x_wconf 77' lang='lat' dir='ltr'><strong>uon‘renit</strong></span> <span class='ocrx_word' id='word_1_465' title='bbox 1647 4976 1677 5031; x_wconf 88' lang='lat' dir='ltr'><strong>in</strong></span> <span class='ocrx_word' id='word_1_466' title='bbox 1700 4991 1818 5035; x_wconf 88' lang='lat' dir='ltr'><strong>censam</strong></span> 
     </span>
     <span class='ocr_line' id='line_1_49' title="bbox 470 5060 1817 5143; baseline -0.007 -14"><span class='ocrx_word' id='word_1_467' title='bbox 470 5087 662 5143; x_wconf 90' lang='lat' dir='ltr'><strong>numerorum,</strong></span> <span class='ocrx_word' id='word_1_468' title='bbox 685 5065 737 5127; x_wconf 87' lang='lat' dir='ltr'><strong>sed</strong></span> <span class='ocrx_word' id='word_1_469' title='bbox 759 5066 904 5125; x_wconf 80' lang='lat' dir='ltr'><strong>statuitur</strong></span> <span class='ocrx_word' id='word_1_470' title='bbox 919 5081 972 5140; x_wconf 90' lang='lat' dir='ltr'><strong>pro</strong></span> <span class='ocrx_word' id='word_1_471' title='bbox 995 5063 1109 5123; x_wconf 86' lang='lat' dir='ltr'><strong>illorum</strong></span> <span class='ocrx_word' id='word_1_472' title='bbox 1133 5064 1286 5140; x_wconf 90' lang='lat' dir='ltr'><strong>principio:</strong></span> <span class='ocrx_word' id='word_1_473' title='bbox 1309 5064 1352 5121; x_wconf 91' lang='lat' dir='ltr'><strong>sic</strong></span> <span class='ocrx_word' id='word_1_474' title='bbox 1374 5063 1462 5121; x_wconf 90' lang='lat' dir='ltr'><strong>etiam</strong></span> <span class='ocrx_word' id='word_1_475' title='bbox 1484 5061 1532 5121; x_wconf 91' lang='lat' dir='ltr'><strong>hic</strong></span> <span class='ocrx_word' id='word_1_476' title='bbox 1552 5060 1703 5122; x_wconf 90' lang='lat' dir='ltr'><strong>inclinatio</strong></span> <span class='ocrx_word' id='word_1_477' title='bbox 1726 5068 1817 5137; x_wconf 82' lang='lat' dir='ltr'><strong>tauta,</strong></span> 
     </span>
    </p>
   </div>
   <div class='ocr_carea' id='block_1_5' title="bbox 472 5145 1934 5234">
    <p class='ocr_par' dir='ltr' id='par_1_14' title="bbox 472 5145 1934 5234">
     <span class='ocr_line' id='line_1_50' title="bbox 472 5145 1934 5234; baseline -0.005 -17"><span class='ocrx_word' id='word_1_478' title='bbox 472 5177 544 5234; x_wconf 88' lang='lat' dir='ltr'><strong>quae</strong></span> <span class='ocrx_word' id='word_1_479' title='bbox 574 5156 721 5218; x_wconf 75' lang='lat' dir='ltr'><strong>efficiebat</strong></span> <span class='ocrx_word' id='word_1_480' title='bbox 748 5156 778 5212; x_wconf 91' lang='lat' dir='ltr'><strong>in</strong></span> <span class='ocrx_word' id='word_1_481' title='bbox 808 5152 904 5212; x_wconf 86' lang='lat' dir='ltr'><strong>medio</strong></span> <span class='ocrx_word' id='word_1_482' title='bbox 927 5151 1028 5212; x_wconf 88' lang='lat' dir='ltr'><strong>boram</strong></span> <span class='ocrx_word' id='word_1_483' title='bbox 1051 5168 1154 5224; x_wconf 87' lang='lat' dir='ltr'><strong>unam,</strong></span> <span class='ocrx_word' id='word_1_484' title='bbox 1188 5167 1246 5208; x_wconf 90' lang='lat' dir='ltr'><strong>nou</strong></span> <span class='ocrx_word' id='word_1_485' title='bbox 1274 5149 1375 5209; x_wconf 85' lang='lat' dir='ltr'><strong>habita</strong></span> <span class='ocrx_word' id='word_1_486' title='bbox 1402 5147 1458 5208; x_wconf 85' lang='lat' dir='ltr'><strong>luit</strong></span> <span class='ocrx_word' id='word_1_487' title='bbox 1478 5166 1531 5228; x_wconf 88' lang='lat' dir='ltr'><strong>pro</strong></span> <span class='ocrx_word' id='word_1_488' title='bbox 1554 5145 1743 5210; x_wconf 87' lang='lat' dir='ltr'><strong>inclinatione</strong></span> <span class='ocrx_word' id='word_1_489' title='bbox 1765 5167 1818 5211; x_wconf 89' lang='lat' dir='ltr'><strong>seu</strong></span> <span class='ocrx_word' id='word_1_490' title='bbox 1932 5157 1934 5162; x_wconf 87' lang='grc'><strong>’</strong></span> 
     </span>
    </p>
   </div>
   <div class='ocr_carea' id='block_1_6' title="bbox 473 5234 1819 5320">
    <p class='ocr_par' dir='ltr' id='par_1_15' title="bbox 473 5234 1819 5320">
     <span class='ocr_line' id='line_1_51' title="bbox 473 5234 1819 5320; baseline -0.006 -12"><span class='ocrx_word' id='word_1_491' title='bbox 473 5245 595 5308; x_wconf 87' lang='lat' dir='ltr'><strong>climate.</strong></span> <span class='ocrx_word' id='word_1_492' title='bbox 641 5243 774 5320; x_wconf 81' lang='lat' dir='ltr'><strong>Accessit</strong></span> <span class='ocrx_word' id='word_1_493' title='bbox 796 5240 857 5304; x_wconf 90' lang='lat' dir='ltr'><strong>alia</strong></span> <span class='ocrx_word' id='word_1_494' title='bbox 878 5257 977 5317; x_wconf 86' lang='lat' dir='ltr'><strong>causa,</strong></span> <span class='ocrx_word' id='word_1_495' title='bbox 1001 5238 1078 5317; x_wconf 90' lang='lat' dir='ltr'><strong>quod</strong></span> <span class='ocrx_word' id='word_1_496' title='bbox 1100 5240 1241 5299; x_wconf 86' lang='lat' dir='ltr'><strong>interiora</strong></span> <span class='ocrx_word' id='word_1_497' title='bbox 1262 5245 1291 5299; x_wconf 91' lang='lat' dir='ltr'><strong>et</strong></span> <span class='ocrx_word' id='word_1_498' title='bbox 1312 5238 1466 5315; x_wconf 89' lang='lat' dir='ltr'><strong>aequatori</strong></span> <span class='ocrx_word' id='word_1_499' title='bbox 1486 5238 1619 5315; x_wconf 85' lang='lat' dir='ltr'><strong>proxima</strong></span> <span class='ocrx_word' id='word_1_500' title='bbox 1640 5234 1707 5301; x_wconf 89' lang='lat' dir='ltr'><strong>loca</strong></span> <span class='ocrx_word' id='word_1_501' title='bbox 1722 5238 1819 5300; x_wconf 88' lang='lat' dir='ltr'><strong>minus</strong></span> 
     </span>
    </p>
   </div>
   <div class='ocr_carea' id='block_1_7' title="bbox 0 0 2243 6275">
    <p class='ocr_par' dir='ltr' id='par_1_16' title="bbox 0 0 2243 6275">
     <span class='ocr_line' id='line_1_52' title="bbox 0 0 2243 6275; baseline 0 0"><span class='ocrx_word' id='word_1_502' title='bbox 0 0 2243 6275; x_wconf 95' lang='lat' dir='ltr'><strong> </strong></span> 
     </span>
    </p>
   </div>
  </div>
 </body>
</html>
