4459 6275
865 790 869 814 ²
902 776 1135 867 mesconem.
1168 796 1236 853 uns
1253 794 1353 865 erma.
1624 862 1627 869 ,
1724 798 1787 863 nrt

434 976 484 1035 sui
505 975 633 1053 imsgine
654 975 711 1035 sibi
733 975 917 1054 compleceet
936 992 1029 1053 seque
1050 977 1147 1054 ipsum
1169 974 1361 1037 illumintndo
1383 975 1515 1051 illustret,
1539 972 1721 1037 celicolendn
1742 975 1790 1032 in·

435 1061 552 1123 meme
597 1062 665 1124 linc
684 1065 831 1140 pertinent
854 1063 992 1125 versiculi
1014 1064 1127 1125 melici:

856 1200 942 1257 Terens
960 1202 1008 1271 poi
1022 1201 1123 1270 secum
1140 1200 1255 1271 inspicis

859 1410 981 1467 Viiresse
992 1428 1046 1481 per
1060 1413 1146 1467 isene
1160 1413 1295 1480 Μήνη

853 1479 1009 1553 dirlpsrm
1025 1484 1158 1550 scatebra,
1176 1481 1235 1550 Sol,

857 1550 934 1621 Quae
950 1551 1054 1621 rrflccc
1070 1552 1200 1609 resorbet.

527 1690 712 1766 copsrninrs
733 1697 837 1749 temen
854 1690 960 1774 ,domm
981 1708 1046 1753 non
1065 1696 1190 1768 penitere
1210 1698 1244 1754 in
1263 1696 1365 1770 ipsum
1383 1692 1494 1753 mnndi
1510 1698 1647 1752 cmtrrsm
1661 1692 1785 1769 redepit.

434 1778 504 1837 Hoc
533 1778 588 1837 init
615 1779 758 1837 intentum
781 1777 936 1855 Gopernici
964 1778 1132 1855 ostendere,
1165 1781 1245 1859 quod
1272 1781 1366 1842 nodus
1397 1781 1447 1840 ilie
1470 1781 1633 1840 communis
1655 1780 1787 1840 omnium

434 1872 630 1945 systematum
652 1863 890 1942 planetariorum,
914 1866 951 1927 de
974 1884 1033 1944 qno
1056 1868 1139 1943 inire,
1164 1877 1277 1930 tentum
1300 1868 1387 1929 distet
1409 1885 1428 1927 e
1450 1874 1549 1928 ceotm
1572 1866 1664 1943 Solis,
1688 1884 1787 1943 qusn-

433 1960 498 2014 tem
519 1960 635 2014 vetem
664 1953 775 2012 isciunt
797 1952 874 2013 Solis
903 1956 1162 2016 eccentricitstern:
1193 1972 1281 2033 quem
1309 1955 1417 2017 nodum
1448 1957 1512 2034 ipso
1534 1961 1664 2015 centrum
1686 1955 1788 2014 mundi

434 2042 550 2115 sumit,
573 2038 657 2099 nulle
679 2038 926 2102 demonstratione
948 2045 1145 2104 setronomics
1166 2044 1297 2119 eductus,
1321 2044 1373 2105 sed
1388 2052 1507 2121 propter
1529 2042 1622 2102 solem
1637 2044 1788 2103 concinni.-

434 2136 544 2202 tstcm,
574 2144 612 2187 ne
640 2124 767 2188 differret
793 2125 843 2188 ille
873 2129 967 2189 nodus
990 2137 1020 2190 ct
1041 2146 1194 2193 commune
1218 2131 1310 2194 veluti
1333 2140 1463 2193 centrum
1487 2131 1601 2190 orbium
1634 2129 1787 2190 mobilium

434 2216 475 2276 sb
498 2217 647 2295 ipsissimo
668 2221 769 2276 centro
790 2215 901 2276 mnndi.
945 2218 1059 2294 Quodsi
1086 2220 1153 2296 quis
1175 2219 1251 2280 nlius
1280 2218 1383 2281 eedem
1407 2220 1602 2280 concinnitste
1623 2235 1695 2279 neus
1718 2234 1790 2278 eon·

434 2302 556 2364 tendere
572 2302 722 2377 voluisset,
745 2301 819 2363 illud
841 2306 939 2382 potius
961 2323 1026 2366 cese
1048 2305 1222 2380 carendum,
1245 2324 1282 2368 ne
1305 2306 1404 2369 Solem
1419 2309 1515 2387 ipsum
1538 2312 1671 2367 seentro
1686 2306 1786 2367 mundi

434 2390 551 2451 omens
572 2390 725 2465 ieclsmus,
748 2391 878 2450 sinodo
901 2392 943 2450 illi
965 2393 1093 2468 regionis
1114 2394 1267 2454 mobilium
1285 2394 1427 2469 sufficere,
1451 2400 1555 2454 utrici
1571 2395 1711 2473 proxime,
1735 2394 1789 2454 etsi

433 2494 496 2539 non
518 2479 560 2537 sit
582 2475 668 2556 piene
691 2480 809 2555 inipso
832 2486 947 2539 centro:
981 2483 1032 2557 qui
1055 2480 1110 2541 hoc
1134 2483 1254 2558 inquam
1276 2481 1451 2543 contendere
1473 2482 1636 2552 voluisset,
1667 2483 1692 2541 is
1718 2480 1790 2540 nihil

434 2566 585 2626 turbessei
613 2567 643 2623 in
670 2567 851 2626 astronomis
874 2567 1086 2645 Cepernicsns.
1131 2568 1179 2627 Its
1206 2571 1300 2647 primo
1328 2571 1415 2630 etiem
1444 2584 1496 2646 per
1517 2567 1593 2628 lrsnc
1622 2570 1790 2645 opinionem

435 2654 603 2730 conemini,
625 2653 794 2713 distentione
817 2671 857 2714 ec
880 2654 951 2713 nodi
973 2654 1052 2714 illius
1074 2674 1093 2716 n
1115 2655 1194 2731 Solo,
1217 2663 1388 2736 permanent
1409 2655 1597 2715 nihilominus
1619 2664 1792 2733 arguments

435 2741 542 2801 nltlms
565 2738 691 2801 deloco
714 2739 793 2800 Solis
815 2742 844 2798 in
868 2743 933 2820 ipso
956 2750 1069 2817 centro,
1097 2744 1228 2804 secundo
1252 2761 1321 2805 vero
1344 2761 1381 2805 ne
1404 2743 1523 2822 quidem
1546 2742 1790 2822 acquiescendum

435 2836 482 2891 est
503 2828 574 2888 lruic
596 2828 727 2905 opinioni
744 2828 908 2906 (lopernicl,
932 2831 1012 2907 quod
1034 2830 1131 2890 nodus
1153 2831 1202 2892 ille
1225 2832 1337 2893 ssolts
1361 2838 1459 2895 centro
1482 2830 1578 2891 distet.
1616 2831 1692 2892 Nem
1709 2848 1791 2891 com·

434 2916 535 2989 munis
564 2914 615 2975 iiie
642 2914 737 2975 nodus
766 2918 895 2993 regionis
922 2918 1074 2978 mobilium
1105 2927 1150 2978 eet
1181 2922 1209 2978 iu
1239 2922 1304 2997 ipso
1327 2919 1409 2995 Sole,
1438 2926 1472 2979 ut
1501 2919 1576 2978 inire
1603 2919 1789 2996 probabiturr

434 3007 538 3081 itaque
561 3002 784 3080 quibuscunque
807 3004 1111 3066 verisimilitudinibus
1135 3005 1183 3066 uel
1207 3025 1297 3067 unum
1319 3007 1368 3068 uei
1391 3006 1515 3068 slterum
1537 3007 1658 3068 reicrtur
1672 3008 1702 3065 in
1719 3024 1789 3068 cen·

434 3101 512 3153 trum
536 3092 633 3169 ipsum
655 3090 798 3169 sphserse
820 3091 952 3169 ilxsrum,
976 3091 1079 3156 iisdem
1103 3094 1192 3156 etism
1213 3095 1356 3175 reliquum
1379 3093 1483 3157 eodem
1506 3092 1646 3174 redigitur
1662 3093 1709 3157 vel
1725 3097 1803 3175 ipso·

434 3181 600 3261 Gopemico
623 3179 814 3259 spprobsnts.

718 3338 773 3397 111.
804 3337 854 3399 De
876 3337 1073 3399 mobilium
1095 3338 1343 3417 sphserernm
1366 3340 1511 3402 ordino.

525 3477 684 3556 Quomodo
697 3478 939 3554 distinpssntsr
961 3481 1041 3539 inter
1061 3497 1092 3540 se
1110 3479 1277 3557 piamine?
1312 3480 1346 3539 Iu
1369 3478 1523 3560 primerioe
1537 3488 1568 3542 ot
1581 3479 1789 3558 secundarium

434 3566 564 3644 primarii
586 3572 670 3640 sont,
701 3582 971 3644 quornm-corpore
993 3567 1069 3627 circs
1090 3566 1192 3632 Solem
1215 3568 1376 3640 vehuntur,
1399 3575 1433 3627 ut
1456 3568 1530 3630 inire
1551 3567 1718 3642 docebitur,
1740 3586 1789 3629 se-

435 3650 569 3714 cundarii
590 3661 676 3734 sunt,
700 3670 824 3731 querum
847 3649 947 3714 circuli
971 3654 1079 3732 proprii
1101 3671 1161 3716 non
1183 3656 1259 3717 circu
1275 3655 1384 3724 Solem,
1406 3655 1460 3716 sed
1482 3657 1560 3718 elren
1582 3672 1672 3716 unum
1695 3657 1789 3735 epri-
1858 3665 1861 3672 '

434 3743 534 3802 mariis
555 3737 689 3819 ,planetis
719 3740 903 3816 ordinentur,
918 3743 1101 3819 'quibusque
1130 3751 1246 3819 praeter
1273 3751 1384 3803 motum
1406 3744 1555 3822 proprium
1583 3744 1661 3804 circs
1683 3760 1789 3820 corpus

434 3828 565 3908 primerii
589 3828 677 3888 etism
699 3836 796 3894 motus
818 3831 864 3889 sni
887 3830 1015 3908 primarii
1037 3829 1114 3889 circe
1136 3829 1236 3891 Solem
1264 3831 1426 3892 communis
1457 3839 1518 3906 eet;
1550 3829 1624 3892 telee
1646 3829 1790 3891 Saturnus

433 3915 544 3998 hebere
567 3913 730 3994 secumque
747 3916 970 3998 circumducere¹
984 3915 1109 3977 creditur
1131 3916 1220 3991 duos,
1249 3920 1300 3995 qul
1331 3916 1476 3978 interdurn
1506 3936 1562 3997 ope
1584 3915 1736 3995 telesoopii
1759 3918 1789 3976 in

433 4009 626 4084 conspectum
655 4005 802 4065 veniunt·
832 4001 921 4064 Tales
950 4003 1068 4081 J'upiter
1098 4002 1189 4064 hebet
1217 4006 1294 4067 circs
1322 4023 1354 4067 ee
1385 4013 1527 4084 quotuor,
1558 4003 1659 4066 Tellus
1690 4022 1789 4080 unum,

435 4091 521 4152 ianus
545 4089 663 4152 dictum.
708 4092 755 4152 De
777 4089 888 4166 Merte,
912 4089 1038 4170 Venere,
1062 4087 1217 4166 Mercurio,
1240 4094 1386 4169 primariis
1408 4102 1437 4154 ei
1461 4094 1542 4172 ipsis,
1565 4089 1695 4153 nondum
1717 4110 1790 4153 con·

434 4185 503 4254 stet,
529 4196 600 4237 num
623 4185 653 4238 et
675 4177 717 4239 ilii
742 4180 863 4254 comites
885 4196 937 4239 eeu
961 4177 1131 4239 satellitium
1154 4179 1213 4240 tele
1235 4179 1373 4242 hebesnt
1408 4225 1411 4234 .

525 4283 607 4362 Quot
628 4301 699 4360 erpo
719 4291 791 4344 sunt
806 4287 841 4343 irs
855 4283 996 4344 docem
1017 4284 1151 4345 tlteorice
1169 4284 1312 4361 nassae
1333 4283 1571 4346 comidercndii
1601 4282 1667 4343 Non
1690 4283 1789 4360 plures

433 4381 565 4452 septcrn3
587 4388 640 4431 sex
661 4370 781 4446 quidem
804 4371 875 4431 dicti
896 4373 1042 4448 primsrii:
1069 4369 1098 4452 1)
1117 4371 1270 4445 saturnus,
1294 4369 1326 4452 i)
1340 4371 1469 4451 Jupiter,
1493 4369 1525 4452 3)
1539 4371 1630 4444 Mers,
1652 4368 1684 4450 i)
1698 4371 1791 4434 Terre

432 4459 499 4539 (Sol
521 4458 562 4520 ed
585 4459 708 4532 visum),
741 4456 771 4538 5)
794 4458 908 4532 Venus,
939 4457 969 4537 6)
991 4458 1154 4520 Mercurius
1176 4467 1206 4520 et
1236 4460 1267 4536 7)
1292 4462 1396 4521 unicus
1424 4459 1660 4532 seecundsrils,
1692 4458 1786 4535 inune,

433 4551 507 4627 quis
527 4545 595 4608 sols
616 4547 695 4607 circs
715 4544 871 4619 Tellurem,
897 4555 1026 4606 nostrum
1050 4546 1230 4608 domicilium
1247 4547 1392 4623 volvitur3
1415 4549 1505 4610 ceteri
1529 4546 1693 4610 secundem
1717 4546 1788 4608 nihii

433 4654 489 4698 nos
512 4635 650 4707 ettlncnt,
680 4635 731 4709 qui
753 4633 879 4696 Telluris
901 4651 1002 4695 sumus
1025 4634 1154 4709 incolse,
1186 4651 1241 4696 uec
1268 4652 1320 4696 eos
1346 4635 1410 4697 sine
1432 4635 1601 4698 lectissimis
1618 4633 1789 4713 'telesoopiis

433 4722 640 4801 conspicimus.
1850 4773 1853 4780 .

524 4824 1789 4905 Qnoordinedirporitisuntinterssplenstes,nsonineodemcoeiorunt,

432 4933 479 4976 nn
507 4918 545 4994 in
574 4914 723 4974 munds?
755 4914 845 4974 Visne
874 4913 993 4991 quidem
1024 4921 1125 4974 ornnes
1154 4917 1183 4973 in
1214 4932 1351 4991 supreme
1372 4922 1403 4976 et
1424 4912 1568 4975 citissime
1590 4914 1642 4975 iiis
1663 4914 1786 4973 ffimum

433 5002 563 5083 ephesso
592 5000 718 5086 collocet
745 4993 878 5078 interque
904 5002 979 5063 fixus
1008 5004 1090 5080 ipses
1117 5000 1277 5062 discurrere
1305 5005 1452 5080 opinetur.
1497 5002 1537 5060 At
1560 5003 1635 5062 rstio
1658 5002 1786 5060 emnium

434 5101 602 5167 temporum
622 5090 813 5168 omniumque
835 5098 980 5151 recturum
1003 5089 1171 5150 bominibus
1194 5089 1342 5150 diversum
1364 5092 1466 5151 sensit
1511 5089 1588 5150 Nem
1609 5090 1634 5148 si
1658 5088 1788 5147 omnium

434 5183 537 5240 'ceum
564 5179 594 5238 in
624 5175 727 5237 codem
751 5186 849 5239 essent
870 5178 954 5253 orbe,
985 5193 1050 5240 cum
1076 5176 1227 5237 vtdmmns
1250 5177 1317 5238 illos
1339 5180 1415 5238 iuter
1436 5196 1468 5240 se
1491 5175 1530 5239 nd
1553 5179 1648 5237 visum
1670 5177 1789 5256 stspiue
