4459 6275
912 762 956 820 De
982 763 1110 834 Epitoma
1132 763 1330 825 1111111111
1751 773 1793 837 ab

526 943 574 1005 De
596 943 779 1005 counexione
800 940 860 1004 diei
882 941 1024 1022 Aegyptii
1046 960 1113 1004 cum
1137 943 1385 1006 Romauohuuae
1405 951 1504 1007 motus
1525 947 1611 1008 uobis
1640 942 1715 1008 illud
1737 947 1794 1009 dra·

439 1032 534 1106 bium,
559 1031 640 1109 quod
660 1037 692 1090 tu
716 1047 827 1105 mosea,
850 1033 967 1109 penitus
990 1033 1130 1091 eximunt.
1175 1031 1207 1092 Sl
1230 1049 1309 1093 error
1329 1034 1359 1091 in
1381 1032 1571 1095 Ptolemaida
1593 1032 1794 1096 adnotationi-

438 1118 494 1179 bus
519 1119 785 1198 aequinoctiorum:
817 1125 932 1197 oportet
953 1119 1084 1197 aliquam
1107 1117 1217 1180 habeat
1239 1138 1375 1195 causam,
1399 1123 1442 1181 sie
1468 1130 1502 1181 ut
1523 1120 1712 1182 Ptolemaeus
1733 1139 1793 1184 uou

438 1201 607 1284 ignorantia
629 1206 751 1267 rationis
766 1212 928 1285 temporum
951 1208 1170 1285 aequinoctium
1192 1225 1251 1268 uuo
1268 1208 1314 1269 die
1329 1209 1529 1287 postposuerit
1550 1208 1586 1290 (si
1605 1208 1792 1291 postposuit),

438 1292 492 1355 sed
524 1294 629 1355 videus
651 1294 823 1371 volensque.
867 1295 942 1355 Nam
974 1294 1077 1355 eadem
1105 1312 1142 1356 ex
1164 1295 1229 1371 ejus
1252 1294 1426 1356 Calendario
1450 1297 1598 1374 Aegyptio
1620 1307 1793 1374 sequuntur,

439 1397 517 1460 quae
539 1398 576 1442 ex
598 1388 699 1441 uestro
721 1380 865 1455 Romano,
887 1384 913 1442 si
936 1379 966 1440 id
989 1382 1181 1460 applicemus.
1225 1382 1329 1461 Neque
1344 1390 1458 1443 tantum
1473 1392 1636 1461 sequuntur
1656 1384 1716 1460 illa,
1740 1385 1793 1446 sed

438 1475 467 1530 et
487 1471 547 1530 scit
569 1468 620 1530 illa
642 1467 829 1531 Ptolemaeus
852 1477 881 1529 et
901 1468 1043 1545 inculcat3
1065 1471 1201 1529 nimirum
1223 1472 1298 1530 inter
1318 1469 1520 1551 Hipparchum
1543 1480 1573 1532 et
1585 1470 1789 1535 Ptolemaeum

440 1572 550 1619 aunum
574 1574 639 1617 esse
660 1556 798 1635 longum,
822 1558 893 1633 quia
914 1558 944 1615 in
968 1557 1032 1617 300
1055 1559 1140 1617 anuis
1164 1556 1279 1619 decedit
1301 1556 1380 1632 dies,
1410 1575 1478 1621 cum
1500 1566 1601 1620 contra
1623 1560 1698 1620 iuter
1719 1560 1793 1620 Pto·

438 1644 583 1707 lemaeum
606 1651 636 1704 et
658 1643 867 1723 Albateguium
894 1646 1048 1704 altannus
1070 1645 1184 1719 brevis,
1214 1652 1246 1704 at
1268 1646 1344 1706 inter
1365 1645 1630 1722 Albeteguiumet
1651 1664 1705 1708 uos
1726 1665 1792 1709 me·

440 1731 548 1793 dlocris
570 1732 634 1791 tute
679 1732 717 1792 lit
739 1738 771 1791 tu
794 1734 912 1790 omniuo
934 1739 1012 1792 recte
1034 1734 1228 1804 ratiocinaris,
1251 1735 1277 1791 si
1299 1734 1338 1794 ab
1354 1732 1524 1812 Hipparcho
1546 1733 1585 1795 ad
1600 1751 1655 1795 nos
1677 1742 1792 1795 statua·

441 1832 506 1880 mne
534 1836 644 1881 aunum
673 1818 873 1896 aequabilem,
907 1817 1087 1881 Ptolemaios
1117 1821 1305 1897 aequinoctia
1334 1838 1393 1880 uuo
1423 1820 1470 1883 die
1498 1824 1627 1883 autarius
1656 1822 1792 1901 ponenda

437 1924 521 1983 esse,
557 1924 646 1985 quam
669 1925 687 1968 a
708 1904 879 1969 Ptolemaeo
906 1915 975 1967 sunt
996 1913 1148 1968 auuotats.
1194 1906 1234 1968 ht
1255 1910 1322 1986 quis
1351 1916 1453 1969 111111
1475 1917 1520 1970 111
1550 1908 1707 1985 audaciae,
1741 1912 1793 1988 qui

438 1996 534 2074 dicat,
575 1993 777 2055 Ptolemaeum
804 1994 903 2055 studio
931 1994 1037 2056 laisum
1070 2002 1228 2055 annotatae
1255 1996 1344 2073 idque
1372 1998 1461 2056 toties
1493 1999 1624 2074 repetitis
1656 1997 1793 2059 vicibus?

442 2081 594 2159 Quantum
616 2081 673 2143 hoe
694 2084 724 2141 iu
746 2081 923 2161 philosopho
946 2081 1096 2143 dedecus?
1140 2081 1283 2160 ignoraus
1305 2083 1383 2144 euim
1404 2081 1480 2142 nihil
1501 2085 1584 2160 lecit,
1613 2087 1666 2162 qui
1688 2084 1790 2146 Lunae

437 2177 535 2231 motus
558 2172 631 2231 citra
653 2187 778 2231 errorem
801 2172 887 2230 unius
910 2169 968 2231 diei
992 2176 1161 2246 computare
1184 2172 1290 2249 potuit
1335 2171 1399 2231 Etsi
1423 2169 1486 2233 tuis
1504 2188 1551 2233 me
1573 2173 1791 2253 suspicionibus

435 2276 468 2321 eo
491 2256 613 2336 redigis,
636 2265 677 2331 ut,
701 2257 836 2335 quamvis
859 2259 1030 2336 saepissime
1053 2259 1228 2319 tentaverim
1258 2259 1439 2321 comminisci
1468 2261 1635 2338 speciosam
1657 2261 1790 2322 occasio-

434 2364 501 2407 nem
524 2344 641 2406 errandi
662 2345 833 2407 Ptolemaeo
862 2363 1034 2424 semperque
1061 2345 1168 2406 lrmtra
1189 2346 1308 2421 luerim,
1339 2354 1438 2407 tamen
1467 2346 1591 2409 caudam
1612 2365 1674 2409 rem
1702 2362 1789 2427 porra

435 2450 555 2512 quoque
575 2440 689 2493 tentare
709 2441 846 2494 statuam.

521 2537 569 2600 De
592 2540 806 2600 ecceutricituts
827 2555 899 2598 sune
920 2538 1014 2600 minor
1037 2545 1082 2599 est
1104 2534 1274 2613 difficultas,
1296 2536 1392 2616 major
1414 2541 1518 2601 erroris
1541 2541 1691 2602 excusatio
1713 2540 1789 2603 Pto-

435 2625 562 2687 lemaeo.
606 2625 682 2686 llam
704 2628 734 2685 iu
750 2624 863 2705 Opticis
877 2632 918 2696 (11.
943 2632 1012 2700 ato.)
1034 2625 1244 2697 demonstravi,
1267 2626 1316 2685 vel
1330 2625 1425 2686 solam
1439 2627 1640 2689 retractionem
1652 2630 1682 2687 iu
1698 2645 1789 2690 causa

434 2731 501 2774 esse
524 2730 621 2792 posse,
645 2731 695 2774 cur
717 2716 791 2774 inter
805 2713 1015 2774 Ptolemaicam
1039 2721 1068 2774 et
1082 2713 1335 2791 Hipparchiauam
1358 2706 1602 2783 eccentricitalem
1625 2714 1788 2778 discernere

433 2801 538 2880 'l'ycho
566 2816 625 2861 nou
656 2803 792 2879 potuerit
839 2800 969 2861 Alteram
1000 2804 1087 2862 etiam
1117 2818 1237 2861 causam
1267 2799 1381 2860 errandi
1410 2809 1440 2861 tn
1469 2800 1541 2862 dicis
1570 2806 1787 2882 proportionem

433 2891 510 2950 iuter
537 2890 573 2949 11
600 2898 630 2951 11
653 2891 704 2949 83.
749 2888 799 2951 Sic
820 2887 938 2967 quidem
956 2891 1020 2967 jam
1044 2888 1114 2949 olim
1137 2906 1193 2966 ego
1216 2906 1279 2949 sum
1301 2890 1501 2966 ratiocinatus,
1523 2893 1618 2967 ipsam
1640 2890 1717 2952 hauc
1740 2890 1788 2951 di·

434 2979 579 3039 risiouem
613 2976 712 3039 circuli
746 2980 775 3036 11
806 2977 846 3037 83
877 2994 1007 3038 crassum
1036 2979 1187 3059 quippiam
1218 2974 1358 3036 redolere.
1414 2974 1568 3052 Quomodo
1599 2980 1676 3053 euim
1706 2979 1788 3039 illam

434 3074 523 3147 putas
553 3080 619 3125 esse
649 3064 773 3125 uatem?
804 3066 861 3124 uisi
889 3066 949 3141 sie,
980 3064 1059 3144 quod
1081 3063 1291 3125 Eratosthenes
1321 3063 1428 3124 circino
1450 3062 1669 3146 comprehendit
1696 3067 1787 3128 inter-

434 3151 609 3233 capedinem
637 3153 813 3231 troploorum
844 3169 937 3230 eaque
968 3153 1106 3214 circulum
1138 3154 1226 3213 toties
1253 3151 1434 3233 peragravit,
1467 3152 1560 3215 donec
1586 3154 1704 3215 taudem
1734 3171 1787 3234 pes

433 3242 533 3302 circini
558 3242 587 3300 iu
609 3242 762 3319 pristinum
783 3247 923 3318 puuctum
945 3258 1059 3301 rursum
1081 3239 1236 3316 inuideret,
1265 3239 1344 3319 quod
1368 3240 1478 3301 iactum
1499 3247 1567 3319 post
1593 3245 1628 3302 11
1654 3259 1787 3319 pererra·

434 3330 531 3389 tiones
555 3327 664 3402 circuli,
686 3330 717 3388 iu
740 3327 847 3407 quibus
867 3327 1056 3406 intercapedo
1079 3330 1270 3407 tropicorum·
1284 3330 1406 3389 inventa
1428 3335 1474 3390 est
1497 3329 1547 3389 dd.
1593 3328 1635 3389 st
1655 3337 1722 3409 post
1748 3327 1784 3390 11

434 3417 534 3477 cheini
556 3414 683 3477 lationes
705 3423 931 3477 cousentaneum
954 3424 1007 3490 est,
1029 3432 1192 3477 mensorem
1218 3415 1328 3475 iussum
1352 3432 1417 3476 esse
1439 3424 1583 3495 gratoque
1599 3420 1697 3479 auimo
1721 3434 1786 3478 am·

434 3503 524 3582 plecti
546 3503 781 3582 qualemcunque
802 3498 1050 3583 propihquitatem
1072 3506 1173 3581 puncti
1197 3504 1389 3582 octuagesimi
1412 3506 1510 3582 quarti
1532 3504 1570 3565 ad
1592 3507 1730 3582 primum,
1754 3513 1787 3565 nt

433 3609 470 3653 ea
501 3607 556 3669 pro
584 3590 688 3653 iisdem
718 3593 852 3670 accipiat.
898 3588 938 3652 Ut
967 3606 1026 3652 nou
1059 3590 1171 3667 1111111,
1205 3591 1276 3669 quid
1303 3593 1420 3670 peccari
1448 3594 1479 3652 iu
1508 3593 1549 3653 83
1578 3592 1786 3672 punctionibus

433 3681 572 3758 potuerit
596 3684 655 3754 (ou.
672 3701 698 3751 p.
716 3684 768 3751 11.)
1780 3673 1783 3680 “

520 3783 570 3848 De
593 3792 699 3844 octava
722 3782 846 3862 sphaera
867 3798 925 3844 uon
948 3783 1035 3846 lacile
1066 3785 1120 3847 tibi
1141 3775 1182 3844 iu
1196 3783 1311 3847 tantilla
1333 3781 1493 3848 differentia
1519 3773 1694 3864 adsentior,¹
1714 3783 1786 3846 nihil

434 3879 534 3933 tamm
557 3869 654 3933 habeo
684 3888 721 3932 ex
743 3873 816 3934 rucis
844 3871 1115 3955 observationibus,
1148 3873 1227 3951 quod
1257 3873 1463 3935 contradicam.
1508 3873 1641 3936 Numer
1665 3867 1723 3954 qu'o
1746 3871 1785 3934 D.

434 3959 638 4038 'l'eugnaglius
660 3958 791 4019 aduersis
813 3960 881 4020 latis
903 3961 1033 4021 auimum
1062 3959 1101 4020 ad
1122 3962 1245 4038 politica
1266 3961 1430 4038 transtulit,
1463 3963 1656 4024 iustrumenta
1678 3959 1786 4023 Brahei

432 4053 567 4126 pereunt,
591 4064 704 4126 egoque
727 4047 808 4107 solus
830 4064 991 4126 supersum,
1016 4050 1067 4125 qui
1089 4047 1270 4127 speculando
1292 4055 1384 4110 artem
1407 4067 1466 4128 qua
1479 4067 1600 4128 possum
1615 4066 1783 4128 promoveo.

434 4133 538 4197 Oculis
560 4133 757 4197 imbecillibus
778 4141 857 4209 utor,
889 4152 943 4196 uec
965 4135 1105 4198 valetudo
1129 4136 1168 4197 ad
1190 4142 1332 4197 nocturna
1356 4137 1465 4214 frigora
1495 4136 1648 4201 toleranda
1669 4137 1785 4213 sufficit,

431 4225 605 4303 praesertim
627 4221 769 4283 solitario.
815 4221 893 4298 Quid
914 4239 985 4296 sero
1007 4221 1150 4301 Linciaua
1172 4223 1317 4299 conditio,
1347 4224 1387 4284 ad
1410 4242 1498 4303 quam
1516 4225 1640 4304 iamiam
1663 4227 1784 4288 transire

433 4313 574 4373 constitui
596 4310 676 4388 Rege
697 4310 849 4389 probante,
870 4311 1021 4390 profutura
1041 4314 1080 4371 sit
1102 4313 1366 4387 observationibus,
1390 4320 1505 4391 tempus
1521 4312 1612 4376 dabit
1659 4313 1733 4374 Vale
1756 4322 1785 4373 et

433 4401 504 4461 boui
526 4398 658 4460 consule.
702 4397 815 4458 Literas
844 4401 870 4458 si
891 4400 1055 4477 scripseris,
1084 4399 1195 4462 suadeo
1219 4398 1257 4460 ad
1288 4398 1386 4463 aulam
1409 4399 1532 4477 Regiam
1562 4400 1686 4479 dirigas,
1717 4399 1784 4460 inde

432 4487 571 4549 hiucium
597 4484 683 4547 facile
710 4485 932 4564 hauslerentur,
967 4484 1113 4566 siquidem
1141 4488 1206 4566 jerm
1234 4486 1316 4548 luero
1354 4488 1510 4566 proiectus.
1563 4487 1640 4551 Dedi
1669 4489 1783 4566 Prugae

436 4577 486 4637 18.
509 4574 612 4636 Martii
635 4589 711 4634 auno
736 4575 828 4634 tota.

644 4658 711 4722 111ιι
733 4659 791 4721 Ι)ῑ’·
819 4662 902 4724 'luae
922 4662 1154 4725 studiosissimus

1186 4749 1220 4810 J.
1244 4748 1410 4825 Keplerste,

843 4837 899 4900 8⁸⁸·
922 4836 980 4897 0⁸·-
1002 4834 1064 4897 itt·
1089 4838 1187 4900 11111.
1211 4837 1349 4898 Austriae
1372 4854 1461 4916 supra
1483 4835 1605 4900 Auasim
1626 4839 1782 4902 Procerum

1185 4924 1421 4990 Mathematicus.

519 5045 593 5108 Quae
610 5046 650 5096 his
668 5048 825 5110 responderit
842 5047 949 5112 Remus,
976 5060 1025 5097 nou
1050 5051 1159 5110 constet,
1185 5049 1347 5112 epistolarum
1365 5049 1442 5098 series
1465 5049 1492 5096 11
1511 5047 1596 5098 codice
1613 5050 1783 5112 manuscripto

435 5117 475 5167 hie
491 5119 634 5179 interrupta
652 5121 703 5172 eat,
731 5117 761 5166 de
779 5131 843 5180 novo
862 5118 985 5180 lueipleus
1002 5131 1069 5168 auno
1088 5117 1187 5170 demum
1207 5120 1280 5168 1618.
1316 5117 1430 5169 Osterum
1447 5131 1492 5182 per
1509 5119 1652 5181 interjectus
1671 5121 1686 5168 6
1704 5133 1783 5169 anuos

435 5199 484 5237 nen
502 5188 582 5238 easatt
599 5185 754 5235 cousuetudo
771 5186 855 5238 literas
874 5185 952 5237 dandi
970 5192 996 5237 et
1012 5187 1166 5255 accipiendi,
1190 5189 1259 5255 qnod
1281 5194 1310 5239 ut
1332 5187 1418 5240 miritis
1435 5185 1494 5238 11111
1511 5187 1613 5238 iudiciis
1630 5190 1669 5238 ita
1686 5203 1718 5241 ex
1735 5190 1783 5240 heo

438 5263 554 5326 1111111,
579 5256 650 5325 quod
671 5269 704 5308 ua
726 5260 802 5310 verbo
823 5258 926 5328 quidem
947 5260 1100 5321 dauitestur
1121 5260 1264 5312 tutamtaaa
1284 5258 1332 5311 illa
1351 5257 1505 5311 cousuetudo
1531 5261 1634 5326 etquis
1649 5265 1782 5329 aequantes
