4459 6275
750 808 834 867 Liber
853 806 1002 867 Secundae.
1039 763 1081 866 De
1099 808 1223 901 Spbaepa
1240 815 1268 866 et
1284 808 1392 868 drcnlu
1410 808 1479 879 ejrs.
1729 812 1790 876 lib
1883 851 1886 858 .

433 994 510 1047 runt
556 987 594 1047 Et
616 947 749 1048 dicuutur
772 989 900 1067 tropicos
923 987 1040 1063 cancri,
1072 990 1200 1068 tropicus
1225 988 1409 1067 Capricorni,
1433 989 1559 1066 quilibet
1581 1005 1676 1049 aeuo
1698 987 1791 1081 cclip·
1887 998 1889 1004 '

433 1077 509 1136 ticae
531 1081 651 1152 puncto,
675 1076 704 1133 in
728 1092 786 1151 quo
811 1078 905 1152 tangit
928 1076 1019 1136 illam.

522 1178 681 1256 Quomodo
703 1179 792 1238 aliter
814 1180 984 1239 dicantur?
1006 1179 1184 1240 Solstitiales
1197 1195 1241 1253 eo,
1265 1179 1354 1256 quod,
1380 1182 1549 1258 priusquam
1563 1181 1716 1242 conversio
1738 1179 1791 1241 illa

434 1281 537 1325 rursm
566 1264 643 1326 Solis
671 1265 884 1343 qualiscunque
912 1285 964 1327 seu
995 1269 1093 1343 potius
1123 1269 1275 1327 conversio
1308 1266 1511 1329 oectrnauonu
1543 1269 1607 1346 ejus
1638 1288 1656 1327 a
1690 1267 1789 1328 media
1855 1323 1863 1327 .

433 1354 604 1430 sequatoris
624 1353 704 1412 linea
727 1356 898 1428 sentiatur,
916 1353 966 1414 Sol
990 1356 1104 1415 interim
1128 1371 1179 1433 per
1201 1353 1263 1414 dies
1287 1354 1402 1431 aliquot
1423 1358 1453 1414 in
1476 1355 1580 1417 eadem
1603 1355 1790 1432 elongatione

432 1440 470 1500 ab
493 1447 654 1518 aequatura
676 1457 771 1516 eoquo
793 1444 883 1501 etiam
905 1443 935 1500 in
957 1440 1061 1502 eadem
1084 1440 1238 1500 altitudine
1261 1444 1442 1520 temporibus
1464 1443 1632 1504 meridianis
1653 1445 1791 1503 invenia-

433 1535 487 1602 tur,
511 1537 542 1588 et
557 1530 601 1588 sic
621 1538 754 1604 respectu
770 1528 859 1605 hujus
881 1528 1064 1588 invariabilis
1080 1528 1284 1589 declinationis
1306 1541 1335 1590 et
1351 1529 1523 1604 altitudinis,
1548 1531 1691 1608 adquam
1713 1546 1791 1608 quo·

432 1614 504 1676 tidie
520 1616 640 1676 enititur
662 1617 691 1673 in
706 1615 834 1691 meridie,
858 1615 1074 1692 quodammodo
1097 1623 1175 1676 stare
1192 1616 1335 1676 videatur.
1381 1617 1518 1678 Lucanus
1541 1618 1591 1678 lib.
1606 1617 1670 1677 IX.
1694 1617 1790 1678 Phar-

434 1702 528 1763 saliae
558 1704 701 1782 tropicum
725 1703 829 1763 Canai
857 1703 987 1781 appellat
1013 1703 1153 1763 circulum
1174 1703 1227 1762 alti
1249 1705 1383 1780 solstitii,
1416 1723 1541 1782 eumque
1565 1707 1608 1765 ait
1633 1716 1791 1783 percutere,

422 1789 462 1848 ‚id
484 1798 532 1850 est
554 1791 824 1867 taugere'medium
848 1793 948 1851 orbem
970 1794 1129 1868 signorum,
1155 1790 1184 1849 id
1207 1798 1251 1850 est
1267 1791 1439 1870 eclipticam,
1463 1811 1514 1872 pcr
1535 1792 1661 1853 mediam
1676 1792 1790 1851 zodiaci

433 1875 621 1940 latitudinem
644 1878 769 1939 ductam.
817 1880 854 1938 Et
875 1879 1031 1956 respondet
1053 1879 1153 1952 locus;
1176 1878 1317 1957 templum
1341 1882 1418 1940 enirn
1440 1879 1614 1941 Hammonis
1637 1881 1666 1938 in
1684 1880 1791 1953 Attica,

434 1963 468 2025 de
492 1980 555 2042 quo
577 1965 627 2024 bic
648 1965 802 2041 Lucanus,
824 1965 1013 2026 Ptolemaeus
1037 1968 1120 2044 ponit
1142 1965 1249 2026 babere
1271 1966 1322 2029 lat.
1345 1966 1410 2043 ⁴28⁰,
1442 1967 1520 2044 quod
1544 1968 1681 2030 Lucanus
1703 1984 1791 2026 usur·

434 2057 516 2130 parit
539 2069 592 2132 pro
617 2049 727 2135 23¹l,⁰.
772 2054 894 2113 Frustra
916 2052 1059 2130 Sulpitius
1082 2052 1163 2113 aliud
1185 2054 1405 2137 sqbtintelligit,
1429 2055 1556 2116 solstitia
1578 2053 1792 2133 multiplicaus3

434 2141 557 2199 nimium
580 2139 650 2199 fidit·
665 2140 802 2215 Lucano,
835 2142 885 2217 qui
908 2136 1064 2201 verborum
1087 2141 1227 2219 prodigus
1249 2142 1342 2201 multa
1363 2141 1411 2203 bic
1441 2143 1599 2220 glomerat,
1628 2160 1704 2220 quae
1728 2158 1793 2202 cunr

434 2228 492 2305 ipsi
515 2228 630 2306 tropico
645 2226 765 2307 Cancri,
784 2236 848 2287 tum
869 2230 922 2288 toti
945 2246 1037 2289 nouae
1053 2227 1188 2300 torridae,
1211 2229 1351 2307 pleraque
1365 2228 1480 2291 mediae
1503 2233 1670 2309 sequuturis
1686 2229 1791 2303 lineae,
1838 2280 1841 2285 .

436 2314 584 2391 quaedam
607 2316 696 2375 etiam
719 2319 831 2394 tropico
855 2315 1024 2395 Capricorni
1048 2324 1077 2376 et
1097 2315 1172 2376 locis
1194 2315 1417 2377 ausualioribus
1441 2327 1618 2398 competunt
1637 2312 1675 2398 ¹⁹)

524 2419 613 2501 Quae
635 2419 702 2480 loco
729 2419 840 2479 Terrae
862 2420 990 2479 subeunt
1011 2423 1125 2498 trop-ico
1151 2410 1287 2478 Cancri?
1316 2420 1436 2481 Initium
1460 2423 1524 2499 ejus
1546 2430 1591 2483 est
1613 2424 1643 2480 in
1666 2420 1793 2482 citeriori

434 2513 516 2582 parte
539 2506 672 2581 Atticae,
699 2507 777 2566 ultra
800 2507 968 2582 Atlantem,
998 2510 1162 2584 transitque
1193 2524 1244 2584 per
1267 2507 1393 2566 confinia
1414 2508 1528 2586 Libyae
1551 2516 1581 2569 et
1603 2526 1654 2587 per
1676 2508 1793 2585 Syenen

435 2593 622 2671 Aethiopiae.
666 2593 739 2654 Inde
763 2594 884 2670 trajecto
907 2594 979 2654 mari
997 2593 1101 2663 Rubro
1124 2593 1201 2653 ultra
1223 2601 1351 2654 montem
1367 2595 1449 2654 Sinai
1472 2605 1502 2655 et
1516 2595 1661 2670 Mecbam,
1684 2592 1795 2655 Mabo-

436 2683 522 2741 metis
546 2683 681 2758 patriam,
705 2681 810 2742 exinde
831 2681 973 2743 Arabiam
995 2680 1118 2755 felicem,
1141 2680 1324 2742 Nabataeum
1348 2681 1456 2742 dictam
1470 2678 1520 2761 ²⁰),
1544 2681 1670 2743 mediam
1693 2687 1793 2758 secat3

437 2769 647 2845 ingressusque
670 2785 811 2830 oceanum
835 2769 968 2828 Indicum
991 2769 1068 2829 ultra
1090 2772 1187 2828 sinum
1209 2769 1369 2848 Persicum,
1390 2769 1526 2830 litoribus
1550 2771 1742 2831 Caramauiae
1765 2774 1796 2828 et

436 2856 519 2915 ostiis
542 2855 609 2916 Indi
631 2856 725 2931 fluvii,
749 2857 929 2932 trajectaque
951 2855 1038 2916 ludia
1061 2859 1145 2916 ostiis
1168 2854 1281 2933 Gangis
1304 2857 1498 2935 propinquat3
1523 2874 1696 2934 rursumque
1720 2872 1794 2917 con·
1892 2925 1895 2928 ¹

435 2944 577 3003 tinentem
606 2960 763 3021 aggressus
790 2943 906 3004 Indiam
940 2953 1022 3004 entra
1045 2942 1179 3021 Gangem
1202 2945 1323 3022 trajicit,
1354 2943 1523 3021 ultimisque
1547 2946 1624 3005 Sinis
1657 2942 1795 3004 salutatIs

436 3047 579 3090 oceanum
599 3030 757 3108 australem
772 3033 1017 3108 spatiosissimum
1032 3032 1141 3108 trajicit
1156 3039 1185 3091 et
1203 3031 1268 3107 jam
1282 3032 1436 3093 Amerioac
1458 3034 1698 3112 appropinquans
1719 3030 1795 3090 inira
1919 3027 1925 3045 '

436 3116 635 3179 (inlitormiam
657 3136 779 3197 regnum
808 3118 995 3180 Mexicauum
1017 3119 1156 3193 adoritur,
1179 3117 1342 3180 Mecboaca
1364 3127 1395 3181 et
1416 3118 1532 3183 Mexico
1556 3118 1645 3200 paulo
1668 3120 1793 3195 citerior,

435 3224 628 3284 emensusque
650 3210 679 3265 in
702 3209 799 3267 sinum
813 3207 1009 3282 Mericanum,
1033 3209 1120 3268 litora
1142 3206 1383 3285 septentrionalia
1398 3208 1499 3270 Cubae
1520 3209 1630 3287 legens,
1653 3210 1683 3267 in
1705 3225 1802 3278 ocear

435 3310 503 3353 uum
526 3294 710 3355 Atlanticum
732 3312 798 3356 sese
820 3294 957 3357 revolvit.

523 3398 612 3476 Quae
634 3398 701 3460 loco
728 3399 839 3460 Terrae
867 3399 996 3460 subeunt
1024 3401 1139 3476 tropico
1165 3398 1367 3477 Capricorni?
1395 3398 1505 3460 fficio
1529 3417 1641 3461 occano
1666 3392 1794 3460 Aethio·

436 3487 499 3561 pico
533 3486 639 3547 ultimo
671 3488 745 3547 iuter
773 3486 898 3547 insulam
921 3486 951 3547 S.
975 3485 1107 3547 Helenae
1137 3494 1168 3547 et
1195 3494 1284 3565 capot
1305 3486 1408 3547 Bonae
1430 3487 1516 3565 Spei,
1548 3505 1601 3547 seu
1634 3486 1792 3548 australem
1836 3487 1864 3518 *'

436 3574 552 3634 Atticm
575 3577 797 3648 extremitatem,
821 3574 951 3650 linguam
974 3574 1055 3634 illaru
1078 3574 1196 3634 Airicac
1219 3591 1271 3633 seu
1294 3573 1522 3653 Monamotapae
1545 3592 1666 3651 regnum
1688 3582 1718 3635 et
1740 3591 1796 3635 au·

436 3658 553 3721 sualem
581 3670 695 3739 partem
725 3661 837 3730 insulae
860 3660 1054 3738 Medagasoar
1085 3671 1166 3722 secat
1198 3678 1398 3739 oceanumque
1426 3661 1597 3723 orientalem
1620 3662 1792 3739 longissimo

436 3753 528 3809 tractu
557 3748 737 3828 pervadens,
764 3767 935 3826 rursumque
965 3750 1097 3827 linguam
1126 3765 1195 3809 orae
1223 3748 1439 3825 Megellanicae
1461 3750 1536 3809 intra
1558 3749 1653 3809 Jaras
1674 3748 1797 3824 insulas,

437 3842 555 3914 etpost
577 3836 792 3915 aliquantulum
815 3839 917 3898 oceani
947 3836 1036 3897 aliam
1058 3835 1274 3912 Megellanicae
1297 3852 1392 3912 oram,
1422 3838 1539 3897 Novam
1562 3836 1707 3897 Guineam
1730 3836 1793 3896 dlo-
1861 3847 1868 3858 ·

438 3930 504 3998 mm,
528 3924 656 4000 trajicit;
679 3932 748 3986 tunc
770 3924 928 3985 australem
956 3942 1097 3985 oceanum
1121 3923 1198 3982 ultra
1212 3921 1379 3982 Salomonis
1402 3924 1513 3984 insulas
1534 3928 1682 4001 ingressus
1703 3920 1794 4000 paulo

437 4013 531 4070 miuus
560 4010 682 4072 dimidia
709 4016 754 4072 sui
785 4011 967 4090 longitudine
998 4012 1099 4072 oceani
1123 4009 1259 4069 fluctibus
1282 4012 1434 4087 mergitur,
1459 4011 1552 4071 donec
1575 4014 1603 4068 iu
1628 4011 1794 4070 Americam

438 4098 575 4173 eradens,
600 4099 733 4159 ultimam
757 4100 821 4179 ejus
842 4101 975 4176 lingnam
997 4105 1157 4176 praesecet,
1182 4098 1331 4174 ingressus
1354 4117 1391 4159 ex
1414 4107 1494 4176 parte
1517 4099 1686 4174 provinciae
1707 4096 1793 4170 Chili,

437 4200 629 4261 egressusque
652 4187 681 4244 in
705 4203 848 4248 oceanum
871 4187 1053 4248 Atlanticum
1077 4189 1118 4248 cle
1142 4186 1218 4247 ostia
1246 4185 1329 4245 fluvii
1354 4188 1493 4265 Argentei
1523 4188 1554 4243 in
1575 4182 1721 4261 Brasilia;
1752 4184 1795 4244 sic

437 4274 556 4333 minima
577 4278 624 4333 sut
646 4281 730 4352 parte
753 4274 859 4335 Terras
883 4273 958 4359 ³⁶⁵2.-

913 4433 980 4495 VII.
1013 4432 1095 4492 VIII.
1128 4431 1319 4494 Polares.
1371 4483 1375 4491 .

526 4572 612 4634 Unde
633 4576 780 4635 oriuntur
803 4573 953 4635 Poloree?
979 4572 1126 4650 Ecliptica
1147 4572 1203 4633 sub
1226 4571 1292 4631 fixis
1315 4571 1405 4631 babet
1427 4586 1498 4633 suos
1519 4569 1622 4647 polos,
1654 4569 1796 4630 distantes

440 4660 555 4741 apalis
576 4660 689 4722 mundi.
734 4661 827 4737 Finge
851 4678 920 4737 ergo
944 4660 1016 4720 duas
1038 4666 1133 4720 rectas
1155 4663 1192 4720 'ex
1215 4668 1314 4720 centro
1338 4658 1447 4719 Terrae
1470 4674 1563 4733 usque
1586 4656 1624 4718 ad
1646 4656 1729 4730 bras,
1754 4673 1795 4717 sc.

439 4747 567 4828 inpolos
591 4748 743 4827 eclipticae
767 4748 896 4822 eductas,
920 4765 997 4825 quae
1018 4749 1211 4824 quiescentes,
1234 4744 1431 4807 intercedente
1455 4753 1536 4805 motu
1551 4744 1659 4805 Terrae
1682 4743 1796 4818 diurno,

439 4838 580 4901 secabunt
607 4834 790 4916 superficiem
812 4835 952 4909 Telluris,
987 4836 1132 4895 sectiones
1162 4843 1246 4895 eruut
1278 4833 1377 4895 circuli
1410 4834 1495 4912 parri
1529 4835 1606 4912 circa
1638 4840 1795 4906 utrumque

439 4922 547 4988 Terrae
568 4923 687 5003 polum3
711 4922 814 4983 horum
838 4924 951 5000 efligies
974 4921 1093 5001 depingi
1116 4921 1212 4983 solent
1233 4924 1263 4980 iu
1278 4921 1400 5000 globulo
1423 4921 1566 5000 sphaerae
1581 4919 1688 4980 medio.
1723 4916 1797 4976 Atil-

432 5019 543 5087 gutur
570 5012 633 5089 janu
663 5014 740 5071 istae
767 5011 863 5071 lineae
893 5013 923 5070 in
946 5026 1004 5069 uuo
1029 5009 1130 5085 aliquo
1154 5010 1254 5070 circuli
1283 5013 1390 5071 terrent
1412 5017 1537 5085 puncto,
1565 5024 1680 5067 rursum
1707 5006 1797 5083 igitur

440 5098 636 5162 butereedente'
658 5109 741 5161 motu
764 5098 867 5158 diurno
894 5097 974 5158 linea
997 5099 1072 5171 leta,
1106 5104 1173 5157 una'
1189 5114 1255 5159 cum
1277 5096 1429 5157 volutione
1450 5095 1578 5157 Telluris
1601 5096 1795 5166 circumtorta,

441 5185 499 5268 sno:
530 5187 599 5248 fixis
632 5186 780 5249 describet
817 5185 941 5247 circulos
977 5183 1187 5264 respondentes
1222 5184 1280 5245 illis
1316 5184 1506 5246 terrestribus.
1559 5182 1659 5259 Atque
1694 5179 1799 5240 borum

442 5275 552 5355 ugias
574 5282 645 5338 runt
665 5274 783 5354 polares
804 5272 875 5336 dicti
896 5275 927 5335 in
948 5271 1076 5352 sphaera
1096 5273 1252 5335 materiali.

1509 5374 1577 5436 tt·
