4459 6275
435 755 497 815 242
831 812 833 816 Ι
931 744 1075 815 Ερὶιοιιιοι
1092 742 1285 800 Asuonomiae

434 927 499 1005 οῇιιι
519 923 684 987 nsturslem
706 925 814 985 vincat
859 922 934 985 Nam
966 922 1034 985 talis
1062 922 1189 985 facultas
1214 922 1278 1000 jam
1308 929 1353 983 est
1374 939 1465 1000 supra
1486 928 1610 985 natorae
1638 925 1797 1000 ingenim,

433 1015 545 1076 iormss
566 1011 686 1075 soboles
707 1018 760 1072 ent
782 1011 863 1071 vitae
885 1010 982 1075 index.
1434 1004 1438 1013 '

527 1098 612 1161 usse
631 1099 752 1179 probae,
774 1101 939 1159 materiam
961 1099 1130 1159 molestiam
1152 1114 1317 1175 corporum
1338 1099 1430 1156 reniti
1451 1099 1514 1155 suis
1528 1098 1698 1159 maioribus
1718 1100 1798 1159 stab

434 1190 472 1249 iis
499 1190 598 1262 uinci,
630 1176 712 1247 uelut
743 1189 777 1245 in
805 1186 886 1245 libro
911 1185 1050 1265 pondera
1072 1204 1093 1243 a
1118 1186 1268 1264 facultate
1293 1200 1352 1243 ruo
1381 1185 1527 1245 metrice?
1568 1184 1719 1246 Probatur
1740 1183 1797 1247 boc

434 1277 528 1355 primo
551 1291 588 1333 ex
610 1273 765 1353 periodieis
793 1275 973 1351 temporibus
995 1272 1213 1333 convolutionie
1242 1270 1395 1349 globorum
1423 1271 1605 1348 singulorum
1628 1275 1709 1333 circa
1730 1290 1798 1333 aros

435 1380 516 1435 ares,
539 1370 571 1421 ut
594 1360 719 1420 Telluris
742 1369 874 1439 tempore
896 1359 1018 1435 diumo,
1048 1359 1127 1421 Solis
1150 1369 1278 1438 tempore
1302 1360 1350 1418 25-
1367 1357 1479 1420 dierum
1501 1360 1625 1421 circiter.
1671 1359 1751 1421 uam
1772 1362 1796 1419 si

435 1450 518 1509 nulla
539 1456 617 1509 esset
640 1449 744 1508 inertia
767 1449 943 1507 in'msteria
964 1447 1046 1526 globi
1069 1447 1215 1521 coelestis,
1238 1463 1315 1525 quae
1337 1447 1377 1506 sit
1399 1448 1426 1505 ei
1450 1446 1533 1508 velut
1554 1446 1708 1524 quoddam
1724 1463 1798 1526 pon·

436 1535 500 1609 dus,
524 1534 718 1594 nnlla'etlam
742 1551 816 1613 opus
840 1544 919 1595 esset
942 1537 1048 1594 virtute
1071 1533 1108 1593 ad
1132 1534 1253 1611 globum
1275 1532 1468 1594 movendum:
1498 1542 1529 1594 et
1548 1534 1649 1613 posita
1673 1533 1722 1597 rel
1743 1537 1797 1595 nri·

435 1626 515 1685 nima
538 1625 645 1683 virtute
668 1621 706 1681 ad
732 1620 924 1695 movendum,
951 1623 1015 1699 jam
1039 1639 1130 1681 cansa
1152 1621 1234 1681 nulla
1258 1629 1350 1692 esset,
1374 1622 1445 1697 quin
1468 1621 1576 1697 globos
1598 1623 1628 1679 in
1651 1630 1798 1681 momento

436 1718 605 1772 verteretur.
650 1707 720 1770 Jam
744 1725 814 1769 voro
829 1727 896 1770 cum
915 1708 1069 1786 globorum
1086 1710 1294 1771 conversiones
1316 1707 1388 1767 iant
1403 1710 1431 1765 in
1456 1716 1536 1769 certo
1551 1716 1697 1789 tempore,
1719 1708 1797 1785 quod

436 1800 466 1857 in
488 1797 548 1859 alio
571 1795 691 1875 planeta
713 1805 757 1857 cst
780 1796 914 1874 longius,
943 1798 973 1854 in
994 1797 1055 1857 alio
1079 1797 1214 1870 brevius,
1237 1795 1307 1857 bine
1329 1804 1467 1874 apparet,
1500 1796 1637 1857 inertiam
1658 1798 1799 1857 materhc

435 1902 494 1945 non
525 1901 590 1945 esse
619 1880 658 1943 ad
685 1884 823 1943 virtutem
852 1884 1019 1957 motricem,
1049 1890 1082 1942 nt
1108 1882 1181 1942 nibil
1211 1882 1249 1943 ad
1276 1881 1398 1958 aliquid.
1445 1882 1513 1943 Non
1536 1890 1581 1945 est
1603 1885 1696 1961 igitur
1719 1882 1798 1945 nulls

437 1973 544 2033 inertia
566 1979 598 2031 et
617 1971 662 2031 sic
683 1972 838 2031 renitentia
860 1974 1000 2032 materiae
1023 1969 1169 2031 coelestis.

522 2057 606 2119 Idem
627 2056 758 2117 secundo
780 2059 920 2141 probatur
943 2076 979 2119 ex
1002 2058 1222 2119 circumlatione
1244 2055 1398 2132 globorum
1422 2058 1500 2117 circo
1522 2056 1644 2127 Solem.
1675 2058 1797 2136 junctim

437 2145 696 2207 consideratarum.
740 2144 941 2213 Namunlcus
964 2155 1060 2205 motor
1083 2146 1171 2205 unica
1193 2145 1239 2203 sui
1261 2146 1407 2204 rotatione
1429 2152 1530 2205 movet
1550 2163 1604 2207 sex
1626 2144 1746 2224 globos,
1768 2155 1798 2206 ut

437 2234 514 2293 inira
535 2232 699 2294 audiemus.
744 2230 857 2309 Quodsi
879 2232 962 2311 globi
985 2250 1043 2310 non
1065 2231 1209 2293 baberent
1230 2229 1394 2291 naturalem
1409 2234 1594 2293 renitentium
1617 2242 1718 2294 cartae
1731 2252 1798 2309 pro·

436 2322 590 2399 pomools,
614 2337 705 2380 causa
726 2319 808 2379 nulla
828 2327 915 2394 esset,
939 2322 1009 2396 qnin
1025 2323 1146 2381 motoris
1167 2321 1213 2380 sui
1237 2318 1465 2380 turbinationem
1488 2322 1676 2382 exactissime
1690 2338 1798 2399 seque·

438 2415 537 2468 rentur
568 2415 598 2468 et
626 2408 669 2465 sic
697 2424 762 2466 com
795 2409 859 2484 ipso
890 2406 965 2466 uno¹
984 2417 1013 2468 et
1042 2406 1146 2468 eodem
1176 2415 1306 2483 tempore
1339 2414 1586 2468 converterentur.
1630 2407 1703 2469 Jam
1733 2426 1798 2471 raro

440 2512 541 2555 omues
564 2493 682 2571 quidem
704 2496 734 2559 iu
757 2511 822 2554 eam
845 2495 964 2575 plagam
986 2504 1071 2569 eunt,
1094 2497 1124 2555 in
1147 2512 1237 2571 qnam
1260 2501 1355 2553 motor
1376 2495 1557 2569 turbinetur,
1579 2493 1680 2557 nullus
1704 2502 1798 2557 tamen

439 2582 616 2643 celeritatem
639 2583 759 2642 motoris
782 2581 938 2662 sul'plene
959 2584 1090 2659 attingit,
1114 2581 1242 2643 elalius
1265 2580 1325 2641 alio
1347 2583 1465 2657 segnior
1485 2584 1629 2658 sequitur.
1675 2582 1799 2645 blisouu

438 2685 508 2749 ergo
532 2667 672 2731 celeritati
695 2671 817 2729 motoris
839 2687 922 2730 suam
944 2671 1084 2730 materiae
1107 2671 1242 2730 inertiam
1265 2670 1295 2726 in
1318 2676 1399 2729 certa
1421 2673 1619 2748 proportione.

417 2774 421 2782 ·
532 2756 659 2817 Videtur
678 2760 835 2837 proportio
855 2757 1080 2835 periodicorum
1103 2766 1275 2835 temporum
1296 2773 1355 2815 esse
1374 2760 1484 2816 mentis
1505 2775 1591 2835 opera,
1612 2775 1679 2819 non
1701 2776 1799 2819 acea·

332 2830 335 2835 ’
439 2847 537 2905 amru
556 2846 734 2905 mouriotis.
780 2845 850 2924 lpse
872 2843 990 2923 quidem
1013 2852 1146 2906 motuum
1170 2852 1364 2904 eruemorum
1387 2842 1547 2904 tardissimi
1568 2852 1599 2905 et
1622 2844 1799 2907 velocissimi

439 2934 470 2991 in
493 2932 687 3008 unoquolibet
717 2930 837 3009 plarreta
865 2934 1093 3011 contemperatio
1125 2933 1352 3008 exquisitissime
1379 2930 1550 2993 harmonica
1577 2942 1624 2993 est
1645 2950 1798 3012 supremas

439 3027 471 3081 et
492 3019 660 3080 adorandae
684 3021 831 3081 creatricis
854 3020 959 3081 mentis
980 3036 1034 3080 seu
1057 3021 1221 3098 sapientiae
1244 3035 1335 3096 opus:
1359 3027 1391 3078 at
1412 3018 1612 3096 longitudines
1636 3029 1798 3102 temporum

437 3106 661 3186 periodicorum,
683 3108 709 3168 al
731 3114 829 3168 essent
852 3108 958 3168 mentis
978 3124 1061 3187 opus,
1084 3106 1227 3168 baberent
1247 3104 1360 3183 aliquid
1376 3106 1610 3186 pulchritudinis,
1635 3108 1798 3188 eujusmodi

437 3203 506 3256 sont
528 3197 731 3275 proportiones
755 3194 895 3255 affabiles:
919 3193 1025 3274 dupla,
1056 3194 1145 3274 tripla
1173 3203 1203 3254 et
1231 3193 1352 3256 similes.
1397 3193 1469 3256 Jam
1491 3214 1561 3256 vero
1584 3197 1798 3273 periodleorau

439 3293 603 3359 temporum
632 3285 834 3359 proportiones
863 3291 931 3343 sunt
959 3282 1122 3343 ineffabiles
1154 3279 1350 3361 (irrationales
1377 3279 1480 3361 vulgo)
1513 3297 1542 3344 et
1571 3288 1614 3344 sic
1646 3286 1797 3347 infinitatis

440 3372 604 3449 participes,
628 3371 657 3426 in
674 3386 734 3445 qna
755 3369 835 3429 neella
850 3369 1035 3449 pulchritudo
1050 3367 1195 3442 mentalis,
1219 3373 1290 3445 quia
1304 3368 1385 3429 nulla
1400 3370 1502 3430 linitio.
1543 3370 1682 3433 Secundo
1697 3377 1798 3434 mentis

438 3474 514 3535 opus
537 3473 683 3515 essenon
706 3466 828 3533 possunt
852 3460 922 3534 (non
945 3457 1051 3534 loquor
1073 3455 1110 3517 de
1134 3466 1278 3529 creatore,
1309 3457 1361 3516 sed
1385 3457 1421 3518 de
1445 3466 1548 3518 natura
1570 3459 1707 3540 motoris)
1729 3462 1798 3522 bare

438 3554 587 3621 tempora,
620 3545 690 3620 quia
721 3543 897 3620 colliguntur
928 3553 1060 3623 tempora
1090 3546 1176 3604 unius
1204 3542 1316 3621 periodi
1348 3562 1384 3603 cx
1416 3546 1621 3623 inaequalibus
1651 3551 1742 3608 moris
1770 3551 1795 3607 io

438 3629 562 3692 diversis
585 3631 684 3690 circuli
709 3632 848 3708 partibus.
894 3631 967 3691 Illae
990 3649 1061 3691 sero
1085 3631 1257 3708 inaequales
1275 3649 1383 3703 morae,
1407 3643 1438 3691 ut
1461 3634 1536 3693 inira
1552 3634 1674 3708 dicetur,
1698 3640 1795 3697 oriun-

440 3728 486 3778 tur
509 3737 546 3778 ex
569 3718 713 3779 materiali
736 3721 909 3780 necessitate
933 3728 962 3779 et
985 3719 1077 3779 veluti
1100 3721 1271 3779 erratione
1294 3728 1430 3779 staterae.

530 3805 576 3866 'lis
598 3825 669 3883 erqo
691 3825 753 3883 quo
776 3810 807 3866 oi
821 3806 1096 3884 suspendisqloboa,
1120 3814 1155 3866 ut
1170 3810 1224 3884 vir,
1247 3807 1429 3881 mamistra,
1457 3807 1584 3867 Terram
1604 3815 1794 3886 praesertim,

436 3898 479 3956 ric
500 3902 537 3954 ut
558 3895 681 3971 quilibet
702 3898 787 3953 intra
810 3902 905 3953 metas
927 3902 1053 3955 monent
1074 3913 1148 3953 tuoe
1169 3897 1314 3970 reqionis,
1343 3894 1502 3954 destitutus
1528 3896 1596 3956 licet
1616 3897 1677 3957 iliis
1698 3899 1796 3959 aelidis

435 3983 557 4044 orbium
581 3981 731 4040 vinculis?
763 3979 835 4041 Cum
858 3990 968 4041 certum
991 3985 1046 4057 eit,
1070 3980 1182 4042 solidos
1205 3982 1291 4041 orbes
1313 3980 1411 4041 nullos
1433 4000 1513 4054 esse,
1543 4001 1664 4044 neccsse
1687 3997 1744 4058 est,
1766 3993 1795 4044 nt

438 4071 642 4147 confugiamus
666 4067 704 4129 ad
726 4069 802 4129 lrane
824 4070 958 4129 inertiam
980 4072 1130 4140 materiae,
1154 4086 1214 4145 qua
1235 4069 1277 4142 tlt,
1302 4076 1333 4126 nt
1356 4069 1463 4146 globus
1479 4071 1596 4147 aliquis,
1619 4090 1794 4150 quocunqne

437 4157 536 4216 mnndi
564 4156 629 4215 loco
658 4156 821 4216 collocatus
851 4166 933 4216 extra
961 4159 1083 4216 virtutes
1107 4159 1256 4229 motriees,
1290 4154 1340 4213 illo
1371 4155 1436 4216 loco
1460 4161 1593 4233 quiescat
1614 4162 1793 4232 naturaliter,

438 4245 476 4304 ob
500 4244 529 4302 id
553 4245 656 4321 ipsum,
680 4245 894 4319 quiumatcria,
920 4250 951 4302 nt
974 4243 1051 4317 talis,
1074 4242 1242 4302 facultatem
1266 4243 1377 4302 nullam
1401 4242 1492 4305 habet
1515 4246 1707 4308 transterendi
1731 4267 1793 4311 cor·

439 4349 494 4410 pus
516 4343 601 4391 suum
625 4330 661 4391 de
684 4330 751 4391 loco
776 4334 804 4390 in
829 4330 934 4390 locum.

527 4417 610 4495 Quid
637 4421 733 4495 ipitrsr
760 4427 817 4493 cst,
849 4418 931 4494 quod
950 4419 1090 4495 planetas
1110 4417 1187 4494 facit
1209 4420 1290 4476 eirca
1314 4416 1414 4476 Solem
1437 4423 1495 4492 ive,
1528 4422 1691 4496 quemlibet
1712 4428 1793 4483 urba

436 4513 530 4566 metus
550 4524 624 4566 suos
646 4509 791 4583 reqionis,
821 4509 924 4566 nnec
944 4505 1032 4567 solidi
1063 4512 1137 4564 sunt
1158 4504 1256 4578 orbes,
1287 4522 1342 4563 nec
1371 4509 1428 4581 ipsi
1456 4507 1535 4581 qtobi
1554 4516 1683 4583 possunt
1709 4509 1794 4570 aliem

437 4612 532 4671 msam
553 4593 676 4654 haerere
695 4596 763 4671 tiri,
787 4612 841 4653 nec
863 4597 927 4652 nne
948 4594 1050 4652 solidis
1073 4593 1194 4652 orbibus
1216 4591 1252 4650 da
1274 4592 1337 4652 loeo
1360 4594 1394 4651 in
1416 4593 1516 4652 locum
1532 4600 1649 4654 moueri
1670 4605 1792 4674 possuntt

438 4679 477 4740 ab
499 4681 566 4740 ullo
588 4683 718 4742 animo?
739 4681 801 4740 Etsi
825 4698 871 4740 res
893 4699 911 4741 a
934 4681 1019 4741 nobis
1043 4682 1254 4740 remotissimae
1271 4688 1300 4738 et
1323 4697 1400 4756 quae
1423 4683 1486 4739 sine
1507 4684 1636 4757 genuino
1661 4684 1791 4763 exemplo
1833 4667 1848 4690 ⁰

435 4775 513 4842 sunt,
537 4767 670 4830 difficiles
693 4768 803 4830 habent
825 4768 988 4848 explicatus
1013 4777 1041 4826 ct
1065 4784 1217 4827 censuram
1240 4766 1369 4826 efficiunt
1396 4768 1537 4828 lubricam
1559 4769 1734 4844 admodum,
1763 4782 1791 4830 nt

436 4874 504 4917 vere
527 4856 641 4916 monuit
650 4856 846 4929 Ptolemaeus,
871 4858 896 4915 si
921 4865 1017 4915 tamen
1042 4854 1323 4914 verisimilitudinem
1347 4872 1512 4931 sequamur,
1536 4859 1639 4916 attenti
1664 4876 1701 4920 na
1724 4857 1791 4936 quid

435 4944 521 5003 nobis
542 4943 624 5022 ipsis¹
638 4944 814 5004 contrarium
837 4950 1017 5004 statuamus:
1042 4941 1121 5001 baud
1144 4943 1298 5001 obscurum
1323 4961 1388 5004 esse
1411 4946 1530 5021 poterit,
1554 4962 1651 5020 noque
1667 4957 1789 5008 mentm

437 5027 566 5106 aliquam
599 5025 836 5090 introducendam
866 5048 946 5104 asse,
976 5047 1052 5107 quae
1081 5028 1237 5090 dictamine
1267 5032 1388 5090 rationis
1417 5040 1446 5091 et
1469 5031 1561 5091 veluti
1590 5041 1663 5092 nutu
1687 5033 1790 5110 globos

436 5119 624 5192 circumagat,
648 5133 743 5193 neque
765 5121 892 5177 animam
916 5117 984 5177 boio
1005 5116 1124 5193 quidem
1147 5117 1358 5178 circumlationi
1380 5117 1615 5194 praeficiendam,
1639 5137 1717 5198 quae
1740 5124 1788 5194 sic,

438 5212 471 5266 nt
493 5203 526 5266 lit
546 5206 575 5266 in
599 5204 808 5270 convolutione
831 5207 909 5268 cirea
930 5221 1024 5281 axem,
1049 5206 1153 5266 virium
1175 5205 1324 5285 aequabili
1347 5208 1533 5268 contentione
1555 5206 1647 5270 iaciat
1666 5211 1789 5290 impres·
