4459 6275
483 1838 490 1851 ι
607 1886 1610 2007 0010010100οΜ000000000000001000
1659 1961 1662 1974 ·

961 2120 1064 2184 erus
1087 2087 1264 2199 notens.

451 2291 513 2376 on
540 2291 642 2402 toto
673 2291 879 2377 testonis
904 2292 950 2376 tri
986 2291 1359 2503 ilhlllgssgufilUSiiUE
1394 2294 1678 2381 innitimini:
1709 2297 1762 2382 tii

520 2750 555 2810 st
581 2759 663 2813 totus
689 2750 825 2811 mundos
852 2752 1008 2812 clauditur
1035 2753 1190 2831 superficie
1211 2751 1364 2829 rotando,
1396 2750 1486 2830 quesn
1507 2758 1604 2831 ipitar
1632 2756 1666 2814 in
1688 2756 1787 2816 locam

431 2839 545 2898 mmai
571 2841 667 2918 resera
696 2839 818 2915 plebum
848 2858 885 2900 ea
914 2849 997 2900 terro
1026 2849 1054 2901 et
1082 2858 1167 2917 optio
1194 2849 1438 2918 coopmeniotnm
1469 2850 1497 2902 et
1525 2848 1596 2902 oi're
1618 2844 1791 2902 amictum?
1920 2894 1922 2901 ι

434 2923 531 3006 Supra
559 2943 596 2986 ex
618 2928 734 2987 visione
762 2926 919 3004 probatum
947 2936 1009 3004 est,
1039 2927 1162 2988 'lenam
1184 2945 1249 3017 cum
1272 2935 1334 2988 toto
1365 2928 1474 2990 mundo
1497 2929 1599 2990 mobili
1628 2946 1692 2990 esso
1715 2934 1790 2989 intra

438 3011 621 3092 complexum
645 3016 712 3075 cavi
743 3017 938 3076 connumerati
964 3033 984 3075 a
1010 3015 1193 3076 firmamento
1223 3033 1277 3078 seu
1308 3016 1444 3076 astellis
1466 3016 1540 3077 fixis.
1586 3016 1660 3077 Cum
1690 3025 1789 3078 autem

440 3103 566 3178 apetium
588 3101 647 3163 hoc
669 3119 775 3163 canum
797 3120 816 3163 a
838 3102 931 3165 stollis
954 3102 1021 3164 tixts
1044 3120 1172 3164 vacuum
1203 3105 1241 3164 sit
1261 3103 1474 3181 amplissimum
1504 3105 1639 3183 adeoquo
1667 3107 1789 3167 inaesti-

442 3190 559 3264 mabile,
587 3190 718 3250 nondum
740 3193 831 3250 scitur
854 3210 890 3253 ex
912 3192 1056 3253 hactmus
1078 3191 1179 3266 dictis,
1211 3209 1270 3269 quo
1292 3192 1359 3252 loeo
1382 3192 1470 3269 hujus
1501 3195 1568 3271 cnvi
1589 3194 1678 3271 spatii
1700 3193 1791 3276 Terre

447 3276 608 3353 collocetur,
631 3280 760 3339 simoin
783 3280 930 3356 ipsissimo
952 3287 1051 3341 centro
1073 3278 1185 3354 mundi,
1208 3297 1245 3340 an
1268 3273 1299 3339 in
1315 3273 1414 3355 aliquo
1437 3279 1496 3339 alio
1515 3279 1582 3342 ioco
1604 3280 1692 3357 hujus
1715 3282 1790 3355 cavi,

448 3363 590 3438 paululum
613 3373 696 3426 extra
711 3373 852 3429 centrum.
895 3367 1073 3428 Probabitnr
1088 3375 1188 3429 sutem
1202 3365 1278 3427 libro
1295 3369 1478 3445 potissimum
1494 3375 1613 3445 quarto:
1641 3368 1671 3446 1)
1690 3367 1790 3427 Solem

454 3466 508 3513 esso
527 3455 556 3512 in
579 3455 646 3531 ipso
669 3462 768 3515 contro
791 3454 901 3529 muudi,
917 3473 1015 3533 ¹queue
1030 3454 1149 3515 Terram
1167 3461 1248 3516 extra
1264 3460 1393 3514 centrum
1409 3472 1473 3515 esse
1489 3463 1631 3532 oportere.
1671 3452 1702 3536 2)
1716 3454 1791 3516 Ter·

453 3552 503 3598 nm
523 3557 622 3601 annuo
645 3549 727 3602 motu
757 3543 798 3602 ire
821 3541 946 3603 deloco
973 3542 1122 3602 inlocum
1146 3541 1338 3616 circulariter,
1368 3544 1468 3618 itaque
1490 3542 1609 3603 'l'errum
1639 3542 1670 3600 in'
1691 3550 1791 3603 centro

455 3627 539 3687 nonii
562 3645 628 3689 esse
651 3645 710 3689 non
732 3646 829 3707 posse.
876 3629 907 3710 3)
931 3628 1018 3705 Quod
1039 3630 1179 3707 planetes
1197 3632 1311 3704 attinet,
1334 3627 1454 3690 Tenem
1478 3647 1541 3691 esse
1560 3629 1693 3691 abditam
1715 3632 1792 3689 intra

457 3714 625 3777 circuitiones
648 3715 777 3791 Saturni,
800 3715 887 3776 Jovis
910 3726 939 3778 et
961 3717 1082 3797 Martis,
1109 3719 1186 3779 circa
1208 3733 1286 3778 vero·
1306 3717 1430 3777 circulos
1453 3717 1577 3778 Veneris
1601 3725 1630 3778 et
1652 3716 1788 3778 Mercurii

457 3814 603 3881 omnaque
626 3802 716 3885 Solis,
739 3804 818 3881 quod
841 3806 974 3865 intimum
997 3806 1026 3863 in
1049 3805 1096 3866 his
1119 3804 1235 3866 circulis
1258 3805 1517 3882 occupationum,
1547 3806 1710 3882 circumire;
1742 3806 1790 3864 vi·

457 3888 536 3950 tisim
558 3898 700 3952 autema
722 3891 817 3967 Luna,
840 3895 945 3953 comite
969 3910 1033 3966 suo,
1056 3892 1188 3953 flexuoso
1211 3900 1292 3952 motu
1316 3893 1470 3951 circumiri.

524 3977 583 4039 Sed
606 3979 680 4039 haec
702 3980 775 4041 nihil
797 3977 835 4039 ad
857 3988 969 4041 motum
991 3982 1116 4058 primum
1139 3981 1265 4054 iaciunt,
1300 3996 1367 4039 cum
1388 3978 1436 4040 hic
1458 3995 1608 4040 versemur
1629 3980 1658 4038 in
1681 3978 1791 4056 prinoi-

416 4102 418 4108 ,
455 4064 506 4138 piis,
527 4066 566 4127 eri
588 4067 670 4126 iliius
692 4066 876 4129 solummodo
898 4070 983 4148 primi
1004 4074 1101 4129 motus
1125 4067 1349 4146 explicationem
1374 4068 1555 4128 necessariis.
1599 4064 1704 4144 Itaque
1727 4066 1791 4125 sui·

453 4148 500 4213 icit
526 4153 564 4213 nd
593 4154 819 4232 explicationem
846 4163 943 4217 motus
974 4146 1075 4233 pri'mi,
1108 4162 1141 4217 ut
1171 4154 1289 4216 Terram
1318 4153 1493 4215 collocemus
1522 4157 1551 4213 in
1583 4161 1681 4214 centro
1710 4152 1791 4213 illius

454 4250 545 4317 notus,
570 4246 626 4303 etsi
648 4260 707 4327 non
731 4246 770 4303 sit
791 4247 821 4303 in
844 4252 943 4304 couno
967 4246 1057 4304 totius
1073 4245 1214 4306 universi.
1256 4242 1332 4303 Nam
1352 4251 1454 4322 posset
1469 4259 1533 4303 esse
1548 4241 1639 4303 'l'erra
1661 4248 1790 4302 centrum

450 4329 790 4404 commonentium
816 4348 875 4391 non
898 4339 975 4393 esset
1002 4334 1078 4391 intra
1105 4348 1212 4392 cavum
1233 4329 1316 4391 illum
1346 4331 1484 4391 fornicem
1516 4329 1638 4390 fixarum
1666 4328 1790 4404 inclusa,
1823 4376 1826 4383 .

448 4416 491 4477 ssd
511 4418 602 4494 plane
624 4420 701 4479 inter
721 4420 803 4497 ipsas
824 4418 898 4479 fixas
920 4422 1100 4480 consisteret

529 4504 616 4566 Unde
636 4509 701 4581 scie
724 4514 847 4566 tontum
870 4525 928 4568 esse
948 4511 1082 4585 matiam
1105 4509 1191 4566 intro
1205 4523 1313 4566 cavom
1335 4504 1471 4582 moram
1485 4502 1671 4581 mineram?
1713 4500 1791 4579 Quia

435 4608 502 4653 ἀιιιι
526 4593 744 4655 semidiameter
761 4592 888 4655 Telluris
911 4597 1060 4656 contineat
1071 4593 1209 4670 milliaria
1226 4592 1403 4654 Germanica
1416 4591 1505 4671 paulo
1520 4594 1617 4651 minus
1631 4599 1790 4669 nongento,

442 4687 499 4742 tota
522 4689 621 4742 tamen
648 4683 708 4740 ista
729 4682 882 4759 longitudo
912 4682 1116 4761 praecingenti
1138 4681 1263 4742 fixarum
1295 4700 1316 4741 a
1336 4682 1427 4741 Terra
1452 4679 1592 4740 distantia
1618 4695 1672 4758 pro
1698 4678 1791 4738 nihilo

439 4776 481 4828 est
502 4772 610 4831 necin
633 4786 738 4830 sensus
760 4770 894 4844 incurrit,
918 4769 993 4831 odeo
1015 4778 1049 4829 ut
1070 4786 1129 4830 non
1152 4776 1265 4830 tantum
1288 4775 1418 4829 oentmm
1441 4769 1570 4844 corporis
1591 4766 1714 4841 Teneo,
1738 4764 1790 4825 soil

439 4859 526 4917 etiam
549 4855 675 4935 quilibet
698 4855 800 4916 oculus
822 4859 852 4915 in
874 4858 1027 4937 superficie
1049 4858 1167 4933 Terras,
1197 4858 1352 4934 nongentis
1374 4856 1434 4916 iere
1456 4854 1630 4915 milliaribus
1652 4873 1671 4914 ι
1693 4859 1792 4914 centro

437 4942 559 5020 tibiam,
582 4946 679 5023 possit
701 4944 802 5005 haberi
825 4962 878 5023 pro
901 4952 1000 5005 centro
1022 4944 1106 5023 primi
1129 4951 1236 5021 motos,
1259 4947 1383 5023 ipseque
1401 4944 1476 5004 adeo
1491 4949 1555 5004 totu
1568 4941 1667 5017 Terre,
1691 4946 1791 5002 tantae

436 5048 542 5112 eorpus
564 5030 776 5111 amplitudinis,
800 5048 852 5109 pro
873 5049 954 5095 mero
977 5038 1093 5111 puncto.

524 5121 639 5195 Pwio,
662 5120 922 5181 semidiomenum
941 5120 1053 5181 Tei-roe
1073 5122 1108 5179 in
1121 5121 1222 5196 prino
1235 5125 1321 5180 mota
1340 5134 1523 5178 comeare.
1560 5112 1793 5198 l)¹'l'ransrerss
1921 5189 1924 5196 Ι

435 5206 580 5271 diameter
602 5210 734 5286 eorporis
749 5206 836 5283 Solis,
860 5209 940 5285 qnod
962 5208 1056 5269 multo
1078 5209 1199 5286 propios
1221 5214 1266 5267 est
1285 5205 1391 5278 Terris,
1416 5222 1504 5283 quarn
1527 5203 1589 5265 ulla
1610 5203 1677 5279 flxa,
1699 5202 1792 5264 nihilo
