4459 6275
435 798 500 865 tid
930 793 1073 866 Εῃιιοιιιι
1090 796 1283 855 aeconomiae

433 976 567 1053 portione
599 972 821 1034 intervallorum
852 973 973 1051 simpla,
1005 977 1048 1035 ain
1081 977 1171 1036 ctiam
1203 976 1359 1037 universae
1393 974 1486 1037 librae
1518 974 1601 1053 globi
1634 974 1788 1053 planetarii

429 1063 555 1139 junctim
585 1062 625 1121 ab
652 1062 798 1123 univorsis
821 1062 937 1121 circulis
960 1065 1076 1123 virtutis
1094 1064 1219 1139 iunctim
1241 1070 1399 1123 morentur
1420 1066 1450 1123 in
1473 1064 1576 1125 eadem
1599 1066 1789 1141 proportione

433 1149 554 1227 simpla:
586 1150 696 1227 quippo
725 1165 791 1208 cnm
819 1151 876 1208 ista
898 1148 1025 1210 latitudo
1049 1159 1079 1211 ct
1100 1152 1225 1211 altitudo
1247 1153 1364 1211 virtutis
1386 1154 1515 1213 metricis
1537 1169 1597 1212 non
1620 1153 1660 1212 sit
1682 1149 1722 1211 dc
1742 1166 1790 1211 es·

435 1243 531 1297 santia
553 1238 655 1313 ipsius,
677 1234 729 1295 aed
752 1233 789 1296 da
812 1235 964 1296 accidente
986 1239 1013 1297 ei
1036 1254 1067 1297 ra
1089 1237 1201 1298 mobili.
1509 1249 1517 1263 ·

521 1323 603 1384 Sunt
624 1331 728 1382 tumen
750 1325 809 1381 iota
832 1324 1008 1401 difficiliora
1030 1322 1148 1384 crediin
1169 1326 1205 1385 de
1225 1330 1322 1401 spern‘e
1344 1329 1482 1403 corporis
1503 1333 1531 1385 ct
1553 1326 1679 1385 trirlaaeir
1702 1322 1791 1385 Soio·

432 1415 489 1485 ria,
519 1412 662 1487 plunelno
683 1409 874 1489 (proeamim
902 1406 1045 1495 Terram)
1066 1415 1306 1488 circumopsntr,
1330 1430 1425 1490 quom
1447 1414 1503 1472 illa
1524 1416 1637 1489 priora
1655 1410 1790 1487 pbiloso-

431 1498 563 1575 piorum
587 1498 623 1556 de
644 1498 858 1572 inteilipentr'ia,
883 1499 1049 1558 animabus
1070 1500 1248 1562 matricibus
1269 1509 1298 1559 et
1319 1500 1442 1561 orbibus
1458 1500 1585 1560 edidis?
1606 1498 1691 1560 riiirii
1705 1507 1791 1559 nooet

434 1584 544 1646 creditu
569 1602 633 1645 ease
657 1583 797 1656 difficilia,
821 1583 980 1644 dummodo
1003 1588 1062 1644 sint
1085 1588 1297 1664 comprehensu
1321 1586 1462 1661 faciliora,
1485 1604 1540 1647 nac
1561 1590 1661 1664 possit
1683 1586 1790 1647 iirob-

430 1675 499 1749 jici,
532 1671 612 1748 quod
640 1671 761 1731 orbibus
790 1679 819 1730 et
847 1671 1048 1748 intelligentiis
1075 1674 1131 1732 luit
1159 1674 1324 1751 objectum,
1354 1685 1406 1734 aut
1426 1673 1508 1734 aliud
1531 1676 1704 1752 quippiam,
1725 1680 1792 1751 uuo

434 1759 656 1837 impossibilitas
679 1759 893 1835 comprobetur.
940 1758 1015 1819 Nam
1038 1761 1132 1837 primo
1156 1770 1305 1839 atcunque
1327 1761 1414 1821 fldem
1438 1770 1592 1839 superent,
1623 1760 1791 1839 exemplum

435 1859 531 1908 tamen
560 1855 605 1908 est
632 1849 793 1923 genuinum
824 1848 853 1904 in
883 1855 1030 1923 magneta.
1076 1847 1193 1908 Deinde
1221 1851 1246 1908 si
1276 1852 1342 1926 quis
1371 1849 1502 1925 dabitat,
1533 1866 1571 1909 au
1594 1850 1790 1925 maguntinae,

435 1936 463 1994 ir.
487 1953 513 1995 c.
537 1943 688 1995 terrestres
711 1932 868 1995 facultates
891 1936 922 1992 in
944 1933 1029 1994 cocio
1052 1937 1126 2008 sint,
1156 1947 1186 1995 ct
1208 1954 1246 1996 aa
1268 1936 1374 2009 Terra,
1403 1952 1495 2015 grave
1518 1952 1642 2013 corpus,
1668 1936 1708 1996 da
1727 1934 1792 1995 ioco

434 2026 462 2080 in
491 2023 588 2082 locum
619 2024 772 2099 transponi
804 2023 898 2097 possit
926 2039 945 2081 a
974 2024 1074 2098 specie
1100 2024 1297 2083 immaioriata
1320 2022 1415 2099 Solis,
1444 2024 1471 2082 ls
1494 2023 1609 2083 Lunam
1633 2025 1789 2095 intueatur,

434 2127 522 2185 qaam
545 2108 653 2170 'l'erraa
681 2117 838 2186 cognotam
862 2107 944 2168 videt
970 2111 1123 2170 circumire
1152 2108 1234 2169 naiio
1264 2111 1414 2171 substrato
1436 2111 1532 2170 solido
1556 2112 1638 2171 orbs.
1686 2109 1791 2170 Valere

435 2214 503 2258 varo
533 2196 573 2256 ad
601 2197 781 2257 inferendum
809 2204 920 2255 motum
950 2198 1064 2272 species
1092 2214 1247 2274 corporum
1274 2207 1377 2257 mutuo
1409 2208 1625 2272 commeantes,
1657 2206 1743 2275 patet
1763 2200 1789 2255 la

434 2284 537 2345 eadem
560 2284 661 2358 Luna,
693 2301 770 2361 quaa
792 2301 843 2360 per
865 2284 1002 2343 emissam
1024 2286 1154 2361 spaniam
1176 2304 1268 2362 penca
1290 2303 1345 2345 nos
1368 2296 1469 2345 movet
1489 2287 1592 2345 maria
1640 2284 1787 2362 iirempiia

435 2375 524 2449 igitur
545 2389 604 2432 uon
627 2388 768 2432 caremus.
812 2370 874 2431 Nec
897 2387 950 2429 nos
973 2371 1079 2431 modus
1100 2373 1220 2449 fatigat,
1245 2389 1332 2451 quern
1355 2383 1452 2432 menta
1475 2373 1674 2450 perspicimus
1696 2370 1790 2451 qualis

433 2463 485 2520 sit:
509 2459 575 2521 sola
596 2458 776 2520 incredibilis
798 2458 938 2518 tortitudo
961 2459 1051 2534 hujus
1073 2462 1183 2537 speciei
1203 2476 1259 2519 nos
1281 2478 1440 2539 suspensos
1464 2468 1552 2520 tanet.
1598 2461 1694 2537 Atqui
1716 2468 1789 2521 recle

433 2548 481 2608 hic
510 2565 576 2609 curu
599 2546 771 2608 Ptolemaeo
799 2544 977 2623 respondere
1006 2562 1178 2623 pomumus,
1209 2564 1335 2625 aequum
1366 2564 1554 2625 nequaquam
1585 2562 1669 2621 csse,
1702 2555 1735 2607 nt
1755 2564 1788 2605 rr

434 2633 634 2697 imbecillitate
656 2642 757 2695 nostra
781 2635 902 2693 virtutes
925 2632 1092 2694 divinorum
1117 2651 1251 2711 operum,
1282 2651 1318 2694 er
1345 2638 1492 2711 parvitate
1514 2642 1617 2693 nostra
1638 2638 1787 2713 magnita-

434 2722 531 2783 dinem
554 2722 671 2782 illorum
693 2723 892 2782 aestimamus.
930 2718 1012 2780 ldodl
1036 2720 1155 2797 quidem
1177 2730 1208 2781 et
1229 2721 1387 2799 figurarum
1410 2724 1576 2781 aestimatio
1599 2724 1694 2781 manti
1709 2738 1788 2781 com·

434 2812 516 2888 petit,
539 2808 751 2887 magnitudinis
774 2816 827 2868 aut
848 2810 1013 2885 parvitatis,
1037 2808 1093 2868 lion
1109 2812 1155 2869 ait
1168 2811 1366 2886 quantitatum
1387 2808 1614 2883 indefinitarum,
1637 2808 1740 2870 nulius
1759 2810 1787 2867 ln

434 2898 490 2959 bac
512 2898 718 2959 aardmatinne
742 2912 848 2957 canaan
870 2911 935 2956 ease
958 2894 1055 2955 dabat.

553 3037 606 3099 iv.
629 3038 684 3098 Do
706 3038 834 3100 causis
858 3037 1121 3115 proportionis
1142 3034 1425 3113 periodicoraur
1448 3042 1673 3111 temporum.

520 3159 636 3220 Diniaii
656 3162 691 3218 in
712 3162 867 3235 principio
888 3158 981 3232 lacius
1002 3159 1217 3234 speculationis
1238 3157 1275 3218 dc
1295 3167 1391 3232 rnatu,
1412 3155 1569 3234 periodica
1588 3155 1790 3232 planetum

434 3256 573 3324 temporo
593 3250 724 3323 reperiri
744 3249 932 3307 ocnoeioebnc
960 3249 994 3303 in
1015 3249 1214 3321 proportione
1235 3263 1363 3306 auorum
1386 3245 1508 3304 orbium
1529 3261 1584 3302 aera
1606 3245 1789 3303 circulorum

433 3336 647 3412 mquinltcr05
676 3353 794 3411 quaero
820 3352 903 3409 pune
930 3337 969 3390 ait
996 3334 1089 3405 baias
1116 3337 1162 3390 rei
1191 3334 1309 3392 conto?
1345 3333 1460 3392 Causae
1490 3331 1527 3391 ad
1553 3330 1788 3391 constituendam

436 3425 574 3499 temporis
602 3422 743 3498 periodici
771 3420 984 3498 longitudinum
1016 3428 1191 3478 concurrunt
1215 3427 1350 3496 quatuor.
1397 3419 1495 3478 Prima
1519 3428 1564 3478 cst
1587 3420 1704 3478 itineris
1727 3417 1790 3475 lon·

435 3508 555 3584 gitudo,
586 3510 716 3570 mcunda
746 3510 861 3587 pondua
890 3526 942 3568 serr
974 3510 1060 3583 copia
1090 3510 1229 3566 materiae
1252 3506 1509 3585 transportandae,
1541 3508 1629 3566 tertia
1652 3504 1791 3566 fortitudo

437 3598 552 3655 virtutis
581 3599 724 3670 matricis,
756 3604 860 3673 quarta
883 3594 975 3654 moles
999 3613 1051 3653 anu
1075 3596 1217 3671 spatium,
1250 3597 1278 3651 in
1302 3594 1381 3670 quod
1404 3594 1568 3670 explicatur
1590 3595 1718 3653 muntia
1741 3609 1790 3652 re·

435 3683 542 3743 luenda
579 3683 662 3743 Sicut
684 3687 760 3744 enim
784 3685 816 3743 iit
837 3686 867 3742 in
891 3680 1069 3755 molendino,
1093 3683 1178 3757 cujus
1202 3689 1296 3740 rotam
1319 3683 1491 3757 circumagit
1513 3680 1641 3740 ilunrlrrls
1658 3683 1790 3758 impetus,

436 3780 469 3830 ut
491 3787 550 3846 quo
574 3770 692 3832 latiores
714 3780 744 3832 et
768 3772 917 3848 longiores
939 3770 1019 3843 aias,
1043 3768 1160 3828 tabulas
1183 3786 1234 3828 seu
1257 3785 1354 3828 remos
1375 3779 1459 3828 rotae
1482 3768 1625 3840 affixeris,
1651 3768 1710 3828 lroc
1731 3785 1792 3828 ma·

433 3860 528 3934 joram
551 3859 610 3918 vlm
640 3859 784 3932 fluminis,
816 3860 912 3919 iusaar
942 3858 1055 3916 seilicet
1083 3875 1136 3934 per
1158 3855 1343 3916 latitudinem
1367 3864 1397 3915 et
1420 3855 1650 3933 prolanditatem
1674 3857 1792 3926 maaria,

438 3949 466 4005 in
489 3945 655 4008 machinam
679 3946 807 4008 derives:
839 3948 881 4005 sic
912 3947 1001 4004 etiam
1031 3944 1063 4003 iit
1090 3947 1120 4003 in
1144 3943 1200 4002 lioc
1223 3943 1343 4004 coelesti
1367 3946 1478 4002 vortice
1501 3946 1611 4003 ruentis
1635 3946 1666 4000 irr
1689 3959 1792 4021 gyrum

437 4036 546 4111 speciei
569 4032 696 4109 Solaria,
728 4051 805 4109 qnae
832 4042 943 4093 motum
972 4040 1123 4103 murator,
1156 4038 1188 4088 ut
1219 4047 1340 4106 corpus,
1373 4048 1432 4108 quo
1455 4031 1543 4089 luerit
1564 4033 1729 4107 spatiosius
1750 4033 1793 4106 (nt

436 4121 484 4197 lig.
511 4122 562 4181 es.
586 4123 622 4195 Α,
645 4120 684 4201 D)
706 4121 763 4180 hoc
785 4120 873 4180 latius
897 4121 987 4179 etism
1009 4127 1039 4179 et
1062 4117 1233 4195 proinndius
1256 4127 1378 4195 occupet
1403 4120 1540 4176 virtutem
1563 4125 1795 4190 mercatorum

437 4207 525 4280 Bon,
549 4224 601 4285 pro
624 4207 780 4268 latitudine
803 4206 999 4266 intellectam:
1023 4206 1078 4265 hoc
1102 4206 1226 4264 celerias
1248 4208 1337 4266 ctiam
1358 4208 1461 4265 ceteris
1478 4206 1599 4282 paribus
1615 4206 1794 4282 provebatur

437 4293 553 4370 hocque
576 4299 660 4354 citius
684 4297 738 4354 iter
760 4311 845 4353 suum
868 4292 1049 4370 periodicum
1073 4294 1220 4353 absoluat

524 4381 595 4441 dam
617 4398 687 4442 rero
709 4384 814 4442 itinera
836 4379 990 4441 circularia
1011 4381 1196 4457 planetarum
1219 4389 1287 4439 suut
1310 4380 1338 4437 in
1362 4382 1550 4455 proportione
1572 4379 1792 4441 intervallorum

437 4466 556 4543 simpla:
587 4471 663 4529 sicut
686 4473 763 4529 enim
786 4477 832 4528 est
854 4469 904 4528 SA
927 4466 965 4527 ad
988 4467 1048 4540 Sl),
1073 4471 1117 4527 sic
1140 4471 1228 4527 etiam
1251 4485 1282 4526 se
1306 4466 1397 4525 habet
1420 4474 1499 4526 totus
1523 4467 1651 4526 circulus
1676 4468 1731 4527 Ba
1754 4465 1789 4526 ad

437 4563 531 4614 totum
559 4556 699 4617 circulum
722 4557 790 4615 EDr
822 4555 953 4632 pondera
983 4573 1054 4615 vero
1083 4573 1137 4615 sen
1168 4556 1254 4631 eopia
1282 4555 1423 4613 materias
1453 4549 1483 4612 in
1513 4553 1639 4613 diversis
1671 4554 1793 4632 planetis

436 4651 505 4701 sunt
527 4645 555 4700 in
579 4647 767 4720 proportione
790 4641 1010 4702 intervallorum
1034 4642 1196 4714 dimidiata,
1220 4649 1253 4699 ut
1267 4657 1357 4716 supra
1372 4641 1537 4717 probatum,
1561 4645 1604 4701 sic
1622 4649 1656 4701 ut
1671 4659 1792 4720 sempm

436 4731 486 4804 qui
509 4728 605 4804 altior,
628 4733 654 4789 is
678 4731 744 4808 plus
768 4730 876 4792 habeat
898 4733 1038 4790 materiae
1062 4747 1158 4806 eoque
1180 4735 1210 4786 et
1233 4728 1344 4786 tardius
1361 4737 1570 4803 promoveatur
1590 4739 1621 4788 et
1635 4727 1707 4806 plns
1722 4741 1794 4789 tern-

436 4818 516 4892 poris
538 4820 567 4875 in
590 4818 743 4894 periodum
765 4835 849 4878 suam
869 4816 1051 4886 accumulet,
1075 4834 1140 4877 curn
1159 4815 1222 4891 jam
1244 4822 1332 4874 antea
1354 4817 1468 4874 ratione
1492 4818 1607 4875 itineris
1629 4817 1700 4892 pins
1722 4827 1793 4875 tern-

437 4907 515 4979 poris
539 4904 757 4965 desideraverit.
789 4906 864 4964 Nam
888 4915 983 4964 sumto
1006 4904 1104 4964 modio
1127 4901 1337 4981 proportionali
1354 4902 1404 4960 sii
1428 4905 1502 4962 inter
1524 4902 1573 4961 SA
1589 4909 1620 4962 at
1634 4903 1697 4976 si),
1721 4903 1793 4964 duo·

436 5008 499 5049 rum
523 4991 706 5070 planetarum
727 4991 892 5062 intervalla,
918 5000 950 5050 ut
971 4991 1023 5051 Sl(
1047 5010 1077 5050 se
1100 4990 1249 5051 habetati
1273 4991 1370 5065 majus
1389 4990 1448 5062 Si),
1472 4993 1515 5049 sio
1537 5007 1569 5050 se
1592 4990 1685 5052 habet
1708 4993 1790 5067 copia

438 5081 576 5139 marenae
604 5082 633 5137 ia
662 5078 782 5155 planeta
805 5081 830 5137 ii
854 5079 891 5138 ad
915 5079 996 5137 illum
1022 5083 1050 5136 ia
1072 5080 1192 5155 planeta
1214 5079 1257 5136 ll:
1286 5074 1466 5138 tardavero
1494 5087 1522 5137 ci
1551 5089 1658 5154 quarta
1689 5093 1792 5140 aaran

437 5181 469 5220 aa
491 5177 593 5226 rnutuo
617 5177 806 5244 compensant
828 5170 857 5224 in
880 5166 1061 5225 diversorum
1084 5166 1267 5241 planetarum
1291 5167 1518 5242 comparatione,
1542 5165 1651 5241 simpla
1673 5183 1744 5226 vero
1764 5173 1790 5224 rt

437 5249 589 5312 dimidium
610 5255 808 5330 proportionis
823 5253 1042 5314 utnraiiorum
1056 5256 1238 5314 constituunt
1250 5255 1469 5330 proportionem
1490 5251 1626 5327 sinadam
1648 5251 1790 5330 aupald·
