4459 6275
892 772 976 831 Liber
993 773 1104 830 Sutor.
1139 771 1209 830 Pars
1227 770 1363 862 omn..
1729 775 1795 836 499

434 951 517 1023 aaa
535 952 607 1009 acc
623 952 669 1009 va
685 950 772 1008 enta
788 950 893 1020 nunu,
913 948 1025 1020 cunque
1041 949 1076 1005 m
1087 948 1163 1005 aaa
1181 947 1342 1018 unacum,
1359 904 1396 1001 ‘ex
1414 947 1439 1000 s
1456 946 1485 1005 u
1497 945 1546 1001 an
1558 943 1793 1015 perpensamus

432 1030 491 1101 ΔΟ,
508 1030 670 1102 (tardantur
688 1030 798 1086 schema
815 1029 863 1094 92,
884 1033 916 1085 ut
932 1028 979 1082 ΑΟ
997 1029 1033 1081 sit
1050 1043 1129 1097 perp.
1147 1025 1210 1094 BE)
1231 1034 1296 1080 tunc
1319 1023 1368 1078 ΛΤ
1387 1024 1495 1093 quidem
1515 1030 1588 1078 esset
1604 1022 1721 1078 latitudo
1739 1022 1794 1077 Lu·

433 1127 497 1177 uae,
515 1110 539 1167 si
556 1118 680 1167 centrum
689 1110 749 1179 ejus
767 1107 879 1167 essetia
891 1106 914 1161 T
926 1108 954 1161 in
971 1121 1036 1160 vera
1050 1105 1235 1175 oppositione;
1254 1111 1284 1159 at
1301 1103 1355 1173 AG,
1374 1102 1536 1158 vicinissime
1554 1102 1608 1170 ipsi
1621 1101 1678 1171 AT,
1697 1099 1795 1155 dicitnr
1894 1148 1899 1164 ,

434 1204 519 1245 arcus
536 1189 608 1245 iuter
626 1196 729 1245 centra.
755 1188 757 1193 '
779 1247 782 1251 ,

528 1289 672 1367 Quantus
686 1292 858 1365 requiritur
871 1290 919 1347 isia
941 1303 1035 1346 arcun
1049 1283 1092 1344 ad

434 1394 538 1437 unua
570 1375 744 1453 arsamlibet.
764 1377 902 1455 famam
931 1371 1092 1449 ectipaeoei

434 1464 471 1523 1u
494 1461 580 1524 totali
602 1465 665 1523 sine
688 1481 770 1525 mora
791 1481 877 1525 arcus
894 1465 950 1523 iste
972 1459 1091 1520 additus
1198 1453 1205 1463 '

437 1550 659 1617 semidiametro
696 1551 798 1612 Lunae
831 1568 979 1611 summam
1020 1547 1091 1608 iacit
1141 1626 1148 1638 ,

435 1637 594 1715 aeqodem
631 1639 847 1701 semidiametro
885 1639 1024 1711 umbrae3
1062 1637 1091 1691 in

436 1725 523 1787 totali
539 1743 605 1787 eum
623 1743 707 1787 mora
719 1729 861 1788 minorem
874 1724 1090 1787 semidiametro

436 1813 574 1888 omhraa3
604 1815 634 1871 in
665 1814 782 1891 partiali
809 1814 951 1891 maj0rem
973 1811 1090 1890 quidem

436 1900 657 1963 semidiametro
676 1903 806 1975 umbrae,
828 1904 969 1965 minorem
991 1907 1090 1958 tamen
1213 1974 1243 1981 „

435 2006 552 2049 summa
585 2005 621 2049 ex
653 1990 879 2052 semidiametris
894 2004 896 2007 ·
911 1990 1030 2048 umbrae
1062 1995 1091 2047 et

437 2074 542 2137 Luam
565 2075 709 2138 coniecta

523 2175 562 2232 Ut
583 2176 635 2231 ΔΕ
657 2184 702 2232 ost
723 2190 831 2232 summa
851 2175 913 2244 ΔΘ,
939 2174 988 2230 ΟΕ
1013 2175 1091 2231 semi·

435 2255 638 2325 ditmannum,
655 2256 704 2313 AV
716 2270 783 2312 roro
799 2256 828 2310 iu
846 2254 984 2311 schemate
1001 2254 1092 2324 pn‘ore

436 2343 482 2391 est
496 2335 545 2391 illa
562 2334 671 2404 quidem
685 2336 781 2403 minor,
797 2334 885 2403 maior
900 2340 991 2391 tamen
1009 2347 1091 2401 quam

435 2413 497 2480 AN,
515 2412 716 2471 semidiameter
734 2413 861 2484 umhrae3
877 2429 933 2471 non
949 2411 1032 2480 igitur
1050 2419 1091 2467 to·

434 2491 512 2561 talis,
531 2492 581 2548 aed
598 2491 722 2561 partialis
741 2498 784 2547 est
801 2489 918 2560 eclipsis.
952 2488 986 2545 In
1004 2489 1091 2546 altero

436 2568 576 2627 schemate
601 2571 648 2626 AO
667 2571 756 2625 minor
780 2577 822 2626 eat
845 2584 926 2639 quam
942 2568 1006 2633 ab,
1030 2568 1091 2640 ΑΚ,

437 2644 592 2703 merentia
616 2649 889 2714 semidiametroram,
922 2648 1016 2717 itaque
1041 2648 1092 2705 AV

438 2727 528 2781 minor
545 2733 588 2783 est
605 2745 687 2797 quam
705 2730 763 2799 AN,
782 2727 876 2784 totalis
894 2727 977 2796 igitar
994 2717 1112 2796 eclipsis.

527 2802 609 2878 Quid
634 2813 709 2865 eunt
734 2804 883 2879 scrupula
911 2799 1138 2882 odorationis
1165 2799 1326 2869 dimidiae,
1356 2795 1387 2879 i)
1408 2801 1592 2865 incidentiae
1620 2822 1674 2865 seu
1698 2821 1796 2876 canu,

437 2887 680 2970 dimensionis,
711 2890 871 2964 iimorae
893 2889 1060 2950 dimidiae?
1088 2888 1166 2951 Sunt
1192 2904 1277 2948 mans
1298 2889 1366 2947 riae
1389 2887 1508 2965 Lunae,
1539 2892 1570 2950 in
1601 2893 1708 2969 onibus
1731 2894 1797 2952 ext·

437 2983 537 3038 nauta
558 2987 659 3040 centro
681 2980 793 3055 Lunae,
816 2978 866 3040 vai
891 2975 922 3050 1)
947 2976 1045 3038 deficit
1067 2975 1168 3054 aliqua
1187 2992 1255 3053 pars
1277 2975 1392 3050 Lunae,
1416 2977 1502 3036 Luna
1524 2976 1557 3055 2)
1580 2978 1630 3041 rel
1651 2977 1797 3040 incidente

440 3066 470 3123 iu
493 3065 637 3140 umbram,
662 3067 694 3147 3)
718 3065 766 3127 rel
789 3069 965 3143 emergente,
990 3062 1022 3144 t)
1043 3065 1092 3125 vel
1114 3066 1204 3126 etiam
1227 3063 1313 3124 Luna
1335 3070 1398 3124 tota
1421 3065 1602 3127 obscuratur.

526 3165 565 3223 Ut
580 3165 638 3238 BC,
663 3168 710 3225 ΟΕ
728 3176 794 3225 aunt
811 3165 940 3236 scrupula
963 3164 1113 3221 durationis
1132 3164 1271 3228 dimidiae,
1294 3166 1344 3220 ΒΚ
1363 3165 1540 3235 incidentiae,
1558 3167 1609 3224 DE
1627 3166 1796 3238 mersionis,

438 3244 486 3299 Kc
506 3245 550 3301 rel
568 3245 614 3299 CD
639 3262 731 3302 morae
755 3247 890 3302 dimidiae.
925 3247 988 3302 Etsi
1005 3261 1069 3301 vero
1091 3246 1242 3303 incidentia
1264 3261 1314 3301 seu
1333 3260 1413 3301 casus
1432 3253 1460 3300 et
1477 3247 1592 3301 emersio
1610 3246 1720 3316 proprie
1737 3250 1797 3299 tan·

437 3329 497 3379 tum
515 3321 550 3379 ds
567 3325 698 3382 totalibus
716 3332 876 3395 usurpamr,
902 3330 993 3379 tamen
1017 3326 1098 3380 etiam
1117 3324 1146 3380 iu
1169 3324 1278 3395 partiali
1303 3324 1403 3394 prioris
1425 3324 1570 3382 schematis
1587 3325 1634 3380 Bc
1651 3322 1798 3380 incidentia

438 3401 493 3458 diet
510 3406 612 3472 potest,
631 3402 677 3458 GE
696 3403 818 3459 emersio.

532 3494 690 3569 Quomodo
711 3495 860 3574 differunt
881 3494 1005 3557 dormio
1026 3503 1055 3555 ct
1075 3495 1188 3557 morai
1220 3496 1345 3558 Duratio
1369 3504 1415 3557 est
1437 3495 1474 3557 de
1506 3495 1660 3567 obnitario
1682 3494 1797 3557 deiscm

438 3580 632 3658 intelligenda
655 3581 749 3659 deque
772 3584 906 3644 omnibus
930 3583 1102 3661 eclipsibus3
1133 3600 1214 3645 mora
1234 3592 1348 3645 mutum
1372 3584 1408 3645 de
1431 3584 1613 3662 quuuudam
1635 3583 1797 3645 defectibus

439 3669 592 3746 pierariis,
615 3668 845 3746 subintelligitur
866 3672 959 3731 enim:
982 3674 1011 3730 in
1035 3670 1163 3731 tenebris
1186 3672 1234 3732 rel
1258 3674 1370 3733 umbra.
1769 3723 1772 3728 ,

529 3756 616 3832 Quod
636 3765 679 3817 eat
691 3757 826 3818 medium
849 3760 964 3833 eclipsis
976 3776 1030 3818 eeu
1051 3776 1173 3819 summo
1188 3758 1386 3821 obscuratio?
1409 3758 1534 3833 Quando
1550 3766 1680 3820 ceruum
1695 3758 1797 3819 Lunae

440 3850 488 3905 est
510 3842 558 3903 rei
585 3843 720 3920 iunctum
742 3856 842 3906 eentm
861 3846 996 3920 umbrae,
1025 3845 1071 3906 vel
1095 3848 1125 3904 in
1148 3845 1385 3924 perpendiculari
1413 3846 1466 3907 illa
1496 3864 1532 3907 ex
1555 3856 1654 3908 centro
1677 3847 1798 3907 umbrae

438 3932 470 3991 in
491 3931 573 3991 mam
596 3931 706 3993 Lunae.
744 3935 784 3992 Ut
799 3936 843 4006 dg.
864 3935 906 4004 95,
926 3935 1035 4005 quando
1054 3936 1075 3992 G
1094 3941 1218 3993 centrum
1235 3936 1262 3991 iu
1281 3938 1333 3993 AN
1349 3937 1456 3994 incidit.

396 4029 401 4040 “
529 4020 633 4092 ocare
653 4022 835 4081 conuicia
855 4020 969 4080 circulo
992 4019 1165 4079 latitudinis
1186 4022 1250 4095 Ao,
1273 4021 1317 4079 od
1337 4022 1506 4096 eclipticam
1525 4024 1631 4098 potius
1643 4028 1741 4095 secto,
1763 4028 1800 4082 ut

438 4109 475 4165 in
498 4110 690 4168 uenenorum
711 4106 825 4166 veteri?
855 4110 882 4165 l.
907 4105 994 4183 Quia,
1017 4108 1133 4184 proprie
1155 4105 1312 4184 loquendo,
1336 4107 1422 4169 Luna
1443 4110 1473 4168 in
1496 4108 1575 4170 hunc
1589 4109 1728 4169 circulum
1750 4110 1799 4168 iu·

439 4192 545 4253 cidens
566 4209 625 4253 nou
646 4194 873 4272 profundissimo
896 4195 1027 4254 venitin
1049 4194 1192 4256 umbram.
1238 4198 1267 4255 i.
1291 4194 1370 4271 Quia
1391 4204 1526 4273 tempora
1547 4203 1578 4256 et
1598 4196 1737 4274 scrupula
1751 4197 1799 4255 in·
1852 4255 1855 4260 .

440 4280 589 4342 eideutiae
611 4280 664 4341 BT
686 4288 716 4343 et
741 4282 912 4343 emersionis
934 4280 986 4342 ΤΕ
1007 4281 1197 4344 redderentur
1218 4283 1400 4361 inaequalia,
1432 4283 1542 4344 coitate
1568 4283 1606 4344 ad
1634 4284 1712 4344 huuc
1740 4283 1798 4343 oir-

439 4368 542 4429 euium
572 4367 665 4445 ATQ.
718 4365 751 4450 3)
787 4368 864 4444 Quis
894 4371 937 4429 sic
968 4369 1204 4448 compendiosius
1235 4379 1420 4449 computatur
1453 4369 1568 4432 dumtio
1598 4376 1628 4432 et
1655 4388 1739 4431 mora
1767 4372 1798 4429 iu

439 4456 580 4517 mucoris.
1716 4450 1721 4463 '

421 4574 431 4593 ·
530 4543 687 4618 Quomodo
701 4542 910 4620 commutanda
924 4551 996 4604 euni
1010 4545 1158 4621 scrupulo
1181 4544 1355 4606 durationis
1375 4545 1530 4621 &midiae
1552 4562 1643 4607 moro
1658 4544 1797 4621 dimidia,

439 4632 633 4705 incidentiae,
657 4630 853 4692 marionis?
883 4631 932 4691 ab
948 4632 1191 4709 antilogarithmis
1206 4649 1337 4694 summae
1360 4641 1389 4693 et
1411 4632 1591 4694 differentiae
1613 4633 1800 4693 semidiame-

439 4726 552 4780 tromm
575 4717 677 4779 Lanae
700 4728 730 4779 et
751 4720 871 4779 umbrae
894 4720 1023 4780 aufertur
1044 4719 1301 4798 antilogaritbmus
1322 4736 1407 4798 arcus
1437 4723 1511 4781 inter
1532 4728 1632 4781 centra
1654 4735 1707 4782 seu
1729 4719 1799 4779 lati-

440 4805 591 4881 tudinarii,
615 4804 733 4867 residua
756 4808 890 4883 quaesita
911 4809 987 4869 inter
1008 4807 1262 4884 antilogaritbmos
1285 4807 1444 4869 ostendunt
1464 4809 1539 4869 iuter
1561 4824 1647 4870 arem
1661 4806 1799 4885 aompula

440 4893 505 4954 iilic
526 4893 689 4954 durationis
713 4894 865 4968 dimidiae,
897 4895 946 4957 hic
967 4912 1067 4956 morae
1089 4893 1244 4956 dimidiae:
1275 4896 1321 4955 his
1344 4913 1415 4957 vero
1445 4911 1545 4958 morae
1567 4896 1605 4956 ab
1627 4895 1686 4955 illis
1710 4893 1799 4954 dura·

440 4981 533 5042 tionis
556 4980 674 5049 ablatis,
698 4980 899 5059 relinquuntur
921 4983 1059 5062 scrupula
1082 4983 1256 5044 incidentiae
1279 4993 1308 5043 et
1331 4985 1510 5044 emersionis.

531 5064 570 5124 [b
586 5064 632 5119 iic
650 5073 824 5134 computatur
841 5082 876 5120 ex
894 5066 942 5121 ΑΒ
959 5081 1066 5121 summa
1082 5072 1111 5121 et
1128 5067 1183 5135 Ac,
1200 5067 1266 5136 quia
1282 5066 1354 5121 BOA
1371 5072 1478 5135 renue,
1503 5065 1544 5122 aie
1561 5064 1609 5119 Kc
1626 5078 1660 5118 ex
1679 5062 1730 5118 ΔΚ
1748 5062 1798 5119 dii-

440 5143 563 5201 iersutis
579 5143 839 5200 semidiametrorom
857 5153 884 5200 et
901 5162 936 5202 ax
953 5148 1013 5215 Aci
1032 5143 1126 5200 ablato
1143 5160 1208 5200 raro
1225 5144 1274 5200 KG
1292 5161 1310 5200 a
1327 5144 1381 5212 BC,
1400 5150 1492 5200 manet
1508 5144 1568 5201 BR.

533 5240 603 5311 Quo
633 5254 666 5296 rc
696 5237 844 5316 differunt
864 5238 930 5299 loca
961 5255 1051 5299 verae
1073 5238 1296 5314 conicmotionis
1316 5246 1345 5298 et
1375 5238 1594 5299 ouananonu
1623 5234 1801 5296 maximae?

1515 5341 1555 5401 it
1571 5340 1591 5378 '⁸
