4459 6275
876 788 1104 860 IaderQnartua
1140 787 1362 849 Peraflccnnda.
1476 878 1481 891 ἱ
1696 739 1792 851 ιΜ

438 968 533 1031 aesdo
555 967 595 1029 lii·
611 965 650 1029 ad
672 964 797 1042 angulus
818 972 923 1042 remos,
946 967 1107 1045 applicatio
1129 969 1219 1046 igitur
1236 968 1271 1029 iit
1283 965 1372 1045 plene
1387 963 1480 1041 onus,
1503 980 1570 1028 curn
1581 966 1678 1031 ¹sectio
1690 962 1793 1025 Lunae

439 1055 546 1118 indat
567 1058 598 1115 in
619 1061 750 1116 menum
771 1051 881 1115 'lemae
910 1057 997 1133 elque
1027 1054 1063 1117 dc
1086 1050 1197 1117 circulo
1216 1051 1288 1116 1t10
1309 1071 1422 1116 merum
1441 1061 1584 1132 puuctum
1605 1050 1792 1132 respondeat.

528 1142 603 1204 Cum
625 1143 715 1219 igitur
735 1140 795 1201 alla
817 1158 907 1202 musa
929 1157 989 1202 non
1012 1152 1155 1220 appareat
1176 1143 1399 1204 moderationis
1413 1144 1444 1201 in
1459 1139 1583 1220 copulis,
1606 1138 1794 1204 statuendum

440 1233 506 1306 arii,
527 1230 698 1293 iaculum
721 1228 958 1292 confortatoriam
980 1232 1091 1307 speciei
1111 1230 1221 1292 Terrae
1242 1231 1372 1293 monicie
1395 1225 1478 1290 ont
1500 1231 1597 1291 ineam
1617 1228 1720 1289 lumini
1741 1225 1792 1286 cl)

438 1321 578 1393 mnino,
607 1333 667 1378 non
691 1316 755 1393 iam
785 1324 931 1394 qnatenus
960 1317 1025 1378 iona
1052 1320 1161 1395 ipsios,
1191 1317 1221 1377 id
1251 1327 1296 1378 eat
1322 1334 1429 1394 corpus
1450 1314 1531 1377 Solis
1552 1323 1666 1378 rotatur
1688 1313 1795 1395 (saluit
1887 1366 1895 1375 ,

439 1405 518 1468 laaec
540 1423 560 1467 a
580 1411 663 1467 motu
685 1402 867 1465 modificatio
887 1422 986 1483 snpra,
1010 1419 1077 1465 cum
1099 1404 1136 1467 de
1159 1406 1314 1484 speciebus
1335 1407 1466 1482 ipsorum
1489 1419 1642 1482 corporum
1663 1401 1743 1464 Sulla
1765 1408 1794 1462 et

439 1493 551 1556 'serrae
573 1495 636 1554 sine
657 1498 792 1569 respectu
814 1490 933 1563 laminis
954 1492 1166 1570 loqueremur),
1187 1492 1241 1554 sed
1264 1510 1323 1571 qua
1344 1493 1452 1568 lumen,
1473 1492 1610 1552 murnum
1632 1489 1794 1554 secundnm

439 1583 602 1658 genuinam
623 1580 742 1641 luminis
764 1586 795 1639 et
816 1579 1004 1641 ementialem
1025 1579 1250 1665 quodammodo¹
1266 1580 1479 1658 figurationem.
1512 1579 1546 1640 st
1568 1580 1657 1656 igitur
1677 1584 1793 1641 statua-

439 1685 527 1743 mam,
556 1665 707 1729 iortidcari
737 1667 866 1743 operiere
891 1665 969 1729 hanc
998 1671 1129 1746 corporis
1150 1667 1278 1729 Telluris
1299 1685 1351 1747 per
1374 1666 1478 1728 modos
1499 1665 1707 1745 applicationis
1728 1664 1794 1742 eina

439 1754 482 1817 ad
509 1755 595 1817 orbes
623 1753 757 1827 luminis,
774 1762 877 1838 ‘opusc
905 1763 936 1815 et
957 1772 1094 1817 mensure
1115 1757 1171 1817 erit
1192 1757 1221 1814 in
1244 1764 1361 1834 promtu
1383 1755 1604 1816 acceierattouia
1626 1756 1656 1812 iu
1679 1751 1794 1830 copnlla

440 1841 512 1918 CD,
540 1841 600 1903 GH
622 1839 836 1915 validissimae,
865 1841 965 1905 nullae
988 1859 1058 1906 reru
1087 1845 1119 1903 iu
1144 1842 1272 1920 quadris.
1318 1842 1392 1903 (lum
1415 1851 1514 1904 antam
1535 1858 1588 1919 per
1610 1838 1725 1902 DFHK
1746 1843 1794 1903 ree

438 1937 645 2009 prementem
669 1945 730 1989 non
757 1936 872 1989 tantum
900 1933 1014 2008 species
1042 1932 1172 2009 corporis
1194 1931 1303 1994 'l'errac
1332 1938 1366 1991 nt
1392 1946 1485 2008 agens
1513 1947 1566 1991 een
1592 1930 1712 2002 nrotrlx,
1740 1926 1793 1991 sed
1925 1966 1928 1971 ·

439 2019 533 2080 dmm
560 2018 657 2078 orbita
683 2019 750 2094 ipsa
770 2013 873 2078 Lunae
902 2025 935 2079 at
962 2019 1101 2096 patientie
1132 2036 1186 2080 seu
1215 2022 1258 2080 rei
1288 2025 1386 2107 motae
1407 2015 1589 2100 (quanquam
1611 2025 1682 2078 tunc
1702 2013 1795 2079 'lura
1867 2092 1874 2105 ,

438 2121 501 2167 nou
529 2107 586 2167 erit
612 2107 643 2164 ln
666 2112 766 2166 senno
789 2103 890 2165 circuli
916 2105 1057 2181 munda,
1087 2105 1141 2167 sed
1163 2103 1305 2187 propter),
1337 2104 1560 2182 concipiendum
1582 2106 1636 2166 erit
1656 2102 1793 2182 ampdns,
1841 2124 1843 2129 ⁴

439 2193 492 2254 rei
512 2192 617 2255 Lunae
638 2204 744 2270 corpus
766 2192 796 2250 ln
819 2190 888 2261 ct),
917 2190 975 2252 GH
1005 2193 1121 2270 copulis
1142 2193 1258 2274 (inponi
1280 2193 1320 2255 ad
1341 2201 1454 2254 motum
1475 2192 1637 2255 meusium
1658 2190 1793 2252 diffusio·
1860 2236 1863 2249 .

439 2297 510 2342 nean
531 2296 586 2341 aen
606 2277 791 2357 superficiem
813 2276 946 2355 luminis,
968 2280 1073 2341 melius
1096 2297 1184 2358 qnam
1207 2283 1237 2340 iu
1258 2281 1326 2356 lili,
1349 2279 1408 2356 lK,
1431 2281 1483 2361 nbi
1504 2279 1590 2341 Luna
1610 2287 1793 2341 memnonos

441 2366 607 2430 dldnalonia
629 2365 755 2428 chmlos
775 2373 868 2442 accat,
892 2367 940 2428 vel
963 2370 1044 2429 riam
1068 2367 1171 2431 Lunae
1193 2372 1289 2446 ipsam
1309 2370 1340 2428 ln
1363 2369 1401 2443 D,
1423 2366 1455 2427 H
1476 2369 1562 2446 qnasi
1583 2367 1726 2429 lubricam
1747 2367 1793 2428 sl-

439 2453 507 2533 liei,
531 2457 561 2515 iu
583 2453 622 2530 li,
643 2453 674 2515 Κ
695 2455 855 2531 asperari,
869 2453 962 2516 veluti
984 2472 1073 2534 anper
1094 2455 1199 2517 tabula
1218 2473 1271 2533 per
1292 2463 1475 2517 manavereoa
1496 2455 1569 2534 ligni
1590 2471 1688 2533 porca.
1731 2454 1794 2517 Nec
1920 2518 1923 2525 ,

439 2542 471 2603 ld
493 2540 654 2604 amodum
676 2540 765 2602 valde
786 2540 882 2601 luerit.
927 2542 1001 2604 Cum
1030 2545 1109 2607 cnm
1130 2545 1201 2605 lusit
1223 2546 1255 2604 in
1274 2543 1385 2622 iumine
1407 2544 1454 2602 vis
1475 2541 1650 2604 tortiiicandi
1672 2549 1793 2618 mutum,

439 2637 476 2691 nt
495 2632 627 2708 positum
648 2636 703 2704 eet,
726 2636 804 2689 certe
826 2646 887 2706 qna
908 2630 1002 2691 tendit
1023 2647 1083 2692 una
1105 2630 1250 2691 dimensio
1271 2630 1399 2708 luminis,
1422 2629 1582 2692 iaciliorcnr
1600 2647 1655 2708 par
1668 2636 1714 2691 eet
1729 2645 1794 2691 esee

439 2718 605 2795 trajectum
651 2715 742 2777 Porro
765 2715 844 2776 idem
867 2716 968 2778 dicunt
989 2717 1089 2794 quoad
1111 2719 1260 2793 elisurum,
1288 2718 1379 2794 alter,
1402 2719 1454 2796 qui
1476 2718 1591 2780 nouam
1613 2717 1685 2779 dicit
1705 2733 1793 2778 acce·

438 2804 528 2867 larari
558 2807 589 2864 iu
611 2804 654 2881 D,
682 2802 714 2864 Η
743 2801 943 2881 mtardarique
976 2809 1005 2865 lu
1027 2807 1066 2881 li,
1089 2805 1135 2881 Κ,
1164 2814 1319 2883 utrumqne
1340 2808 1371 2864 in
1392 2808 1598 2885 proportione,
1625 2821 1715 2883 quarn
1736 2803 1793 2864 hac

439 2892 654 2972 applicationes
675 2891 802 2969 pariunt,
824 2892 961 2969 simplici,
983 2893 1066 2968 alter,
1089 2897 1141 2971 qni
1162 2893 1279 2955 Lunam
1301 2897 1331 2953 in
1352 2894 1391 2969 D,
1413 2892 1444 2953 H
1464 2892 1639 2972 plnrimnm,‘
1653 2894 1683 2952 iu
1705 2891 1740 2967 Κ,
1763 2890 1794 2952 Κ

438 2979 515 3043 aiiii
545 2980 702 3042 accelerari
732 2978 817 3049 dicit,
846 2978 899 3040 sed
921 2979 952 3040 id
974 2983 1005 3041 iu
1025 2983 1215 3059 proportione
1237 2980 1328 3060 dupla
1351 2981 1431 3060 clus,
1460 2998 1538 3059 qnae
1560 2998 1597 3043 ex
1619 2980 1668 3041 iric
1687 2980 1793 3059 positis

439 3067 689 3148 applicationibus
709 3065 842 3128 rmultet

527 3156 593 3218 litai
623 3157 689 3233 quia
716 3154 794 3217 hanc
819 3158 999 3231 geminatam
1028 3157 1148 3218 luminis
1174 3156 1337 3219 efficaciam
1356 3157 1443 3219 malit
1462 3156 1655 3219 transmonte
1676 3155 1793 3218 duabus

439 3243 674 3307 dimendoulbna
693 3240 859 3321 superficiei
882 3243 1008 3318 luminis,
1036 3252 1078 3321 ut,
1104 3247 1240 3322 quamvis
1262 3260 1320 3305 uon
1343 3247 1441 3306 miuus
1462 3247 1577 3323 speeies
1599 3257 1792 3322 quascunque
1857 3247 1864 3264 ‘

438 3348 595 3411 corporum
622 3332 850 3404 immateriatae‚
882 3348 972 3408 qnam
993 3333 1106 3408 lumen,
1135 3332 1334 3394 diffundantur
1355 3340 1416 3393 tarn
1440 3334 1470 3391 iu
1491 3332 1612 3411 longum
1644 3349 1733 3409 qnam
1760 3332 1792 3393 ln

436 3419 541 3497 laium,
565 3419 636 3480 illae
657 3427 755 3479 tamen
777 3415 911 3479 cilicacee
932 3420 1075 3481 hactenns
1096 3421 1206 3483 inerint
1227 3420 1333 3481 saltem
1354 3405 1548 3498 longitudinis
1569 3427 1713 3497 respectu
1735 3418 1793 3479 lroc

436 3523 509 3570 veae
538 3515 570 3569 et
589 3504 782 3583 longitudinis
804 3512 834 3564 et
854 3504 1034 3584 latitudiuis,
1064 3516 1222 3586 propterea
1243 3507 1323 3585 qnod
1345 3510 1460 3586 specics
1482 3504 1601 3586 quidem
1622 3514 1736 3583 moret,
1760 3514 1793 3568 nt

435 3602 536 3670 mota,
557 3601 694 3656 moratur
714 3601 814 3655 antem
836 3594 866 3652 io
887 3593 1010 3674 longum
1031 3603 1155 3671 mutum,
1177 3594 1277 3658 lumen
1299 3611 1371 3657 reso
1392 3593 1714 3670 continentium,
1734 3594 1792 3655 lanc

436 3690 492 3759 eat,
516 3690 551 3743 nt
572 3699 656 3743 anam
679 3682 795 3743 obtinet
816 3678 991 3745 densitatem
1014 3689 1075 3744 tem
1097 3685 1129 3743 in
1150 3683 1272 3761 longum
1294 3700 1384 3761 quam
1405 3685 1437 3743 in
1458 3683 1562 3744 letum.

467 3786 469 3789 ⁴
528 3770 635 3849 Quare
655 3771 770 3830 laem
789 3772 855 3829 ocu
874 3770 1064 3849 sortiflccudi
1085 3787 1212 3831 οοοιοοο
1234 3774 1391 3831 motaiccm
1413 3771 1792 3832 mooosmemetctcro

434 3865 606 3935 ηιριοιιοο
627 3861 724 3918 rototi
743 3860 794 3917 aui
812 3859 932 3936 soom?
952 3856 1040 3934 Quia,
1063 3866 1210 3937 quatenus
1230 3859 1345 3936 species
1366 3859 1455 3919 rotati
1477 3858 1567 3918 iontts
1581 3863 1690 3930 movet,
1713 3873 1793 3917 senr-

435 3962 490 4023 psr
511 3948 543 4005 iu
566 3945 777 4022 consequentia
800 3941 909 4005 ocni.
930 3954 1045 4021 movet,
1076 3952 1106 4006 et
1133 3944 1170 4006 de
1192 3944 1250 4006 hnc
1272 3946 1337 4022 ejns
1359 3946 1466 4006 effectu
1487 3946 1519 4004 in
1540 3942 1688 4005 movenda
1707 3941 1793 4004 Lnnn

432 4034 499 4110 iam
522 4040 570 4094 est
591 4041 773 4095 nmuctnm
795 4032 825 4092 in
847 4034 990 4111 principio
1012 4033 1102 4109 hujus
1124 4032 1197 4110 loci3
1219 4030 1295 4094 haec
1317 4048 1387 4094 vero
1409 4033 1456 4093 via
1477 4031 1596 4093 luminis
1617 4029 1732 4109 proiicit
1753 4028 1792 4090 ad

435 4120 555 4183 Lunam
581 4119 763 4181 incitandam
791 4121 880 4181 etiarn
908 4122 937 4179 in
968 4119 1173 4183 antecedentia
1198 4117 1289 4181 illiti
1315 4125 1451 4198 respectu
1478 4121 1570 4180 centri
1598 4118 1692 4193 Solis,
1722 4124 1792 4177 tnnc

433 4208 567 4284 scilicet,
595 4225 662 4269 cnm
688 4208 743 4270 illa
768 4207 856 4268 nobis
887 4216 1011 4286 apparet
1038 4208 1150 4270 lumine
1174 4223 1273 4270 raons
1299 4224 1352 4269 seu
1375 4205 1440 4269 Soli
1456 4206 1570 4284 Juncta.
1614 4205 1680 4267 Nou
1702 4206 1792 4283 igitur

433 4294 536 4359 iumen
558 4313 591 4357 se
613 4297 679 4374 ipsc
701 4295 839 4358 conciliat
861 4300 954 4357 motui
975 4297 1104 4376 plagam,
1127 4295 1180 4358 aed
1200 4313 1254 4375 per
1275 4297 1404 4373 speciem
1425 4292 1516 4355 iiiiii
1538 4295 1698 4355 incitatam

525 4383 561 4446 di
582 4383 822 4445 loecoiaineet
843 4382 967 4459 lamini,
989 4386 1092 4452 maior
1113 4381 1547 4459 iucritdcnetoricircoGH,
1569 4383 1792 4459 utpotemoi-

434 4471 950 4548 emmunimmoooroporrioct,
980 4470 1792 4550 domumculamommomeutttcorioc·

434 4564 517 4621 deno
545 4565 638 4636 purte
667 4559 826 4620 &moolli
846 4563 992 4621 rencone
1017 4567 1060 4620 eet
1080 4579 1102 4620 o
1125 4560 1211 4621 Sole:
1238 4560 1363 4621 celerior
1390 4561 1487 4637 ipitus·
1513 4560 1572 4618 crit
1591 4574 1676 4620 novo
1695 4575 1791 4635 quom

434 4648 550 4725 plenu,
581 4649 685 4707 oeteis
709 4648 851 4723 perium
896 4648 1076 4726 Compensat
1097 4646 1280 4708 debilitatem
1301 4647 1419 4708 luminis
1441 4645 1495 4706 OD
1515 4644 1672 4725 perfectior
1692 4644 1792 4723 appii-

436 4737 534 4810 cauo,
563 4735 673 4812 qnippe
695 4735 834 4796 multatis
856 4732 909 4794 cl)
937 4736 1080 4815 planioris
1108 4751 1197 4813 quam
1219 4733 1287 4795 GH.
1343 4734 1417 4795 (ium
1439 4735 1530 4811 igitur
1550 4731 1792 4794 lortlitcatio'dat

437 4839 492 4901 per
514 4822 743 4901 applicationem
765 4822 943 4902 specierum,
966 4825 997 4883 in
1018 4822 1107 4900 plena
1121 4822 1209 4883 Luna
1229 4824 1357 4901 sparsior
1377 4822 1438 4896 iux,
1461 4819 1611 4899 applicata
1623 4819 1790 4900 perfectius,

434 4909 611 4972 tantundem
630 4918 770 4989 praestat,
795 4917 937 4988 qnantum
959 4913 988 4971 iu
1004 4910 1109 4972 silente
1125 4909 1251 4986 densior,
1274 4908 1422 4989 supplicate
1436 4909 1642 4988 imperfectius.
1678 4905 1789 4967 Eadem
1806 4936 1809 4942 ·

437 5005 538 5060 antenr
560 5004 629 5059 eunt
649 4997 806 5060 intervalla
828 4998 930 5061 Lunae
953 5006 984 5060 ct
1004 4997 1102 5073 setta,
1131 5005 1162 5059 et
1184 5013 1260 5075 qnae
1281 4997 1342 5059 luci
1365 4995 1558 5078 densitatem,
1581 5003 1611 5059 et
1632 5011 1710 5073 qnae
1731 4996 1789 5054 clr-

437 5086 514 5148 cnlis
536 5084 606 5163 01),
630 5083 690 5147 GH
717 5089 891 5148 curvitatem
919 5086 1118 5148 admetiuntur
1139 5101 1239 5161 enam3
1270 5102 1361 5164 quara
1381 5084 1513 5163 perlecta
1533 5084 1569 5145 dt
1589 5081 1789 5159 compensatio

436 5171 592 5236 miuus
622 5175 652 5233 ln
680 5172 800 5251 longum
830 5191 883 5252 per
910 5176 1071 5237 curritatsa
1101 5171 1172 5251 OD,
1200 5172 1267 5234 GH.
1313 5171 1444 5233 Alteram
1472 5187 1542 5234 vero
1571 5169 1653 5232 illem
1676 5176 1789 5248 partem

436 5259 560 5325 snae·
583 5259 704 5324 lminla
732 5270 838 5341 penset
865 5260 959 5327 adera
984 5260 1142 5325 dirmdtaa
1167 5260 1382 5341 applicationis.
1435 5259 1513 5324 Nan
1541 5261 1597 5328 etti
1625 5256 1790 5337 mediter
