4459 6275
524 791 584 853 156
706 872 710 881 ¹
1020 789 1161 861 Epitoues
1178 788 1369 847 astronomiae

521 972 618 1042 potest
640 968 728 1044 igitur
750 967 815 1027 sola
836 970 912 1028 siris
935 967 1112 1029 illuminatio
1142 970 1228 1030 nobis
1257 968 1313 1031 boc
1334 969 1558 1046 plraenornenon
1589 986 1715 1030 aurorae
1738 974 1876 1027 arcuatae

520 1054 643 1116 salvare.

609 1142 760 1201 Fortassis
781 1145 876 1217 ipitar
898 1142 1101 1202 demonstrari
1121 1147 1232 1219 poterit
1261 1145 1333 1204 lroee
1355 1145 1484 1206 altitudo
1510 1147 1661 1221 serpentis
1683 1158 1824 1203 aurorae
1843 1158 1878 1199 cr

520 1230 581 1289 solo
603 1245 779 1305 repercussu
800 1229 961 1289 radiorum
979 1230 1137 1291 Solarium
1159 1235 1194 1290 ia
1217 1235 1296 1291 odeis
1318 1233 1415 1292 coeo?
1449 1232 1588 1305 Minime3
1611 1248 1679 1290 uum
1703 1232 1729 1289 si
1746 1235 1877 1287 tantaru-

521 1315 608 1375 modo
639 1317 858 1390 repereussibus
887 1320 997 1376 iteratis
1027 1317 1065 1376 ad
1093 1318 1210 1378 cerulum
1233 1321 1364 1381 venirent
1388 1320 1461 1378 radii
1485 1338 1520 1379 eu
1543 1318 1613 1378 Sole
1645 1315 1780 1377 nondum
1805 1322 1876 1387 orto,

521 1404 634 1479 species
661 1411 926 1477 repraesentaretur
950 1404 1044 1465 lineae
1061 1415 1156 1465 rectae
1172 1405 1296 1479 lucidae,
1321 1424 1423 1466 uersus
1438 1406 1536 1467 Solem
1555 1405 1692 1479 directae,
1715 1420 1777 1463 non
1793 1402 1878 1461 latior

483 1542 486 1547 .
522 1508 610 1567 quam
634 1499 757 1566 apparet
779 1494 842 1567 ipse
866 1491 926 1564 Sol,
950 1494 1026 1550 sieut
1048 1494 1080 1551 fit
1103 1496 1132 1550 in
1155 1494 1307 1569 superficie
1330 1495 1456 1553 durninis
1481 1495 1599 1569 crispati
1621 1502 1724 1552 corsua
1747 1488 1877 1551 Soleae·

608 1574 723 1637 Urimur
746 1595 815 1655 ergo
839 1580 1057 1654 repercussibus
1078 1598 1138 1640 non
1162 1580 1200 1639 ad
1223 1580 1398 1640 derivandos
1413 1581 1510 1640 radios
1527 1579 1606 1642 Solis
1629 1582 1659 1637 iu
1675 1577 1807 1651 oculum,
1828 1576 1878 1637 sed

521 1663 558 1723 ad
582 1663 785 1723 illustrandum
809 1674 901 1724 totum
931 1683 1035 1742 eorpus
1068 1670 1144 1726 airis
1174 1668 1259 1727 nobis
1284 1670 1421 1742 vicinius,
1452 1674 1484 1727 ut
1507 1666 1703 1728 inclarescens
1734 1682 1825 1742 porro
1846 1682 1877 1725 ss

521 1752 583 1827 ipso
607 1752 703 1811 luceat
725 1751 790 1811 luce
814 1753 951 1811 secunda.

611 1838 686 1898 &aas
710 1846 813 1897 ocum
836 1857 883 1897 res
905 1844 942 1898 sit
965 1847 1045 1899 certo
1067 1840 1103 1900 de
1124 1842 1293 1901 substantio
1322 1840 1424 1899 lucida
1454 1845 1534 1900 circo
1559 1841 1673 1913 Solem,
1704 1838 1784 1915 qaid
1804 1856 1878 1915 opus

518 1932 558 1984 est
581 1926 731 1985 adducere
754 1931 855 1985 oi'rem
879 1927 1203 1988 inconsiderationem
1227 1928 1497 2003 corpusculorum?
1539 1928 1636 1988 Multa
1652 1936 1721 1986 surrt
1737 1925 1788 1985 bie
1803 1930 1901 1987 airis.

520 2016 634 2086 munia,
659 2028 735 2088 quae
759 2016 860 2090 nequit
883 2017 1003 2090 exsequi
1027 2032 1117 2074 eausa
1140 2016 1275 2076 eoelestis
1298 2033 1329 2074 se
1353 2017 1428 2091 ipsa.

612 2099 638 2179 1)
662 2099 694 2157 Si
718 2118 753 2159 ex
777 2118 835 2159 uria
858 2100 922 2163 sola
945 2103 1062 2160 orientis
1090 2102 1180 2179 plaga
1202 2102 1376 2162 secundaria
1405 2102 1455 2160 lux
1479 2100 1669 2174 allaberetur,
1703 2101 1747 2159 sie
1772 2109 1806 2158 ut
1829 2102 1877 2159 air
1902 2156 1909 2171 ,

520 2204 577 2245 non
601 2185 791 2263 undiquaque
816 2187 973 2247 colluderet
996 2192 1023 2245 in
1047 2189 1150 2265 plagas
1175 2207 1284 2262 omnes,
1308 2207 1457 2267 nunquam
1474 2189 1655 2249 illucesceret
1677 2190 1706 2245 in
1732 2186 1876 2247 cubiculis

520 2283 588 2334 ante
611 2273 689 2333 Solis
721 2282 815 2334 ortum
843 2283 872 2334 et
894 2274 1013 2335 tabulae
1042 2278 1144 2336 orienti
1168 2278 1311 2337 obversae
1340 2276 1418 2335 latus
1442 2274 1595 2336 occiduum
1617 2283 1697 2335 esset
1730 2275 1761 2333 in
1792 2274 1877 2334 meris

521 2362 657 2421 tenebris.
703 2360 736 2439 2)
759 2360 930 2421 Substantia
958 2361 1008 2420 illa
1037 2365 1113 2424 eirca
1135 2362 1233 2423 Solem
1264 2362 1362 2421 lueida
1385 2364 1528 2423 interdum
1552 2362 1664 2435 deficit,
1701 2360 1876 2437 crepuscula

519 2466 678 2525 nunquam.
725 2443 756 2526 3)
779 2448 950 2508 Substantia
975 2448 1025 2508 illa
1052 2458 1179 2527 occupat
1207 2453 1356 2525 regionem
1379 2450 1441 2509 Soli
1466 2452 1607 2525 uicinam,
1636 2448 1806 2524 crepusculi
1828 2447 1877 2507 lux

519 2536 607 2613 paulo
631 2545 699 2596 unte
716 2534 793 2595 Solis
818 2544 920 2610 ortum,
945 2540 1114 2613 praesertim
1138 2546 1259 2610 aestate,
1285 2536 1366 2596 coelo
1391 2545 1452 2596 toto
1476 2538 1581 2597 diffusa
1603 2544 1770 2613 spectatur3
1799 2541 1877 2595 totus

519 2625 609 2699 igitur
631 2628 680 2683 a'dr
704 2621 893 2694 illuminatur,
918 2626 1031 2684 etiarnsi
1054 2624 1183 2683 rrorrdum
1200 2633 1335 2700 tangatur
1351 2624 1478 2701 undique
1495 2624 1573 2683 Solis
1589 2623 1688 2683 radiis.
1727 2622 1760 2697 4)
1779 2620 1877 2681 blani-

519 2711 595 2770 iesta
618 2713 743 2770 cernitur
766 2709 915 2770 distinctio
938 2729 1013 2787 pene
1034 2712 1257 2773 semicircularis
1280 2728 1295 2770 e
1319 2714 1436 2787 regione
1459 2711 1536 2771 Solis
1567 2714 1640 2770 inter
1663 2718 1779 2787 partem
1802 2710 1877 2769 siris

517 2799 696 2874 superiorem
714 2796 907 2857 illuminatam
925 2807 954 2857 et
970 2800 1142 2871 interiorem,
1166 2798 1215 2858 vel
1228 2815 1313 2857 mane
1329 2799 1456 2857 rrorrdum
1471 2798 1674 2869 illuminatam,
1697 2796 1745 2856 rel
1761 2798 1877 2873 uesperi

515 2887 578 2961 jam
602 2884 746 2944 desertam
769 2902 787 2943 a
810 2886 899 2945 radiis
922 2885 1010 2953 Solis,
1034 2885 1114 2960 quod
1138 2885 1300 2961 emphatice
1324 2887 1415 2944 tribus
1438 2887 1535 2945 verbis
1558 2887 1702 2960 expressit
1720 2884 1877 2959 Virgilius:

519 2976 584 3031 ruit
615 2990 726 3032 occurro
748 2990 819 3033 oros.
864 2972 949 3031 Hane
972 2982 1069 3031 autem
1094 2977 1221 3049 speeiem
1253 2989 1312 3030 nori
1340 2973 1420 3032 valet
1449 2974 1610 3049 exprimere
1638 2972 1810 3031 substantia
1831 2970 1878 3029 lu-

519 3059 585 3119 eida
608 3062 684 3120 eirea
706 3058 814 3119 Solem.
863 3056 893 3139 5)
917 3059 1096 3135 crepuscula
1119 3063 1235 3119 uariant
1257 3058 1460 3131 diuturnitate,
1490 3062 1579 3121 ctiam
1602 3076 1669 3119 eum
1691 3076 1787 3117 causa
1809 3074 1878 3119 coc·

518 3147 599 3208 lostls
621 3165 678 3208 non
703 3150 839 3207 variatur.
885 3147 959 3207 Nam
984 3151 1012 3205 in
1035 3147 1211 3222 quibusdam
1227 3149 1318 3219 terris,
1343 3156 1375 3206 ut
1390 3147 1426 3207 de
1442 3147 1571 3208 Chilensi
1587 3155 1711 3207 testatur
1725 3145 1878 3223 Josepbus

518 3253 535 3293 a
559 3235 658 3308 Costa,
683 3235 854 3311 crepuscula
878 3244 946 3293 snrrt
970 3237 1158 3308 brevissima,
1187 3237 1230 3292 sic
1253 3245 1285 3292 ut
1308 3237 1382 3293 intra
1399 3235 1590 3310 quadrantem
1613 3251 1703 3293 uuum
1728 3233 1821 3294 horae
1843 3249 1877 3292 ex

518 3322 662 3397 protunda
684 3333 769 3382 noete
792 3321 844 3381 slat
867 3322 928 3380 dies
952 3323 1122 3386 clarissima.
1147 3322 1244 3381 Solem
1262 3324 1356 3396 ipsum
1372 3326 1466 3381 enixa.
1514 3323 1638 3398 Oportet
1653 3324 1743 3397 igitur
1759 3331 1876 3397 praeter

516 3411 703 3468 ascensiones
726 3411 870 3483 rectiores,
896 3409 932 3468 do
956 3410 1064 3485 quibus
1087 3408 1161 3467 libro
1178 3407 1232 3480 ΙΙΙ,
1257 3411 1345 3468 etiam
1368 3413 1465 3468 adrem
1489 3413 1562 3468 inter
1578 3425 1683 3468 musas
1707 3408 1875 3481 admittere,

517 3497 567 3572 qui
591 3496 663 3555 loeis
687 3497 743 3554 illis
766 3499 879 3574 purior,
903 3495 1077 3574 pellucidior
1100 3498 1255 3570 minusque
1279 3495 1479 3554 illuminabilis
1502 3497 1549 3570 fit,
1577 3513 1664 3571 quam
1688 3513 1783 3571 penes
1806 3511 1870 3556 nor.

518 3585 549 3656 ti)
574 3582 718 3643 Praebent
742 3583 809 3643 huic
833 3586 872 3643 rei
903 3584 1101 3644 testimonium
1126 3586 1213 3641 etiarn
1246 3582 1377 3642 diversae
1409 3593 1506 3658 partes
1531 3586 1609 3642 arrrri.
1655 3583 1773 3642 lliebus
1797 3585 1876 3642 enim

516 3671 645 3729 bibernis
671 3672 842 3746 crepuscula
864 3680 932 3730 snm
956 3672 1066 3741 brevia,
1092 3671 1162 3744 quia
1185 3668 1298 3728 delecta
1322 3669 1426 3728 caloris
1450 3675 1499 3728 air
1522 3679 1569 3728 est
1591 3669 1727 3742 buurilis,
1752 3672 1877 3730 aestiuis

517 3765 616 3817 contra
645 3767 712 3816 sunt
745 3756 833 3834 longa
864 3768 893 3817 et
923 3759 1090 3834 pernoctia,
1125 3759 1194 3831 quia
1224 3755 1330 3814 caloris
1353 3774 1475 3816 excessu
1507 3762 1558 3816 e'e'r
1588 3765 1632 3816 est
1655 3757 1753 3815 altior.
1802 3757 1877 3816 Nam

516 3846 681 3905 substantia
704 3839 779 3904 circa
803 3845 902 3905 Solem
924 3844 1031 3914 lueida,
1057 3844 1110 3902 etsi
1137 3842 1285 3902 variabilis
1308 3853 1365 3915 est,
1397 3862 1455 3902 non
1479 3844 1617 3904 observat
1645 3852 1743 3902 tamea
1769 3845 1877 3904 circui·

517 3945 577 3992 tum
601 3933 705 3992 caloris
729 3943 758 3991 et
780 3933 893 4008 trigoris
917 3933 1111 4002 elementaris,
1136 3932 1199 4006 ipsa
1223 3929 1357 3988 eoelestis
1374 3934 1516 4002 existens3
1540 3950 1594 3991 nee
1615 3930 1765 3990 sullicium
1791 3931 1874 3992 solas

516 4039 623 4080 causae
646 4022 877 4090 astronomicae,
909 4020 983 4077 libro
1007 4017 1061 4076 ΙΙΙ.
1086 4016 1290 4093 explicandae,
1322 4017 1359 4074 ad
1383 4019 1565 4077 alliciendam
1588 4019 1664 4077 lrarrc
1688 4019 1877 4078 varietatem.

519 4113 548 4166 il
573 4107 650 4182 Quin
675 4109 762 4167 etiarn
787 4106 889 4165 codem
914 4109 943 4164 in
967 4106 1041 4177 loeo,
1066 4103 1169 4163 iisdem
1186 4104 1365 4179 terrrporibus
1388 4108 1456 4162 armi
1480 4123 1532 4181 pro
1555 4106 1770 4165 mutationibus
1786 4123 1877 4164 aurae

517 4197 666 4254 variantur
689 4193 869 4269 crepuscula.
916 4193 1060 4266 Tempore
1085 4192 1161 4250 enim
1184 4190 1305 4248 hiberno
1328 4201 1396 4267 post
1417 4193 1494 4266 gelu,
1519 4193 1637 4268 ‹puarrrlo
1662 4191 1699 4250 ad
1724 4193 1879 4252 stimulum

517 4291 688 4358 aspcetnmn
712 4281 867 4338 subitanea
891 4278 1030 4338 resolutio
1055 4278 1171 4353 trigoris
1195 4280 1318 4352 ingruit,
1351 4281 1492 4337 urraturirrs
1515 4280 1627 4339 diescit.
1675 4279 1778 4356 l'apor
1802 4283 1880 4340 euim

517 4362 660 4428 ebulliens
685 4385 720 4426 ex
744 4377 837 4437 terrra,
863 4368 912 4441 qui
938 4367 1027 4440 frigus
1050 4365 1156 4437 soluit,
1188 4367 1238 4439 qui
1262 4367 1388 4440 parietes
1411 4369 1551 4425 incrustat
1579 4368 1685 4443 pruina
1708 4367 1880 4426 lrumectst·

518 4473 583 4531 sque,
608 4458 657 4530 qui
682 4465 786 4513 verutos
810 4466 838 4512 et
864 4454 979 4528 pluvias
1002 4454 1111 4526 gignit,
1146 4450 1222 4510 idem
1246 4454 1333 4510 etiam
1363 4455 1390 4510 in
1415 4455 1555 4526 majorem
1580 4453 1714 4514 evellitur
1738 4454 1878 4514 altitudi-

519 4561 585 4602 nem
610 4544 637 4599 vi
662 4541 768 4600 caloris
791 4543 846 4599 sub
872 4552 947 4599 terra
970 4541 1082 4610 cesla-tn,
1108 4549 1137 4598 at
1164 4551 1192 4596 et
1216 4543 1357 4597 rrrsrturius
1381 4550 1409 4597 et
1432 4541 1534 4598 lortius
1559 4559 1577 4599 a
1601 4539 1669 4599 Sole.
1693 4540 1879 4602 illuminetur

519 4632 705 4704 vicissimque
732 4629 883 4686 illuminet.
929 4629 1024 4684 Causa
1051 4645 1119 4684 rere
1144 4626 1297 4695 eoelestis,
1329 4643 1380 4684 seu
1404 4629 1525 4686 rnateriu
1554 4630 1631 4687 eirca
1654 4627 1756 4687 Solem
1781 4629 1881 4690 lueida

518 4735 575 4775 mm
600 4727 658 4774 tam
683 4717 768 4774 facile
793 4729 820 4774 et
846 4713 975 4772 celeriter
999 4725 1135 4784 rrrrrtatnr,
1161 4727 1191 4768 nt
1216 4712 1377 4787 postularet
1399 4713 1446 4773 lric
1470 4716 1604 4786 allectus,
1630 4733 1684 4774 nec
1707 4720 1800 4774 scutit
1823 4719 1881 4776 sti·

517 4805 627 4862 mulam
651 4802 731 4860 illurn
756 4811 937 4878 aspicetumn,
962 4804 1031 4875 quia
1055 4815 1193 4874 aspectus
1216 4800 1355 4859 formatur
1377 4809 1489 4859 tanturm
1515 4805 1542 4860 in
1562 4801 1662 4872 Terra,
1686 4819 1747 4860 non
1772 4803 1879 4864 eodem

518 4906 649 4966 ternpore
673 4893 761 4949 eriam
786 4888 864 4965 apud
886 4886 993 4946 Solem.

605 4982 644 5036 :lt
667 4993 859 5049 rcprrcrrssus
888 4975 1046 5032 rcrrtiornm
1071 4976 1103 5028 in
1127 4991 1204 5030 cora
1227 4975 1382 5047 ricperticic
1411 4979 1490 5032 airis
1522 4995 1584 5036 non
1609 4978 1730 5036 ridetur
1760 4981 1879 5038 aduris·

517 5065 650 5122 caunas
694 5065 757 5120 lrno
773 5080 809 5122 ex
825 5069 935 5136 septem
953 5062 1058 5118 muniis
1075 5061 1150 5116 airis
1171 5059 1234 5134 jam
1250 5060 1406 5136 explicatis
1421 5062 1579 5121 seeundum
1596 5067 1639 5122 sic
1655 5075 1700 5123 est
1717 5085 1879 5143 eompara-

519 5167 589 5220 rum,
614 5163 645 5208 nt
668 5153 730 5208 sinc
754 5149 810 5207 lroc
832 5164 1005 5222 repercussu
1029 5159 1156 5220 nequeat
1180 5150 1328 5221 praestari.
1377 5148 1534 5220 directim,
1559 5169 1624 5209 cnm
1648 5162 1729 5210 certo
1753 5157 1795 5213 sit
1819 5163 1879 5212 tum

519 5237 646 5310 humilis,
679 5235 831 5298 deliciante
862 5235 1027 5296 substantia
1058 5235 1134 5294 eirea
1157 5233 1258 5298 Salem
1286 5233 1398 5310 lucide,
1432 5253 1491 5298 nou
1518 5249 1620 5316 posset
1649 5238 1816 5302 illuminari
1848 5243 1880 5302 iu
