4459 6275
985 795 1070 851 Liber
1088 794 1236 865 Septimus.
1724 800 1785 861 tae

431 974 522 1037 bodie
537 974 600 1036 RP.
644 974 769 1035 Variata
790 973 954 1049 quantitate
976 973 1175 1034 inclinationis
1199 992 1250 1035 scu
1274 972 1430 1035 distantiae
1452 971 1585 1051 polorum
1604 970 1665 1048 ΒΡ,
1688 974 1787 1033 varia·

432 1064 512 1125 bitur
536 1071 566 1124 et
587 1064 737 1140 quantitas
760 1059 923 1120 latitudinis
945 1064 1090 1122 maximae
1120 1064 1149 1119 in
1173 1062 1265 1122 limite
1288 1063 1386 1122 boreo.
1431 1060 1476 1119 Et
1492 1063 1534 1121 sie
1557 1063 1644 1121 etium
1670 1061 1788 1121 inveni-

432 1168 513 1225 mus,
543 1151 570 1210 si
591 1150 780 1210 Ptolemaicis
812 1147 1067 1209 observationibus
1088 1148 1162 1209 fides
1371 1179 1420 1229 pq,
1436 1178 1469 1219 aa,
1488 1178 1578 1231 (nm)

432 1247 479 1300 est
511 1236 687 1298 adhibenda.
730 1236 806 1295 Nam
835 1234 909 1296 baec
935 1238 1064 1295 maxima
1092 1237 1163 1295 lati-

432 1323 506 1385 tudo
538 1326 614 1386 circa
645 1324 703 1384 Cur
736 1329 760 1401 Q
790 1321 878 1382 hodie
908 1332 953 1383 sst
980 1322 1015 1381 4⁰
1039 1325 1100 1398 32‘,
1133 1331 1165 1381 at

434 1413 625 1473 Ptolemaeus
652 1410 749 1489 prodit
772 1409 853 1469 illam
884 1407 920 1468 4⁰
943 1411 1005 1483 20¹,
1037 1428 1088 1487 per
1113 1412 1164 1468 12‘

432 1502 587 1575 minorem,
612 1517 677 1560 cum
701 1499 787 1558 etiam
802 1494 906 1556 (lerdis
929 1497 1037 1557 Leonis
1060 1498 1164 1556 latitu-

433 1587 533 1647 dinem
553 1595 627 1663 sept.
651 1584 757 1664 prodat
780 1582 841 1657 10⁴,
865 1601 916 1661 per
941 1588 991 1644 le‘
1013 1587 1164 1659 minorem,

434 1691 524 1753 quam
557 1672 609 1734 illa
641 1680 685 1734 cst
706 1671 803 1731 hodie.
848 1671 886 1730 Et
908 1671 968 1730 fieri
991 1678 1102 1748 potest,
1133 1678 1166 1731 ut

434 1760 587 1840 epicyelus
607 1760 807 1820 Ptolomeicus
831 1758 963 1834 obsistat,
987 1761 1165 1836 quominus
1199 1775 1221 1816 n
1272 1746 1275 1757 ’

433 1848 510 1909 baec
532 1847 661 1908 latitudo
677 1847 720 1906 illi
742 1846 804 1906 fleri
817 1847 946 1921 potuerit
961 1845 1058 1906 adhue
1072 1847 1165 1905 multo

432 1938 545 1995 minor:
568 1952 639 1995 nam
661 1934 881 1994 inclinationem
897 1933 1001 1992 Martis
1024 1933 1074 1993 illc
1097 1951 1165 2013 pro·
1217 1940 1236 1979 ¹

433 2022 480 2082 dit
504 2018 538 2081 1⁰
560 2023 601 2097 0⁴,
635 2039 711 2098 quae
734 2019 822 2080 hodie
847 2028 891 2080 est
922 2020 954 2079 1⁰
979 2017 1085 2105 50¹s2‘,
1112 2023 1166 2081 etsi

433 2118 551 2170 tautum
573 2109 690 2171 eiiieere
712 2110 815 2184 nequit
836 2111 960 2168 mutatio
983 2109 1040 2168 ista
1062 2108 1166 2171 latitu-

434 2197 513 2257 dinis
535 2197 667 2261 lixarum.
1069 2204 1073 2211 '

501 2283 602 2344 Simile
616 2282 685 2360 quid
698 2288 798 2342 monet
814 2280 917 2360 'Pyebo
932 2281 1064 2342 Braheus
1076 2283 1166 2341 etiam

434 2370 473 2431 de
500 2370 586 2430 Luna
607 2370 847 2448 (Progymnasm.
871 2369 965 2429 Temo
990 2369 1012 2428 I.
1037 2368 1087 2430 iol.
1113 2372 1164 2428 27.

435 2462 611 2518 insertorum
640 2458 833 2533 Lunarium),
867 2457 918 2516 sed
948 2475 984 2516 ex
1016 2465 1081 2534 quo
1107 2474 1166 2516 non

405 2547 537 2623 ‘capias
566 2547 763 2621 conjecturam
786 2553 916 2604 mutatae
938 2546 1084 2604 maximae
1108 2544 1208 2607 Lunae
1231 2545 1410 2607 latitudinis:
1439 2561 1497 2601 non
1522 2540 1619 2601 decuit
1642 2540 1736 2615 enim,
1760 2545 1794 2597 ut

434 2632 531 2707 Luna,
553 2632 673 2710 planeta
686 2631 880 2705 secundarius
903 2640 932 2691 et
954 2639 1073 2705 terreus,
1101 2630 1240 2693 aliorsum
1264 2652 1351 2711 quarn
1376 2632 1413 2690 ad
1436 2630 1544 2689 Terrae
1569 2628 1693 2687 orbitarn
1717 2634 1792 2685 tern-

434 2723 583 2798 porariam
605 2728 771 2781 constanter
793 2721 963 2794 respiceret,
993 2737 1167 2796 quocunque
1197 2722 1250 2781 illa
1278 2723 1335 2779 situ
1367 2719 1421 2778 sub
1445 2718 1508 2775 lixis
1535 2718 1641 2792 queris
1665 2725 1793 2790 tempore

435 2815 524 2881 esset,
549 2808 619 2885 quin
638 2811 736 2885 potius
759 2805 825 2866 inde
848 2809 996 2882 quantitas
1017 2807 1197 2884 obliquitatis
1221 2807 1382 2883 eclipticae,
1407 2805 1444 2864 ab
1460 2803 1652 2862 Eratosthene
1676 2811 1705 2861 et
1721 2800 1794 2859 Pto-

436 2893 552 2955 lemaeo
575 2895 707 2971 prodita,
738 2893 911 2953 indubium
942 2897 1041 2953 vocari
1072 2894 1203 2969 deberet,
1234 2898 1258 2953 si
1281 2893 1468 2952 latitudinum
1492 2891 1593 2950 Lunae
1617 2889 1794 2948 difficillimis

437 2983 694 3043 observationibus
716 2980 817 3042 liceret
847 2984 1043 3059 argumentari
1066 2994 1166 3043 eontra
1190 2983 1409 3042 observationes
1437 2979 1618 3055 obliquitatis
1642 2977 1794 3053 eclipticae

436 3068 527 3148 louge
549 3070 705 3130 faciliores.

528 3161 557 3216 2.
589 3158 666 3232 Quin
691 3159 778 3216 etiarn
801 3157 869 3216 hinc
891 3164 1044 3233 sequetur,
1077 3156 1184 3217 limites
1207 3155 1359 3231 nodosque
1382 3153 1514 3226 Saturni,
1546 3153 1650 3227 Jovis,
1681 3150 1794 3225 Martis,

440 3244 566 3304 Veneris
589 3244 770 3304 retrocedere
794 3245 895 3319 videri,
921 3246 1034 3303 etiamsi
1057 3246 1111 3305 sub
1135 3245 1200 3303 fixis
1222 3244 1373 3302 haererent
1397 3238 1568 3302 immobiles.
1614 3240 1685 3300 Esto
1709 3241 1795 3313 enim,

438 3339 472 3392 ut
495 3331 555 3408 puli
589 3332 740 3409 eclipticae
763 3342 914 3392 versentur
937 3333 1011 3390 inter
1034 3329 1075 3407 Q,
1109 3333 1233 3391 Pcirea
1256 3331 1363 3390 lineam
1388 3329 1455 3399 AC,
1484 3332 1513 3388 in
1536 3328 1654 3388 Libram
1677 3344 1795 3404 porree-

438 3413 509 3478 ta'in.
555 3418 608 3477 Est
631 3437 700 3478 vero
724 3418 810 3479 bodie
834 3419 917 3479 limes
933 3418 1036 3479 Martis
1059 3421 1090 3477 in
1115 3431 1151 3498 ti,
1175 3419 1298 3478 Veneris
1322 3419 1350 3474 in
1381 3414 1432 3500 llll,
1457 3434 1546 3493 qnare
1569 3417 1629 3494 poli
1653 3424 1737 3476 erunt
1759 3433 1796 3474 ex

437 3505 590 3565 Psersus
622 3516 660 3569 m
694 3515 722 3565 et
750 3509 795 3584 lq.
842 3506 907 3565 Sint
930 3508 960 3563 in
981 3506 1017 3579 It,
1042 3510 1096 3566 erit
1120 3525 1188 3583 ergo
1211 3505 1263 3565 PR
1284 3504 1407 3564 circulus
1431 3505 1592 3563 latitudinis
1615 3521 1666 3579 pcr
1689 3502 1795 3561 limites

438 3591 544 3651 Martis
576 3592 624 3653 vel
648 3592 779 3652 Veneris.
825 3592 1027 3656 Descendente
1051 3613 1119 3674 ergo
1144 3596 1166 3654 P
1192 3592 1275 3654 ch
1304 3595 1332 3650 in
1361 3593 1576 3665 antecedentia,
1607 3593 1671 3649 sive
1695 3592 1795 3666 quies-

437 3687 508 3739 eant
529 3679 590 3755 poli
613 3679 648 3754 R,
672 3682 735 3739 siue
765 3689 795 3739 et
818 3682 875 3758 ipsi
900 3698 1000 3742 uersus
1023 3684 1129 3743 lineam
1154 3682 1206 3741 AL
1230 3685 1258 3739 in
1288 3679 1489 3739 antecedentia
1512 3685 1596 3750 cant,
1620 3679 1683 3737 sive
1707 3679 1795 3737 etiam

438 3769 468 3826 iu
494 3769 703 3843 consequentia
725 3767 854 3826 scrantur
877 3788 979 3829 versus
1002 3771 1108 3828 lineam
1130 3770 1202 3841 Al),
1226 3766 1382 3827 dummodo
1405 3767 1515 3825 tardius
1539 3766 1609 3838 lroc,
1641 3783 1729 3839 quarn
1752 3772 1796 3824 est

438 3852 492 3918 ΟΡ
521 3856 550 3911 in
581 3854 801 3915 antecedentia:
834 3857 969 3916 omnibus
998 3856 1090 3916 tribus
1121 3858 1237 3915 casibus
1267 3863 1365 3930 partes
1397 3854 1490 3913 lineae
1526 3852 1593 3924 Plt,
1627 3870 1702 3929 quae
1729 3859 1797 3910 sunt

436 3940 517 4000 ultra
546 3940 588 4015 R,
619 3942 778 4003 ascendent
809 3959 910 4001 versus
934 3941 986 4001 AL
1013 3944 1041 4000 in
1075 3942 1287 4004 antecedentia.
1334 3941 1382 4000 Sic
1413 3958 1477 3999 curn
1501 3939 1620 4000 Saturni
1653 3946 1682 3998 et
1710 3937 1796 3998 Jouis

436 4027 546 4088 limites
569 4031 627 4088 sint
650 4031 678 4086 in
702 4029 808 4104 Libra,
830 4028 891 4105 poli
916 4029 1073 4089 orbitarum
1096 4037 1180 4090 erunt
1202 4048 1220 4090 a
1242 4028 1312 4106 polo
1335 4027 1486 4106 eclipticae
1513 4025 1705 4106 temporariae
1729 4043 1797 4085 vcr-

436 4132 489 4176 sus
515 4115 646 4175 Arietem
668 4118 697 4173 in
721 4117 800 4176 linea
821 4114 964 4193 parallela
986 4119 1042 4194 ipsi
1067 4117 1118 4176 CA
1142 4118 1189 4177 vel
1213 4116 1312 4193 quasi,
1336 4122 1368 4173 ut
1391 4117 1467 4176 cirea
1491 4116 1524 4191 Β,
1550 4131 1720 4190 rursumque
1744 4114 1797 4171 iis-

437 4202 506 4262 dem
530 4201 565 4262 de
589 4206 695 4276 causis,
720 4212 807 4263 eunte
831 4204 864 4278 P,
889 4222 924 4263 ex
945 4201 971 4263 Ο
993 4203 1172 4264 uidebuntur
1194 4201 1381 4264 retrocedere.
1428 4203 1563 4264 Mercurii
1587 4202 1671 4261 lirnes
1693 4203 1722 4258 in
1748 4210 1789 4264 ‘x

437 4297 499 4362 est,
523 4288 609 4366 polus
631 4292 719 4367 igitur
741 4308 760 4349 a
782 4291 807 4349 P
830 4309 932 4351 versus
956 4295 988 4364 ii,
1012 4291 1124 4352 seilicet
1146 4295 1221 4353 eirea
1245 4292 1265 4351 S
1289 4293 1428 4358 (cronesrn
1448 4292 1796 4362 tenremundensis),

435 4377 530 4437 babet
552 4379 629 4436 euim
644 4378 863 4438 inclinationem
887 4377 972 4438 ualde
988 4397 1134 4455 magnam.
1179 4380 1213 4440 ln
1235 4379 1291 4443 bec
1309 4379 1394 4455 igitur
1417 4378 1536 4454 planeta
1552 4379 1701 4454 continget
1724 4392 1797 4436 eon·

436 4466 573 4539 tranium,
598 4472 630 4524 ut
653 4465 720 4543 pelo
744 4465 897 4544 eclipticae
921 4484 956 4526 ex
979 4462 1005 4525 O
1029 4485 1130 4528 versus
1154 4467 1177 4526 P
1201 4464 1403 4540 descendente,
1427 4465 1513 4542 polus
1537 4465 1672 4525 Mercurii
1691 4463 1711 4523 S
1733 4465 1797 4523 sive

437 4553 587 4629 quiescat,
610 4553 674 4613 sive
696 4552 808 4612 tardius
831 4556 860 4611 iu
883 4551 1087 4614 antecedentia
1108 4563 1173 4628 eat,
1206 4556 1340 4617 videatur
1364 4557 1392 4612 in
1420 4555 1631 4628 consequentia
1652 4550 1796 4629 progredi,

437 4639 520 4698 linea
541 4639 588 4699 PS
612 4657 713 4700 sersus
736 4639 786 4699 ΡΟ
808 4639 956 4699 inclinata.
1003 4638 1086 4716 Quae
1117 4645 1215 4702 omnia
1235 4662 1300 4703 enm
1324 4644 1380 4700 sint
1405 4648 1600 4699 consentanca
1623 4640 1796 4709 observatis,

435 4724 514 4785 libro
540 4726 590 4787 Vl.
621 4729 751 4804 partibus
777 4726 816 4785 ll.
840 4734 870 4787 et
891 4727 945 4790 111.
972 4731 1148 4806 propositis,
1179 4732 1347 4808 praesertim
1377 4731 1452 4788 circa
1477 4726 1668 4802 Mercurium,
1696 4743 1798 4802 parum

437 4814 534 4884 abest,
559 4815 627 4889 quin
652 4823 739 4875 exuta
765 4813 937 4892 timiditate,
962 4814 1046 4877 dietis
1070 4816 1143 4878 locis
1167 4826 1322 4897 usurpata,
1357 4817 1507 4875 victoriam
1538 4813 1699 4876 exclamem
1730 4821 1797 4873 ante

436 4916 575 4960 numeros
598 4909 628 4961 et
647 4918 797 4963 mensuras
820 4905 963 4980 cognitas.

528 4989 556 5047 3.
586 4983 660 5049 Sive
689 4993 840 5067 quieseant
869 4991 931 5068 puli
962 4990 1145 5068 planetarum
1175 4992 1230 5051 sub
1261 4991 1339 5064 lixis,
1375 4992 1437 5050 sive
1468 4995 1640 5049 moueantur
1673 4994 1702 5049 ct
1731 4990 1797 5065 ipsi,

437 5075 572 5151 seqnitur
601 5095 637 5136 ex
659 5086 741 5140 motu
763 5079 825 5157 poli
849 5079 999 5157 eclipticae
1025 5077 1092 5154 ΟΡ,
1123 5078 1215 5140 videri
1247 5078 1380 5156 poloruur
1403 5078 1630 5155 planetariorum
1653 5093 1747 5152 eoque
1770 5084 1799 5134 et

436 5162 566 5224 limitum
588 5174 617 5225 et
640 5165 781 5227 nodorum
804 5175 901 5226 motus
924 5167 979 5226 sub
1004 5167 1069 5226 tinia
1092 5165 1272 5243 inaequales.
1317 5165 1381 5224 Nisi
1405 5167 1481 5224 enim
1509 5164 1633 5240 alicujus
1664 5162 1798 5241 planetae

436 5250 526 5328 polus
549 5270 614 5314 cum
638 5255 783 5332 ipsissimo
806 5253 876 5333 polo
898 5255 979 5333 regio
1003 5255 1046 5330 A,
1071 5264 1171 5317 centro
1193 5253 1306 5315 seilicet
1328 5252 1451 5313 orbiculi
1475 5250 1536 5326 ΟΡ,
1561 5250 1720 5323 coincidet,
1748 5256 1800 5308 ant

493 5369 591 5422 Ksplerl
602 5371 686 5425 opera.
713 5372 755 5417 VI.
1546 5358 1586 5418 34
