4459 6275
469 828 474 845 ·
500 810 564 873 m
1001 799 1144 869 spuo-u
1162 796 1354 854 armemus

500 978 651 1037 mudum
677 984 705 1035 st
726 976 763 1033 ad
787 976 877 1031 locuta
900 973 1087 1045 praebendum
1111 971 1281 1027 mmrslibns
1306 971 1440 1038 cuiusque
1458 969 1532 1038 globi
1549 970 1734 1034 motionibus,
1756 969 1864 1025 etiansi

500 1055 650 1113 cnsuadet
673 1052 736 1109 illss
759 1051 811 1108 sibi
834 1059 930 1108 mutuo
953 1052 1094 1119 contingat
1119 1067 1193 1106 esse:
1219 1049 1289 1105 adeo
1318 1057 1350 1103 nt
1375 1049 1466 1105 omuia
1491 1046 1653 1118 simpliciter
1676 1047 1713 1103 ab
1737 1046 1863 1103 omnibns

500 1135 637 1205 penetrari
654 1149 709 1188 non
727 1130 866 1187 difficilius
885 1146 967 1199 quarn
984 1129 1104 1201 perspici
1122 1128 1237 1198 possint
1272 1127 1371 1194 Neque
1389 1134 1494 1183 tautum
1511 1127 1586 1183 circa
1605 1124 1731 1195 rimatos
1748 1124 1864 1181 eirenlm

500 1210 553 1266 ists
569 1208 701 1266 facilitate
719 1206 861 1277 utendum,
880 1207 929 1262 sed
947 1213 976 1263 et
994 1207 1066 1262 eirca
1083 1207 1203 1275 integras
1222 1204 1354 1276 sphaeras
1373 1212 1401 1261 et
1419 1205 1491 1261 ciros
1513 1219 1580 1261 axes
1598 1220 1744 1261 summa
1762 1211 1863 1260 etton-

501 1285 639 1345 clnsarum
657 1286 872 1359 superficierum.
909 1286 970 1343 Etsi
981 1285 1052 1340 enirn
1071 1286 1153 1341 etiam
1171 1285 1276 1353 horum,
1295 1290 1408 1355 propter
1425 1282 1581 1339 differentes
1592 1290 1694 1355 motus,
1713 1282 1807 1338 sarias
1818 1282 1863 1337 irn-

500 1365 660 1437 pllcatioues
678 1365 836 1422 stallorum
854 1364 881 1418 iu
900 1362 961 1420 aliis
978 1364 1150 1431 insertiones,
1169 1362 1196 1416 in
1215 1361 1347 1433 exemplis
1372 1361 1546 1431 theomarum,
1565 1374 1637 1432 qnae
1650 1360 1774 1419 bumsna
1785 1376 1864 1417 manu

501 1443 590 1501 solent
608 1446 742 1517 apparari,
761 1442 937 1513 perdifficiles
956 1451 1032 1508 snat,
1056 1460 1107 1499 nee
1126 1442 1207 1499 facile
1226 1442 1378 1500 succedunt
1396 1444 1448 1513 ita,
1467 1453 1498 1499 ut
1514 1448 1605 1498 motus
1622 1441 1677 1510 ipsi
1694 1440 1766 1497 m'trtt
1783 1442 1864 1512 impe

502 1523 625 1580 sinam
649 1523 677 1578 in
700 1522 779 1579 coelo
803 1530 894 1579 umen
920 1522 1042 1578 ridemus
1060 1536 1234 1592 nequaquam
1258 1520 1369 1576 obstare
1385 1529 1441 1576 tam
1466 1520 1642 1590 multiplicem
1660 1527 1787 1577 motuum
1805 1538 1864 1577 sou·

502 1618 620 1671 msam,
638 1617 693 1670 quo
708 1602 797 1657 minus
816 1601 943 1655 eveniam
955 1598 1063 1670 singuli.
1100 1599 1174 1666 Quin
1191 1598 1246 1653 imo
1263 1614 1298 1652 ne
1311 1599 1365 1653 boe
1381 1598 1471 1668 ipsum
1483 1598 1601 1669 quiden,
1619 1598 1688 1667 quid
1699 1600 1729 1655 is
1743 1600 1865 1657 masat

502 1683 555 1739 bus
572 1679 688 1749 simplex
705 1681 748 1748 sit,
764 1678 881 1749 judicari
900 1686 1009 1748 oportet
1028 1678 1162 1747 exemplis
1179 1692 1271 1731 aarum
1282 1692 1382 1747 renam,
1401 1693 1473 1746 quse
1490 1692 1575 1747 penes
1589 1694 1640 1734 nos
1658 1679 1866 1750 duplicem

504 1759 645 1816 ridentur:
665 1760 758 1829 nuqua
777 1775 838 1815 cum
856 1772 946 1826 usqne
964 1754 1008 1810 bic
1026 1756 1054 1811 in
1072 1755 1165 1810 Terris
1183 1755 1309 1811 omnibus
1327 1756 1399 1811 idem
1412 1773 1446 1813 ex
1465 1773 1554 1826 aequo
1567 1758 1685 1829 a‘unples
1702 1772 1768 1815 esse
1779 1756 1866 1813 sitlea-

503 1849 556 1895 tur.
591 1837 684 1894 Facile
701 1852 819 1907 umque
836 1836 893 1901 fiet,
911 1845 942 1893 ιι
960 1837 1008 1907 qui
1025 1836 1065 1892 sic
1082 1834 1227 1891 sestimre
1244 1837 1362 1893 soluerit
1379 1837 1524 1907 comesus,
1541 1838 1565 1895 is
1583 1836 1653 1893 nibil
1670 1852 1782 1902 sortus,
1799 1850 1866 1906 qnae

506 1914 575 1971 dunt
592 1915 621 1970 in
639 1914 724 1980 coelo,
743 1914 858 1985 simplex
876 1923 1024 1983 agnoscat,
1048 1928 1083 1969 ne
1100 1913 1188 1984 ipsam
1205 1913 1313 1983 quidem
1332 1916 1413 1985 primi
1429 1924 1518 1970 motus
1534 1915 1724 1973 invariabilem
1742 1924 1866 1971 constan·

502 1996 580 2051 tiam
605 1995 731 2049 nimirum
755 1996 820 2066 quia
843 1996 896 2049 hoc
920 1993 1010 2061 ipsum
1035 1990 1081 2067 (nt
1102 1992 1141 2049 sit
1163 2006 1204 2049 sc.
1228 1989 1351 2066 aliquid,
1374 1989 1454 2069 quod
1470 1990 1575 2051 eodem
1596 2008 1629 2052 sc
1647 1988 1738 2051 modo
1761 2006 1866 2069 perpe·

502 2087 553 2140 tuo
581 2078 707 2161 haheat)
737 2084 809 2141 inter
826 2082 950 2139 homines
968 2080 1079 2135 inventu
1097 2095 1153 2136 non
1170 2089 1277 2138 tantum
1295 2081 1407 2138 difficile
1425 2090 1477 2154 est,
1495 2083 1545 2140 sed
1563 2083 1672 2155 penitus
1691 2078 1866 2155 imposubiis.

504 2160 567 2219 lion
584 2160 720 2233 igiturex
737 2163 821 2218 rebus
839 2160 1015 2229 nostratibus,
1034 2158 1084 2216 sed
1102 2178 1136 2216 ax
1149 2161 1340 2233 ipsis'naturis
1353 2179 1455 2229 eorssru¹
1472 2179 1543 2232 quae
1561 2162 1589 2219 in
1600 2160 1678 2221 coeto
1697 2166 1772 2221 sunt
1789 2166 1818 2215 et
1835 2174 1866 2213 es

503 2248 625 2296 motuum
642 2239 765 2308 ipsorum
783 2238 944 2296 immutabili
961 2246 1056 2295 tenore
1071 2238 1206 2309 iudicium
1222 2248 1266 2295 est
1284 2242 1492 2300 informandum.
1528 2242 1571 2297 lta
1589 2240 1645 2314 het,
1667 2248 1699 2297 ut
1715 2238 1771 2295 boe
1788 2244 1867 2309 paeto

503 2326 593 2375 motus
610 2332 706 2373 omues
722 2319 869 2376 rideantur.
883 2318 1019 2389 simplices
1028 2319 1171 2388 multoque
1187 2320 1376 2392 simpliciores,
1395 2337 1475 2391 quam
1494 2336 1535 2387 ea,
1554 2335 1625 2390 quse
1633 2334 1722 2390 penes
1738 2332 1792 2374 nos
1804 2316 1868 2373 talis

503 2397 632 2453 sidentur
652 2410 729 2453 esee:
752 2400 855 2470 quippe
875 2398 981 2454 nullum
1003 2398 1138 2467 laborem,
1161 2397 1264 2456 nnllam
1289 2399 1477 2456 difficultatem
1501 2400 1529 2455 iu
1548 2396 1756 2455 circuitionibus
1777 2410 1867 2451 eom

506 2476 640 2546 suspicari
657 2491 811 2546 muamus.
853 2474 1008 2536 Hactenus
1030 2473 1230 2536 Ptolemaeus.

598 2590 681 2669 Quid
709 2590 861 2653 desideras
894 2596 929 2652 iss
956 2592 1015 2653 ιιι
1037 2594 1206 2655 Ptolemaei
1235 2595 1408 2656 muntia?
1429 2594 1493 2654 Etsi
1516 2612 1617 2656 rerum
1640 2600 1695 2670 est,
1719 2610 1780 2654 non
1803 2608 1866 2655 esse

509 2677 686 2740 comendam
717 2678 891 2741 facilitatem
921 2688 1055 2742 motuum
1083 2681 1256 2742 coelestium
1286 2699 1322 2744 er
1352 2680 1524 2744 difficultate
1546 2690 1680 2742 motuum
1705 2680 1867 2744 elementa·

509 2768 594 2841 rium,
616 2775 735 2846 propter
758 2784 864 2829 causas
881 2768 955 2831 bene
970 2769 1097 2849 multas,
1120 2767 1250 2829 uortdum
1266 2778 1364 2831 tamen
1381 2772 1524 2849 sequitur,
1547 2778 1680 2829 motuum
1696 2768 1868 2831 coelestim

508 2852 591 2915 nulls
619 2855 648 2913 in
672 2854 770 2916 'l'erris
801 2855 936 2933 exempla
958 2859 1124 2935 propinqua
1155 2873 1236 2933 eese3
1268 2866 1297 2918 et
1320 2856 1436 2919 videtur
1458 2855 1649 2917 Ptbiemaeus
1671 2857 1761 2917 nimia
1782 2854 1867 2935 longe

507 2939 665 3003 extendere
686 2942 763 3003 bane
786 2944 1014 3017 excusationem,
1037 2942 1113 3005 adeo
1136 2951 1170 3004 ut
1192 2946 1359 3005 universam
1380 2947 1525 3006 rationem
1546 2946 1777 3005 astronomicam
1798 2960 1868 3005 oon-

509 3027 611 3101 iodiat,
633 3031 734 3107 itaquo
757 3049 853 3110 neque
875 3033 1052 3092 astrormmis
1076 3031 1249 3107 satisfaciat,
1273 3049 1369 3109 neque
1392 3030 1587 3113 philosophis,
1610 3032 1756 3109 usquein
1772 3028 1869 3092 θιὼ·

508 3118 589 3210 ιΙιιι
612 3116 701 3178 etiam
725 3118 880 3199 disciplina
902 3119 1020 3182 tolerari
1043 3120 1146 3200 possit.

598 3219 674 3282 Nam
697 3222 776 3300 quod
799 3228 1009 3286 autonomiam
1030 3227 1145 3297 attinet,
1169 3241 1270 3285 omrtes
1293 3227 1413 3285 omuino
1427 3224 1608 3304 hypotheses
1624 3225 1654 3283 in
1668 3225 1867 3301 suspicionem

511 3307 651 3369 falsitatis
675 3309 804 3386 adducit,
827 3311 897 3373 dum
919 3323 1072 3390 tantopere
1095 3319 1180 3389 urget
1202 3312 1357 3373 discrimen
1379 3312 1551 3375 coelestium
1575 3321 1604 3372 et
1626 3313 1808 3373 terrestrium
1824 3327 1868 3372 se·

513 3413 585 3469 rum,
608 3395 684 3456 adeo
707 3406 739 3457 ut
762 3401 850 3459 ctiam
873 3403 948 3461 ratio
972 3403 1037 3478 ipsa
1059 3417 1154 3460 errare
1176 3408 1304 3477 ponetur
1326 3403 1356 3459 iu
1378 3400 1590 3477 dijudicatione
1603 3399 1678 3477 ejus,
1701 3397 1785 3476 quod
1797 3416 1868 3474 geo·

513 3485 630 3543 mauise
654 3485 777 3562 simplex
801 3499 854 3546 est.
899 3489 976 3548 h'sm
1000 3489 1042 3560 si,
1068 3485 1149 3563 quod
1171 3489 1278 3546 rationi
1301 3496 1418 3548 nostrae
1442 3488 1478 3548 de
1501 3488 1584 3548 coelo
1607 3485 1724 3547 videtur
1749 3503 1868 3564 compo-

428 3611 431 3616 ·
511 3571 609 3644 sitnm,
635 3576 818 3648 componenti
842 3576 977 3648 circulos,
1001 3574 1030 3633 id
1055 3577 1083 3632 in
1106 3576 1172 3652 ipso
1194 3573 1279 3634 coelo
1302 3573 1427 3652 simplex
1450 3585 1512 3650 est;
1540 3577 1568 3633 in
1591 3575 1675 3635 coelo
1699 3575 1791 3652 igitur
1812 3591 1867 3632 non

511 3666 580 3716 sunt
611 3662 764 3737 compositi
795 3663 921 3724 invicem
952 3661 1053 3722 circuli
1082 3659 1121 3719 ad
1152 3678 1241 3720 unum
1271 3670 1382 3721 motum
1409 3661 1614 3739 effigiaudum:
1644 3659 1755 3721 ialsum
1783 3662 1869 3738 igitur

511 3748 651 3821 supponit
673 3757 867 3824 astronomus,
893 3759 922 3809 et
945 3749 1024 3825 quod
1048 3765 1231 3824 summopere
1255 3752 1368 3821 mirum,
1393 3767 1428 3808 ex
1452 3767 1530 3809 mese
1552 3749 1634 3809 salsis
1654 3766 1758 3808 verum
1782 3748 1866 3808 elicit

511 3829 545 3889 ld
569 3848 638 3891 sero
661 3845 705 3893 est
727 3835 867 3896 honorem
891 3838 1089 3897 asuonomtae
1112 3835 1275 3908 destruam,
1303 3853 1390 3911 quem
1414 3836 1589 3896 Aristoteles
1612 3838 1640 3894 iu
1665 3836 1747 3895 libris
1772 3835 1867 3896 liets-

511 3917 700 3998 physicorum
720 3926 859 3998 asseruit,
883 3924 1052 3984 audiendos
1074 3925 1245 3983 existimaus
1267 3931 1457 3985 astronomos
1477 3942 1571 4001 super
1591 3925 1697 4002 {emto
1719 3933 1749 3983 et
1770 3923 1868 4000 dispo·

511 4008 621 4065 sitione
643 4009 831 4088 motibusque
853 4030 1016 4089 eos-possem
1039 4011 1234 4078 coelestium„
1257 4007 1334 4086 Quin
1359 4014 1417 4072 imo
1433 4011 1621 4072 Ptolemaeus
1637 4029 1669 4070 se
1686 4011 1786 4087 ipsum
1801 4027 1868 4090 pro·

511 4091 564 4168 dit,
587 4092 658 4170 quid
681 4104 776 4174 optet:
796 4098 883 4174 jubet
905 4103 983 4159 euim
1006 4097 1171 4175 coningere
1194 4097 1375 4176 hypotheses
1396 4117 1485 4176 quam
1499 4097 1744 4175 simplicissimas,
1769 4097 1869 4158 atteri

512 4188 618 4257 potest.
663 4182 768 4261 Itaque
798 4187 822 4245 si
853 4188 918 4263 quis
946 4185 1139 4262 simpliciores
1162 4188 1227 4263 ipso
1250 4185 1438 4261 conduxerit,
1468 4188 1644 4263 geometrice
1667 4184 1868 4262 intelligendo.

513 4283 583 4326 suas
615 4269 664 4330 ille
693 4276 871 4349 compositas
901 4272 957 4333 hae
987 4274 1177 4332 excusatione
1209 4283 1312 4334 eontra
1338 4290 1396 4333 non
1418 4275 1546 4344 muniet,
1578 4270 1630 4333 sed
1652 4273 1785 4350 prolerre
1808 4271 1868 4334 illas

510 4353 637 4430 jubebit,
660 4376 736 4434 quac
759 4360 853 4433 nohis,
877 4359 1045 4420 hominibus
1068 4359 1104 4422 de
1119 4360 1218 4435 Terra,
1243 4358 1420 4421 ridebuntur
1442 4360 1655 4438 simpliciores,
1678 4361 1798 4421 etiami
1819 4377 1868 4420 ss·

514 4441 618 4520 emptis
641 4453 756 4506 utamur
778 4448 970 4509 terrestribus.

600 4549 749 4625 Quantum
771 4550 809 4612 sd
832 4552 1065 4630 philosophiam,
1088 4552 1242 4629 negabunt
1263 4552 1432 4631 philosophi
1455 4553 1511 4614 hoc
1533 4553 1676 4624 sulficere,
1701 4561 1734 4614 ut
1749 4553 1869 4614 musa

517 4638 646 4713 eorporis
675 4638 811 4698 coelestis
840 4642 882 4699 sit
908 4638 1020 4716 liquida
1042 4649 1072 4702 et
1093 4639 1281 4718 permeabilis
1302 4658 1322 4699 a
1344 4641 1441 4717 globis
1464 4659 1561 4718 eoque
1583 4658 1644 4701 non
1664 4643 1788 4702 resistat
1808 4657 1868 4700 sso-

514 4724 641 4783 tionibus
670 4724 825 4800 globornm
853 4743 905 4803 per
934 4726 1031 4804 illam;
1061 4737 1203 4804 quaerent
1233 4730 1323 4801 enisu,
1356 4728 1427 4804 quid
1455 4731 1494 4788 sit
1523 4727 1613 4803 iliud,
1646 4727 1728 4804 quod
1751 4728 1867 4807 globum

514 4810 609 4885 mauro
633 4812 819 4888 circumagat,
842 4817 1013 4890 praesertim
1035 4818 1060 4872 si
1084 4823 1207 4886 constet,
1231 4818 1381 4876 materiam
1403 4814 1559 4891 globorum
1582 4817 1667 4875 reniti
1691 4817 1867 4880 motoribssi

513 4905 669 4972 qusemm,
699 4914 759 4974 qna
786 4903 818 4957 si
848 4909 944 4959 motor
974 4918 1078 4979 eorpus
1106 4900 1144 4960 de
1174 4901 1239 4960 loco
1271 4902 1418 4961 inlocum
1443 4909 1579 4974 moreat,
1610 4901 1695 4961 nullo
1717 4903 1867 4964 substante

514 4999 617 5060 eampo
648 4983 806 5058 immobili,
841 5003 905 5046 cum
936 5005 1031 5064 neque
1058 4985 1155 5045 adsint
1182 4988 1307 5048 rotundo
1336 4991 1451 5066 corpori
1483 4987 1661 5050 adminicula
1688 4988 1801 5068 pedum
1823 4996 1867 5048 snt

515 5067 645 5143 siarum,
676 5088 800 5149 quorum
829 5077 989 5134 motatione
1018 5074 1157 5133 animatia
1180 5093 1285 5153 eorpus
1308 5075 1363 5135 hoe
1385 5094 1471 5135 suum
1495 5095 1547 5156 per
1568 5093 1670 5137 auram
1694 5077 1866 5146 aetheream.

514 5171 567 5212 eeu
590 5172 661 5216 sves
684 5175 735 5236 per
757 5164 855 5218 adrem
876 5164 942 5222 nisu
965 5161 1092 5238 quodam
1116 5170 1145 5221 et
1167 5165 1264 5223 renisu
1287 5163 1368 5223 illius
1390 5181 1499 5238 surae,
1529 5171 1749 5243 hanaporteat3
1779 5180 1866 5242 qnae·

513 5249 593 5316 rant,
617 5259 676 5322 qno
698 5247 804 5306 mentis
826 5243 951 5324 lumine,
974 5249 1081 5326 quibus
1103 5247 1207 5310 mediis
1230 5259 1330 5312 oenus
1351 5250 1527 5314 eircnlorum
1549 5251 1724 5330 orbitssqsss
1747 5255 1866 5314 ebes*
