4459 6275
806 872 810 881 ι
852 800 1062 873 &dementant
1081 808 1109 858 et
1126 800 1271 858 waltheri.
1680 806 1741 867 161

381 979 490 1049 latitet,
515 981 570 1040 istc
593 986 739 1041 accurate.
785 982 861 1042 Nam
885 990 914 1042 et
938 984 1137 1042 instrumentis
1164 998 1235 1040 usus
1257 988 1302 1040 est
1332 987 1361 1040 et
1392 979 1575 1057 diligentiam
1597 979 1740 1052 adhibuit,

383 1085 451 1127 cum
474 1066 523 1127 ille
545 1069 610 1127 rudi
634 1068 769 1129 Minerva
792 1070 862 1146 quid
885 1072 941 1130 sibi
966 1070 1113 1130 rideretur
1142 1070 1343 1144 consignavit:
1375 1065 1479 1141 adosse,
1510 1070 1620 1144 inquit,
1653 1090 1743 1146 προς-

382 1161 553 1216 sederemus
600 1157 698 1231 adds,
727 1157 907 1234 quodcirca
928 1176 1028 1218 veram
1052 1157 1128 1217 diem
1160 1158 1375 1216 observationis
1401 1156 1599 1234 Dionysianaa
1623 1153 1743 1225 dubita-

381 1244 493 1316 vimus,
518 1246 594 1303 circa
617 1254 749 1321 tempora
772 1246 953 1306 Ptolemaica
976 1245 1109 1305 dubitare
1131 1261 1190 1304 nou
1213 1261 1386 1323 possumus,
1415 1245 1532 1318 quoties
1559 1243 1626 1316 ille,
1659 1249 1691 1301 ut
1712 1243 1742 1302 iu

382 1327 493 1402 Marte,
517 1330 632 1391 Lernam
655 1332 797 1392 adhibuit.
1714 1389 1721 1406 ,

470 1418 503 1475 ln
528 1422 660 1496 proximo
683 1421 806 1480 consilio
829 1421 935 1484 abhinc
957 1427 1033 1481 retro
1055 1426 1202 1479 retentum
1225 1419 1279 1477 luit
1302 1417 1458 1496 aphelium,
1485 1419 1536 1476 ubi
1559 1418 1588 1476 id
1605 1426 1668 1479 1111
1690 1433 1743 1496 par

383 1504 587 1565 antecedentia
610 1511 808 1568 coustitutum.
850 1508 989 1584 Sequitur
1011 1508 1099 1581 igitur
1122 1507 1202 1567 aliud
1223 1505 1387 1579 consilium,
1410 1512 1578 1582 susceptum
1601 1509 1631 1565 iu
1654 1506 1742 1566 lavo-

383 1608 444 1650 rem
468 1593 616 1671 Dionysii,
640 1597 669 1652 in
693 1596 893 1656 Ptolemaeum
917 1594 1007 1674 paulo
1031 1596 1167 1670 iniquius.
1213 1593 1310 1653 Subiit
1326 1596 1402 1653 euim
1425 1595 1555 1652 animum
1580 1593 1742 1672 explorare,

383 1696 454 1737 num
478 1690 617 1759 usurpata
640 1682 775 1743 libertate
798 1685 913 1743 locandi
938 1682 1045 1760 aphelii
1070 1699 1121 1759 per
1145 1681 1218 1739 duas
1235 1682 1466 1754 observationes,
1491 1698 1580 1740 unam
1595 1681 1742 1758 Dionysii,

384 1783 456 1826 suae
481 1767 538 1827 diei
561 1769 704 1848 relictam,
727 1771 849 1831 alteram
873 1771 1050 1840 Ptolemaei,
1075 1787 1127 1847 per
1151 1769 1253 1828 itunae
1276 1769 1505 1845 applicationem
1529 1769 1740 1842 confirmatam,

384 1856 479 1932 possit
509 1873 567 1914 una
595 1857 713 1916 confieri
742 1858 928 1937 hypothesis,
962 1867 1109 1932 utcunque
1146 1856 1198 1915 illa
1227 1856 1393 1916 dissentiret
1427 1875 1445 1916 a
1474 1856 1589 1915 duabus
1622 1856 1742 1932 reliquis

382 1943 566 2019 aoronychiis
589 1944 762 2005 Ptolemaei.
808 1946 917 2005 Verum
945 1947 1097 2024 apparuit,
1129 1947 1185 2002 nisi
1216 1945 1285 2003 totis
1309 1950 1349 2004 30
1374 1943 1514 2021 gradibus
1544 1943 1682 2004 detractis
1705 1942 1742 2002 dc

382 2028 449 2089 loco
481 2030 604 2108 aphelii,
635 2032 777 2091 hactenus
809 2034 976 2103 constituti,
1008 2034 1133 2091 obtineri
1161 2034 1342 2108 propositum
1372 2049 1429 2092 nou
1460 2047 1557 2110 posse.
1602 2031 1643 2090 At
1672 2034 1742 2107 quia

382 2124 467 2175 tauta
489 2122 613 2178 mutatio
637 2137 702 2178 curu
725 2123 802 2197 triga
824 2121 1065 2198 acrouychiarum
1082 2119 1243 2179 Ptolemaei
1266 2128 1379 2197 pugnat
1400 2120 1599 2192 hostilissime,
1623 2136 1741 2179 manum

383 2202 419 2264 de
449 2205 551 2264 tabula
578 2208 720 2281 subduxi,
759 2207 855 2267 dimisi
882 2206 1000 2268 tandem
1029 2209 1085 2267 hoc
1117 2206 1224 2265 vulnus
1255 2207 1403 2266 dissensus
1439 2226 1456 2266 a
1483 2206 1628 2284 Dionysio
1657 2206 1739 2265 velut

382 2292 553 2352 incurabile.
1233 2327 1237 2335 ·

470 2379 576 2439 Restat
601 2388 633 2440 ut
655 2383 788 2441 effectum
812 2380 917 2442 calculi
940 2384 982 2441 sle
1006 2382 1177 2455 confirmati,
1203 2390 1234 2440 ut
1257 2390 1302 2443 est
1324 2384 1407 2441 initio
1429 2382 1549 2455 dictum,
1573 2397 1680 2459 ponam
1703 2380 1742 2448 ab

384 2466 487 2526 oculos
510 2485 635 2544 cumque
658 2469 730 2527 locis
754 2469 959 2529 aPtolemaeo
983 2471 1106 2548 proditis
1131 2471 1286 2542 conseram,
1312 2478 1344 2529 ut
1361 2478 1511 2548 appareat,
1536 2486 1673 2529 verumne
1695 2469 1743 2541 sit,

383 2553 464 2631 quod
487 2555 515 2610 in
539 2555 626 2632 hujus
650 2556 756 2615 calculi
779 2558 1033 2617 fundamentorum
1058 2556 1254 2634 descriptione
1278 2558 1354 2631 dixi,
1387 2575 1439 2635 per
1461 2574 1528 2617 eum
1557 2563 1616 2615 tres
1639 2555 1741 2616 Ptole·

383 2644 494 2701 malcas
517 2647 732 2721 repraesentari
755 2648 827 2705 satis
852 2654 965 2705 exacte.
1010 2645 1114 2704 Martis
1140 2649 1204 2704 risa
1226 2645 1293 2705 loca
1314 2644 1502 2704 Ptolemaeus
1524 2643 1630 2703 habet:

757 2809 760 2815 .
1005 2728 1743 2810 woffimmammfficmffi

382 2819 465 2877 idest
478 2820 629 2878 secuudum
651 2839 737 2877 meam
753 2826 985 2893 praecessionem:
1004 2825 1049 2880 22.
1088 2826 1104 2882 3
1133 2833 1180 2895 Π,
1201 2827 1244 2882 19.
1269 2825 1303 2881 53
1339 2827 1377 2897 tl,
1404 2822 1428 2876 3.
1448 2820 1490 2877 37.
1516 2817 1560 2889 ,2,
1582 2822 1610 2877 2.
1634 2820 1667 2876 39
1698 2815 1742 2889 s.

671 2910 866 2981 computabam
884 2911 976 2980 prius:
997 2910 1041 2966 21.
1067 2911 1104 2967 46
1130 2918 1178 2980 Π,
1214 2913 1239 2967 0.
1268 2914 1301 2968 10
1326 2916 1378 2981 ΠΡ,
1404 2911 1428 2965 3.
1447 2909 1479 2965 tt
1517 2905 1563 2978 l,
1587 2910 1615 2966 2.
1638 2907 1672 2965 39
1698 2902 1743 2978 l,

381 2988 627 3057 aristeuteepocha
637 2988 737 3056 aphelii
757 2990 840 3046 1118
851 2995 892 3051 tt.

383 3070 437 3126 Sed
448 3067 904 3139 epochaaphetiiintt⁰tslocata,
923 3068 977 3125 sic:
998 3067 1040 3122 22.
1070 3069 1098 3121 11
1127 3076 1175 3138 Π,
1212 3068 1296 3125 046
1322 3073 1368 3139 11]),
1396 3068 1421 3124 3.
1439 3067 1474 3121 at
1508 3063 1556 3136 l,
1582 3066 1607 3121 2.
1632 3064 1665 3119 11
1699 3060 1744 3136 f,

860 3173 922 3211 curu
939 3155 1036 3210 Lunae
1055 3164 1178 3212 centrum
1190 3157 1332 3213 visibiliter
1343 3157 1495 3226 reperiatur
1512 3157 1540 3209 in
1579 3157 1605 3211 0.
1637 3155 1669 3209 10
1698 3148 1727 3222 ,Γ

1025 3257 1074 3311 pro
1094 3260 1141 3313 eo,
1160 3247 1233 3315 quod
1246 3246 1419 3303 Ptolemaeus
1435 3244 1501 3298 dicit
1518 3245 1546 3299 iu
1577 3250 1603 3299 0.
1648 3243 1666 3299 0
1698 3234 1728 3309 ‚l

382 3348 416 3386 ex
430 3332 691 3401 suapraecessiouc.
710 3332 895 3399 (Ptolemaeus
914 3329 980 3384 dicit
1007 3336 1030 3397 <t
1051 3348 1103 3401 par
1123 3332 1152 3387 10
1164 3333 1207 3388 000
1225 3332 1311 3388 luisse
1324 3332 1396 3388 ultra
1408 3332 1534 3400 Lunam.)
1563 3331 1625 3399 Ego
1636 3328 1745 3385 invenio

381 3413 498 3467 Martem
517 3411 589 3465 ultra
606 3412 712 3467 Lunam
730 3413 761 3466 20
779 3413 834 3478 31’,
854 3410 922 3465 11111
942 3421 1079 3469 accurate.

471 3502 556 3577 Quod
580 3503 689 3561 nodum
711 3506 825 3577 attinet,
850 3506 976 3579 primum
1001 3508 1029 3563 in
1054 3506 1168 3565 Corum.
1192 3505 1297 3565 Martis
1319 3505 1357 3566 ad
1380 3505 1447 3565 sola
1467 3503 1631 3565 Ptolemaei
1655 3501 1746 3563 verba

383 3590 512 3663 attendi,
535 3590 723 3662 affirmantis,
757 3592 879 3650 limitem
904 3600 926 3660 ό
954 3594 1074 3653 boreum
1109 3611 1174 3654 ease
1198 3616 1263 3672 nepe
1284 3616 1322 3653 τα
1344 3596 1502 3654 talamona
1524 3615 1577 3654 του
1600 3612 1744 3668 raptatos.

384 3679 446 3737 Etsi
469 3681 557 3755 igitur
580 3682 643 3754 ipse
667 3680 695 3734 iu
720 3678 834 3737 calculo
857 3678 978 3738 limitem
1002 3681 1113 3741 confert
1129 3688 1230 3740 exacto
1253 3684 1283 3739 in
1306 3697 1483 3758 apogaeum,
1506 3698 1547 3740 sc.
1572 3682 1601 3738 in
1618 3674 1675 3738 150
1691 3673 1742 3757 Θ,
1858 3734 1860 3738 1

381 3768 477 3842 magis
499 3777 596 3825 tamen
627 3783 681 3840 ego
705 3765 816 3824 attendi
847 3766 885 3825 ad
909 3768 999 3826 verba
1029 3769 1091 3844 jam
1114 3771 1237 3845 scripta,
1266 3770 1411 3845 posuique
1439 3771 1469 3825 in
1493 3764 1551 3827 190
1574 3763 1625 3847 Θ.
1670 3763 1741 3824 dam

381 3870 462 3926 vero,
485 3864 642 3930 postquam
667 3853 859 3913 diuersurum
882 3858 1095 3929 praecessionis
1126 3858 1377 3931 aequinoctiorum
1401 3872 1483 3915 meae
1515 3873 1535 3913 a
1557 3854 1741 3912 Ptolemaica

381 3941 593 4000 stabilivissem
619 3939 652 3998 10
676 3940 705 4001 3¹
714 3984 721 4014 ,
752 3943 839 4001 etiarn
869 3940 943 4000 hacc
975 3942 1089 4019 epocha
1121 3946 1149 4001 iu
1179 3945 1353 4021 principium
1378 3947 1401 4015 11
1430 3944 1596 4019 promoveri
1628 3939 1739 3998 debuit.

383 4029 456 4088 Cum
485 4039 584 4088 auteur
609 4028 798 4088 Ptolemaeus
838 4030 1073 4088 observationem
1105 4030 1214 4105 alleget
1248 4047 1384 4108 expresse
1413 4029 1539 4102 nullam,
1577 4030 1743 4105 suspicatus

381 4115 563 4192 aliquamdiu
587 4135 660 4188 suni,
685 4120 789 4193 ipsum,
814 4116 955 4175 confisum
972 4119 1170 4177 observationi
1188 4118 1399 4204 Dipuysiauae,
1423 4117 1543 4193 perinde
1566 4132 1601 4174 sc
1622 4118 1647 4173 si
1662 4113 1744 4173 Mars

383 4206 411 4261 in
435 4202 487 4262 illa
510 4204 654 4264 diceretur
677 4207 784 4263 texisse
807 4204 905 4276 fixam,
931 4205 997 4263 inde
1020 4204 1089 4263 nodi
1113 4204 1209 4264 locum
1231 4206 1390 4266 derivasse.
1436 4205 1478 4264 at
1492 4210 1597 4282 postea
1618 4219 1665 4260 me
1681 4201 1745 4260 col·

381 4290 478 4364 ligone
502 4290 573 4362 ridi,
597 4294 621 4351 si
646 4291 814 4350 adhiberem
838 4291 1072 4364 inclinationem,
1100 4300 1241 4368 quantam
1266 4294 1364 4351 inveni
1388 4291 1475 4351 hodic
1498 4310 1534 4350 ex
1557 4291 1744 4350 observatio·

382 4380 470 4437 uibus
493 4378 658 4455 Tychonis,
683 4385 712 4436 11
734 4381 758 4436 11
782 4378 967 4438 latitudinem
990 4380 1091 4439 frontis
1115 4381 1242 4456 Scorpii,
1275 4387 1415 4456 quautam
1439 4378 1628 4438 Ptolemaeus
1650 4378 1742 4456 pouit,

382 4483 423 4526 sc.
443 4465 475 4524 10
492 4470 554 4538 100,
578 4466 665 4524 Marti
691 4466 936 4539 transscriborcm,
961 4467 1070 4526 nodum
1093 4475 1223 4545 tempore
1241 4468 1376 4546 Dionysii
1399 4469 1559 4526 recisurum
1582 4468 1612 4523 iu
1637 4461 1673 4526 50
1690 4466 1740 4544 ill,

381 4553 504 4615 limitem
527 4556 555 4610 iu
581 4549 616 4613 10
641 4561 683 4630 Q,
714 4554 885 4613 Ptolemaeo
909 4557 998 4630 igitur
1022 4555 1152 4614 ulterius.
1196 4555 1344 4615 Reversm
1367 4555 1455 4630 igitur
1487 4553 1525 4612 ad
1547 4551 1744 4613 Ptolemaicae

383 4641 605 4701 observationes
636 4649 665 4701 et
693 4640 817 4717 placita,
854 4644 903 4717 qui
932 4642 1117 4702 latitudinem
1147 4644 1306 4700 maximam
1339 4643 1458 4701 boream
1493 4640 1594 4702 definit
1624 4634 1659 4700 40
1682 4640 1744 4712 100,

381 4728 541 4787 australem
565 4729 599 4785 i⁰
624 4729 667 4801 0¹,
698 4731 740 4788 sic
762 4746 826 4786 sum
849 4731 1055 4789 ratiocinatus:
1081 4736 1214 4807 oportere
1237 4737 1269 4789 ut
1291 4729 1478 4789 Ptolemaeus
1497 4747 1548 4789 eas
1571 4725 1743 4786 latitudines

383 4816 589 4875 observaverit
617 4819 646 4874 in
678 4817 784 4875 sitibus
812 4818 1007 4893 acronychiis.
1053 4818 1199 4877 Lustratis
1230 4819 1319 4892 igitur
1347 4818 1483 4875 omuibus
1507 4814 1743 4894 oppositionibus

392 4910 414 4971 A
438 4894 470 4961 ‘ct
496 4903 553 4980 Θ,
576 4921 654 4979 quac
677 4911 812 4980 poterant
835 4904 961 4964 incidere
984 4908 1012 4961 in
1036 4922 1130 4964 annos
1154 4904 1231 4976 illos,
1259 4904 1366 4980 quibus
1389 4903 1520 4979 reliquas
1543 4901 1743 4962 Ptolemeicae

381 4991 607 5049 obseruationes
630 4990 923 5066 comprehenduntur,
947 4995 1092 5069 apparuit,
1117 4991 1153 5051 de
1170 4992 1281 5051 boreali
1304 4990 1422 5067 quidem
1442 4990 1598 5050 latitudine
1616 4989 1744 5047 maxime

381 5076 570 5136 statuendum
593 5078 635 5136 illi
659 5079 748 5136 luisse
772 5097 806 5137 ex
830 5082 914 5137 annis
932 5086 1002 5152 130,
1030 5087 1100 5151 133,
1131 5083 1198 5151 135,
1224 5080 1330 5155 quibus
1351 5078 1519 5137 incidebant
1542 5076 1743 5156 oppositiones

381 5167 410 5221 in
435 5159 493 5223 110
518 5166 573 5238 Π,
601 5160 736 5246 111οὓ,
768 5159 826 5225 100
851 5174 895 5242 tl,
924 5166 960 5226 ds
984 5162 1106 5228 australi
1130 5182 1200 5225 vero
1231 5183 1266 5226 11
1290 5182 1367 5225 auno
1394 5172 1474 5244 141,
1504 5181 1562 5242 quo
1586 5180 1663 5226 anno
1687 5163 1743 5221 luit

382 5254 530 5331 oppositio
561 5254 590 5310 in
622 5247 767 5318 150112
812 5252 888 5313 Nam
920 5262 1034 5316 ceterae
1067 5255 1269 5333 oppositiones
1297 5253 1492 5330 acronychiae
1522 5255 1744 5314 circumstantes
