4459 6275
410 836 413 843 -
435 812 495 873 166
926 804 1069 877 Epitomes
1086 802 1276 862 Asuouomiee

432 980 552 1067 mandi)
575 991 684 1063 petere.
722 983 819 1060 Quare
841 985 917 1046 sicut
939 1000 998 1044 uon
1022 985 1170 1061 sequitur:
1192 983 1273 1045 levia
1295 998 1332 1044 ex
1345 1000 1406 1045 uua
1426 988 1511 1063 parta
1532 982 1666 1046 iurantur
1689 1000 1798 1045 sm

432 1072 533 1131 mendi
555 1080 702 1146 centrum,
734 1089 802 1149 erge
825 1075 929 1150 gravia
950 1072 1081 1132 seruntur
1103 1073 1142 1133 ab
1165 1071 1230 1148 ejus
1253 1078 1366 1145 centro,
1399 1072 1442 1132 ita
1463 1089 1519 1133 nec
1539 1074 1724 1133 centanam
1745 1086 1798 1133 ss-

432 1162 545 1237 quitur:
574 1160 653 1221 levia
676 1178 711 1220 ex
740 1158 833 1220 altera
854 1167 937 1238 parts
959 1160 1090 1221 taenea
1121 1179 1140 1220 a
1171 1167 1269 1221 centro
1298 1157 1401 1218 mundi
1423 1158 1462 1221 ud
1490 1158 1692 1237 superficiem,
1724 1174 1797 1237 ergo

433 1250 537 1325 gravia
559 1247 597 1307 ad
620 1255 750 1307 centrum
773 1248 882 1307 mundi.
1017 1268 1020 1277 ·

521 1335 625 1395 Proba
642 1337 713 1408 jam
735 1337 825 1393 etiem
846 1354 903 1410 per
924 1337 1152 1411 aperientium,
1174 1337 1287 1411 grauia
1309 1332 1462 1409 quaedam
1479 1334 1639 1411 nauseare·
1659 1332 1706 1393 ad
1725 1350 1797 1395 ears-

433 1430 516 1482 trrrm
537 1420 661 1494 muudi,
692 1438 760 1480 cum
787 1423 932 1500 suuntur
960 1431 1062 1482 tamen
1094 1420 1138 1481 ad
1165 1423 1215 1480 rui
1236 1421 1370 1497 eorporis
1400 1428 1548 1481 centrum.
1588 1420 1681 1481 Patet
1703 1418 1734 1479 id
1755 1418 1796 1481 sd

435 1509 553 1569 oculum
585 1512 615 1568 in
641 1507 729 1585 globo
753 1508 871 1582 Lernae,
903 1510 954 1586 qui
982 1526 1048 1569 eum
1078 1510 1119 1569 slt
1147 1507 1279 1585 ejusdem
1309 1514 1431 1568 naturae
1463 1524 1530 1567 cum
1551 1506 1645 1568 Terra
1672 1508 1705 1567 iu
1727 1506 1794 1583 bos,

303 1652 311 1671 ,
435 1596 513 1673 qued
535 1598 565 1654 in
588 1598 697 1656 extima
718 1613 774 1654 sua
797 1596 949 1674 superficie
979 1595 1070 1656 babet
1091 1604 1206 1656 montes
1229 1594 1258 1655 et
1280 1593 1392 1667 velles,
1421 1595 1604 1655 continentes
1635 1602 1667 1657 st
1689 1596 1793 1669 marla,

434 1701 529 1760 neque
552 1690 649 1742 tumen
671 1685 711 1742 sit
733 1683 818 1743 Luna
840 1687 869 1741 in
892 1692 990 1744 centro
1013 1684 1123 1753 mundi,
1147 1682 1227 1760 qued
1249 1683 1391 1760 recipiunt
1413 1698 1530 1756 omnes,
1554 1683 1661 1760 pavia
1683 1690 1793 1757 tamea,

434 1781 466 1830 ut
488 1778 556 1830 suut
577 1788 674 1847 aquae
697 1769 842 1845 Lunares,
871 1782 970 1847 neque
989 1772 1018 1829 in
1041 1770 1161 1833 Terram
1191 1787 1286 1846 neque
1316 1771 1345 1827 in
1367 1768 1495 1829 medium
1518 1767 1620 1830 muudi
1637 1767 1794 1845 ‘decidunt
1820 1773 1827 1787 ’

433 1857 485 1918 scd
507 1858 657 1918 insinuant
680 1874 712 1917 se
735 1859 772 1917 ad
795 1857 862 1918 loca
883 1860 1016 1937 proxima
1039 1866 1137 1918 centro
1160 1857 1241 1935 globi
1263 1857 1397 1917 Lucanis.

526 1944 904 2024 Undecumanorum,
931 1949 966 2004 in
988 1944 1081 2004 Luna
1112 1962 1170 2005 esre
1196 1945 1263 2005 lecu
1290 1945 1355 2003 alta
1382 1952 1410 2003 et
1438 1943 1593 2019 ἀφεσεεα,
1620 1945 1718 2021 inqrse
1742 1942 1795 2003 da·

434 2036 543 2109 pressis
564 2031 683 2108 equae?
715 2032 846 2091 Primum
869 2031 954 2092 docet
976 2035 1083 2110 optim,
1107 2026 1258 2111 telescopii
1280 2030 1392 2107 Belgici
1415 2029 1594 2091 adminiculo
1617 2038 1649 2091 et
1672 2030 1795 2091 demeu-

434 2121 574 2179 stretione
598 2118 684 2196 plene
707 2121 884 2193 necessaria,
913 2126 1011 2198 partes
1034 2120 1136 2179 Lunae
1159 2122 1319 2179 luminosas
1341 2117 1473 2178 elevatas
1501 2126 1531 2178 et
1553 2124 1707 2178 exstantes
1729 2132 1792 2179 esst

435 2225 453 2266 a
476 2214 574 2266 eeutm
597 2205 678 2283 globi
700 2207 746 2265 sui
769 2205 915 2282 valdeque
938 2224 1071 2285 asperas3
1094 2214 1284 2284 perterrere
1307 2204 1473 2266 maculem
1496 2214 1526 2266 et
1547 2206 1707 2285 subnigrae
1729 2220 1793 2266 esse

436 2296 525 2354 etiam
548 2292 699 2371 depressas
722 2293 892 2371 cipimus,
915 2303 948 2354 ut
971 2303 1015 2354 εει
1037 2298 1177 2355 contiuua
1198 2294 1344 2373 planities.
1388 2292 1465 2352 Nam
1486 2300 1585 2371 partes
1608 2293 1710 2354 clarae
1731 2308 1794 2354 ccr-

435 2388 546 2440 nuutur
565 2380 721 2439 illuminari
738 2388 774 2453 ,et
796 2383 896 2454 citius,
926 2398 1014 2457 quam
1036 2381 1189 2455 maculae,
1213 2390 1242 2441 et
1264 2382 1338 2440 inter
1359 2397 1392 2440 se
1415 2377 1502 2441 uelde
1525 2380 1724 2457 inaequaliter
1743 2396 1794 2441 seu

437 2470 573 2546 sparsim.
619 2466 760 2528 Oriuutur
782 2470 858 2528 enim
880 2470 911 2528 iu
934 2467 1037 2529 mediis
1059 2470 1191 2548 partibus
1213 2469 1356 2529 umbrosis
1384 2466 1530 2543 quaedam
1561 2467 1655 2528 veluti
1687 2472 1795 2546 puncta

437 2556 601 2629 luminosa,
631 2573 755 2632 quorum
783 2555 881 2616 lumen
905 2565 1028 2633 augetur
1050 2567 1110 2618 tem
1134 2556 1184 2615 diu
1193 2599 1201 2631 ,
1232 2555 1324 2615 donec
1352 2555 1470 2615 taudem
1500 2572 1602 2615 omues
1624 2555 1794 2631 interjectas

437 2644 557 2703 umbrae
588 2643 772 2705 eliminentur
804 2645 1021 2703 continuatione
1051 2642 1214 2705 lucidarum
1249 2642 1384 2721 partium.
1440 2641 1466 2700 B
1494 2650 1595 2702 eontra
1625 2641 1795 2703 maculosae

438 2739 536 2809 partes
559 2729 760 2790 illuminantur
782 2729 894 2791 tardius
916 2739 945 2791 ει
967 2733 1071 2790 transit
1093 2748 1145 2808 per
1167 2730 1233 2790 illas
1255 2731 1394 2790 terminus
1415 2728 1490 2789 lucis
1512 2736 1542 2789 et
1565 2728 1688 2791 umbrae
1714 2726 1795 2812 (cum

437 2819 522 2877 Luna
546 2818 636 2877 bifida
659 2826 717 2891 est)
740 2817 858 2895 aequali
880 2826 960 2878 recta
982 2817 1068 2893 linea,
1092 2817 1174 2877 nulla
1196 2820 1336 2878 varietate
1358 2815 1407 2875 rel
1429 2818 1555 2877 mixtura
1576 2817 1652 2879 lueis
1675 2826 1707 2878 et
1728 2834 1793 2876 um·

438 2908 517 2966 brae.
554 2905 637 2965 Haec
654 2906 741 2982 igitur
763 2907 925 2965 certissima
947 2914 1016 2965 suut
1037 2923 1073 2965 ex
1088 2907 1202 2983 opticis,
1224 2906 1337 2982 nigram
1352 2906 1504 2964 materiam
1525 2903 1677 2982 aequabili
1691 2920 1795 2985 super·

437 2994 502 3052 fieic
524 3009 588 3053 esse
610 2995 639 3050 iu
662 2993 794 3070 partibus
817 2993 920 3054 Lunae
944 2991 1173 3072 depressioribus
1194 3009 1247 3053 seu
1269 2992 1392 3052 lacunis.

524 3079 594 3141 Jarn
618 3080 755 3158 deinceps
777 3081 851 3142 baec
872 3083 915 3142 sie
938 3083 1034 3159 optice
1057 3079 1257 3141 demonstratu
1277 3096 1429 3140 assumens
1451 3078 1576 3158 physica
1601 3085 1631 3141 st
1660 3072 1730 3140 cum
1750 3078 1794 3154 iis,

439 3185 515 3244 quae
538 3185 628 3244 penes
658 3185 713 3227 noa
735 3170 765 3226 iu
787 3167 905 3229 Tellure
928 3178 996 3229 eunt
1018 3168 1141 3242 similia,
1164 3184 1354 3246 comparans,
1377 3184 1414 3228 ex
1435 3166 1609 3242 altitudine,
1631 3169 1794 3248 asperitate

438 3265 468 3314 et
491 3253 624 3314 claritate
646 3257 773 3331 partium
800 3255 880 3330 globi
904 3258 1006 3316 Lunae
1034 3258 1143 3316 siccam
1169 3273 1223 3315 seu
1250 3253 1378 3328 aridam,
1412 3257 1594 3315 continentes
1622 3254 1738 3315 scilicet
1765 3261 1794 3314 st

439 3350 553 3400 montes
577 3361 595 3401 a
617 3341 686 3402 Sole
709 3341 904 3418 illuminatos,
942 3363 978 3403 ex
1006 3343 1131 3403 maculis
1155 3360 1206 3402 seu
1228 3342 1380 3419 nigredine
1402 3348 1433 3404 et
1458 3341 1672 3418 aequabilitate
1697 3341 1795 3402 urmi-

439 3429 508 3486 dum
530 3445 582 3487 scu
605 3447 707 3504 aquas,
743 3448 778 3489 ex
801 3429 987 3508 depressione
1014 3432 1130 3492 demum
1152 3433 1326 3507 gravitatem
1351 3447 1404 3490 eeu
1427 3431 1668 3491 inclinameutum
1693 3445 1794 3491 versu

439 3511 569 3575 centrum
591 3515 672 3592 globi
694 3519 892 3577 ratiocinatur.

530 3602 657 3672 Terrae,
691 3606 903 3679 iqaobilr'ssimo
926 3611 1016 3667 totius
1037 3606 1148 3665 mundi
1170 3608 1304 3681 corpori,
1328 3607 1466 3683 competit
1486 3605 1568 3666 locres
1589 3607 1684 3665 ιιίαιη
1707 3607 1795 3681 ique·

439 3691 514 3748 luitis.
559 3689 628 3749 Erit
649 3694 743 3766 ipitar
765 3696 800 3750 in
823 3700 924 3753 centro
946 3694 1079 3754 mundi?
1109 3692 1212 3752 Multis
1234 3693 1314 3752 vitiis
1336 3692 1450 3753 laborat
1474 3699 1688 3769 argumentum.
1728 3692 1794 3751 Pri·

438 3795 516 3836 nnrm
546 3793 605 3837 non
636 3786 681 3837 est
707 3795 841 3855 neeesse,
870 3780 935 3840 loca
963 3779 1137 3859 respendere
1165 3780 1333 3858 corporibus
1363 3779 1532 3854 nobilitate,
1561 3782 1587 3840 si
1619 3797 1693 3840 usus
1715 3777 1794 3840 aliud

437 3862 578 3943 postulat.
624 3864 738 3925 Deinde
771 3865 861 3927 Terra
893 3886 951 3928 non
987 3877 1030 3929 est
1063 3885 1168 3947 eorpus
1196 3868 1455 3944 ignobilissimum,
1490 3866 1543 3927 sed
1575 3867 1614 3928 ad
1642 3870 1795 3928 minimum

436 3963 544 4028 aequat
567 3969 673 4032 eorpus
697 3951 813 4030 Lunae,
841 3956 866 4014 si
889 3973 946 4016 neu
970 3951 1072 4030 vineit,
1097 3957 1206 4034 quippe
1228 3955 1331 4016 Lunae
1353 3971 1458 4032 eorpus
1480 3954 1573 4015 molto
1594 3963 1640 4016 εει
1662 3957 1795 4034 asperim

438 4058 558 4117 corpore
582 4040 698 4100 Terrae.
744 4041 780 4100 Ει
812 4043 882 4119 qnid
912 4047 936 4102 si
966 4044 1050 4103 multi
1081 4043 1131 4103 alii
1161 4051 1229 4102 sunt
1256 4041 1424 4119 hujusmodi
1447 4042 1528 4119 globi
1556 4059 1592 4102 ex
1616 4042 1746 4121 planetis
1766 4049 1795 4102 st

437 4127 527 4185 fixis?
556 4127 646 4186 lovis
661 4136 738 4188 certe
762 4146 866 4207 corpus
881 4131 1015 4192 umbram
1034 4132 1109 4207 Jacit
1132 4138 1163 4188 ut
1178 4130 1269 4190 Terra
1290 4141 1320 4192 ει
1334 4130 1427 4205 Luna,
1451 4130 1575 4191 Veneris
1590 4146 1699 4209 corpus
1713 4139 1794 4210 parte

439 4231 456 4271 a
480 4213 549 4272 Sole
574 4232 677 4274 aversa
699 4215 809 4276 lumine
833 4225 920 4288 caret,
943 4225 977 4276 ut
998 4218 1134 4277 Terreat
1155 4217 1248 4277 Luna.

529 4299 628 4360 Tertio
651 4301 737 4379 plane
760 4303 866 4363 salsum
890 4312 950 4378 εει,
979 4307 1069 4363 centri
1092 4304 1189 4365 locum
1212 4304 1371 4383 ignobilem
1393 4321 1468 4379 esse,
1492 4322 1559 4365 cum
1581 4307 1611 4363 iu
1633 4301 1794 4366 adumbra-

438 4387 516 4446 tione
540 4387 591 4447 SS.
615 4388 766 4450 Trinitatis
798 4393 891 4468 ipsam
923 4392 1045 4468 primam
1071 4409 1226 4468 personam
1256 4392 1313 4453 Dei
1343 4392 1452 4465 Patris,
1486 4393 1597 4454 iontem
1614 4391 1795 4462 ¹Divinitatis

438 4479 668 4549 repraesentant.
714 4478 806 4553 igitur
829 4481 883 4539 etsi
899 4478 966 4540 loce
988 4481 1105 4539 omnine
1122 4479 1296 4556 respondere
1318 4477 1456 4540 deberent
1470 4481 1652 4558 corporibus,
1676 4479 1794 4552 Terras,

438 4578 513 4636 quae
540 4580 591 4639 pro
616 4564 736 4640 ignobili
759 4565 881 4627 habetur
905 4574 934 4626 et
957 4585 1031 4643 quac
1054 4566 1092 4627 ad
1115 4569 1211 4627 miuus
1234 4567 1390 4645 ignobilior
1412 4577 1456 4627 εει
1477 4568 1567 4647 globo
1588 4567 1678 4638 Solis,
1705 4568 1794 4628 renui

437 4647 520 4706 locus
553 4667 611 4709 norr
646 4650 806 4712 debebitur.
850 4652 910 4714 Sed
942 4653 978 4714 de
1010 4655 1065 4714 bac
1097 4657 1347 4733 argumentatione
1381 4654 1466 4732 plura
1497 4657 1571 4716 inira
1600 4657 1631 4713 in
1661 4653 1795 4718 uectum

438 4735 576 4796 theorica.

524 4827 565 4882 At
587 4843 655 4882 crem
680 4836 815 4887 centrum
840 4832 872 4888 in
895 4830 1104 4890 convolutione
1125 4829 1206 4906 plebi
1221 4831 1285 4890 loeo
1305 4847 1361 4889 suo
1382 4839 1516 4906 moneat,
1545 4830 1657 4891 Terrae
1680 4835 1793 4909 atique,

438 4913 547 4987 quippe
577 4916 695 4988 corpori
720 4920 810 4988 prem
842 4925 869 4974 et
897 4918 939 4975 ed
963 4927 1079 4978 metum
1108 4920 1215 4996 inerti,
1243 4919 1348 4977 salum
1376 4926 1501 4996 propter
1529 4922 1664 4978 rationes
1695 4927 1793 4980 metae

438 4999 518 5057 iocre
547 5002 642 5057 centri
668 5001 841 5060 debebitur?
872 5003 997 5063 llursurn
1026 5006 1135 5064 vitiosa
1164 5013 1209 5066 est
1237 5009 1452 5082 argumentatio
1483 5023 1541 5066 non
1573 5022 1633 5066 une
1664 5008 1791 5068 uomina.

440 5084 568 5144 Primum
591 5089 747 5146 assumitur
771 5091 986 5164 inconcessum,
1016 5091 1150 5151 diurnum
1172 5101 1284 5152 motum
1306 5095 1403 5153 inesse
1426 5097 1480 5153 teti
1503 5093 1658 5155 machinae
1681 5093 1790 5166 muutll,

328 5247 335 5262 .
439 5173 605 5248 quiescente
627 5173 691 5233 sela
712 5175 818 5252 Terre;
848 5178 927 5253 quod
958 5182 1089 5255 sequenti
1119 5189 1200 5257 parte
1230 5183 1397 5243 invenerar.
1444 5181 1585 5242 Detracta
1614 5199 1687 5242 vero
1709 5191 1789 5244 mets

440 5260 529 5318 setim
551 5259 632 5338 globi
659 5263 812 5342 mundani,
844 5267 932 5330 centri
962 5267 1147 5350 priuilegium
1177 5266 1250 5332 iilud
1271 5265 1359 5332 cadit
1405 5267 1521 5333 Deinde
1541 5285 1601 5331 neu
1624 5279 1671 5332 est
1692 5271 1789 5350 grarb
