4459 6275
436 770 497 831 lts
932 764 1073 837 uniames
1090 764 1281 823 desonantes

433 944 483 1005 Sic
506 960 608 1003 cursus
631 942 811 1017 animalium,
836 945 946 1023 impetu
969 961 1091 1021 corpora
1102 962 1158 1005 sua
1179 944 1349 1005 librantium
1367 948 1398 1004 in
1412 950 1489 1021 abre,
1511 945 1667 1023 saltusque
1688 943 1785 1007 leliurs

434 1039 485 1092 aut
504 1030 701 1107 jaculationes
723 1040 890 1107 serpentum
912 1049 965 1107 pro
988 1032 1127 1092 violentis
1148 1050 1208 1091 non
1231 1032 1385 1094 habentur.

521 1118 580 1177 Dic
602 1118 734 1191 tandem,
757 1118 833 1194 quid
852 1122 891 1177 sit
914 1118 999 1192 illud,
1023 1119 1106 1195 qnod
1123 1119 1235 1179 Terrae
1256 1122 1438 1181 circatmm
1460 1122 1554 1199 insert
1567 1128 1688 1182 molum
1708 1122 1785 1177 cirre

434 1224 522 1265 orerrr
544 1205 741 1279 immobilem,
773 1209 939 1265 extrinseca
962 1222 1055 1265 cama
1079 1224 1123 1266 att
1144 1210 1327 1286 intrinseca,
1353 1226 1430 1267 nam
1453 1212 1592 1285 potentia
1622 1206 1784 1279 ιιαωωὶῡ,

433 1312 478 1353 cn
499 1294 629 1352 amineo?
671 1292 757 1365 Dico,
781 1310 838 1352 non
851 1302 964 1351 tantum
989 1292 1219 1370 unumquodque
1241 1294 1345 1354 horum
1366 1313 1466 1372 perse
1488 1312 1558 1355 suas
1579 1294 1691 1355 babere
1712 1294 1786 1353 rul-

434 1380 652 1453 similitudines,
681 1379 733 1440 sed
763 1382 850 1439 etiam
879 1383 978 1440 omnia
1007 1383 1062 1440 tria
1095 1396 1266 1442 concurrere
1288 1399 1376 1460 possa
1407 1391 1438 1443 et
1465 1382 1568 1461 procul
1590 1382 1684 1443 dubio
1719 1396 1786 1441 cou-

434 1484 554 1529 currere.

523 1575 626 1635 Probo
655 1577 794 1649 primum
824 1575 860 1633 ds
891 1592 985 1634 causo
1011 1567 1151 1635 m'osetrte
1172 1584 1327 1635 (πωπω.
1372 1572 1405 1633 Si
1432 1574 1516 1650 pueri
1542 1578 1669 1649 possunt
1694 1578 1786 1633 roim

436 1662 581 1721 turbinem
604 1664 633 1720 in
655 1660 775 1743 plagam
799 1662 967 1722 alterutram
991 1671 1108 1733 certam,
1132 1672 1214 1723 tanto
1229 1660 1423 1739 aequabiliori
1445 1670 1474 1720 et
1493 1660 1685 1721 constantiam
1701 1668 1785 1731 motu,

434 1760 544 1826 quanto
568 1750 740 1826 exquisitior
763 1757 807 1809 est
831 1752 908 1808 lacta
932 1752 1099 1827 impressio,
1124 1753 1167 1810 sic
1189 1759 1223 1810 ut
1244 1751 1340 1821 turbo,
1363 1747 1454 1808 semel
1480 1750 1510 1806 in
1532 1756 1614 1807 metu
1645 1748 1785 1807 constitu·

436 1848 491 1908 tus,
514 1838 627 1914 impetu
653 1845 803 1913 concepto,
827 1836 966 1912 plurimas
989 1838 1078 1896 iaciat
1100 1840 1279 1915 gyrationes,
1302 1835 1401 1914 quoad
1417 1833 1565 1912 inaequali
1580 1833 1703 1895 tabulas
1724 1830 1786 1910 pls-

434 1926 504 1983 nitie
528 1934 557 1984 et
581 1926 657 1984 airis
680 1940 801 1983 occursu
825 1926 952 1983 ollensns
976 1941 1088 2000 suoque
1103 1925 1232 2001 pondere
1256 1927 1351 1983 victus
1371 1923 1531 1998 languente
1549 1920 1696 2000 paulatim
1710 1926 1785 1979 motu

434 2011 585 2085 concidat,
613 2029 662 2070 cur
684 2028 742 2068 non
758 2014 851 2087 possit
866 2012 946 2070 Deus
969 2014 1189 2089 impressionem
1206 2014 1234 2069 in
1250 2011 1397 2071 Tellurem
1420 2011 1459 2069 ab
1473 2012 1556 2069 initio
1570 2008 1663 2069 talem
1677 2008 1785 2079 lesisse,

435 2098 516 2159 velut
541 2098 578 2157 ab
598 2108 688 2169 extra,
712 2115 747 2156 ex
771 2116 829 2173 qua
851 2100 1062 2176 subsequentes
1086 2115 1187 2160 omnes
1209 2102 1370 2158 relationes
1396 2099 1555 2157 etiamnum
1577 2094 1668 2156 hodia
1691 2098 1786 2173 vigore

435 2192 607 2247 continuato
629 2196 817 2262 permanent,
848 2186 921 2245 adeo
945 2196 977 2245 ut
1000 2204 1099 2246 carum
1123 2189 1181 2245 sint
1199 2188 1262 2262 jam
1284 2202 1405 2245 numero
1428 2188 1520 2245 vicies
1542 2192 1669 2245 centena
1690 2182 1785 2255 millis,

436 2290 502 2333 cum
524 2275 581 2331 ista
602 2274 710 2331 rotatio
732 2289 790 2331 non
813 2273 975 2333 offendatur
1003 2273 1062 2332 ulla
1092 2275 1162 2337 luris
1190 2284 1361 2335 occursante
1387 2275 1544 2351 asperitate
1576 2270 1625 2332 vel
1648 2270 1786 2331 demtus

436 2376 526 2420 aurae
549 2359 720 2433 aethereae,
751 2366 809 2419 nori
833 2360 894 2419 ullo
917 2359 1045 2437 pondere
1068 2361 1115 2421 rcl
1139 2365 1286 2439 gravitate
1309 2364 1437 2433 intema3
1468 2367 1610 2437 quantum
1634 2374 1707 2419 vere
1727 2372 1787 2419 ms

436 2447 567 2507 terialern
593 2448 727 2506 inertiam
749 2449 867 2509 attinet.
900 2448 1025 2524 subjecti
1055 2449 1122 2509 loco
1151 2452 1190 2508 sit
1218 2450 1257 2508 ad
1279 2446 1503 2526 concipiendum
1532 2450 1675 2526 impetum
1697 2446 1787 2507 cond

435 2533 641 2610 uuandamque
663 2538 847 2595 rotationem.

522 2638 680 2698 Confirmat
703 2639 791 2697 etiarn
814 2639 889 2699 hanc
913 2654 1031 2697 eausam
1054 2636 1128 2697 haec
1150 2640 1382 2698 circumstantia:
1406 2636 1486 2715 quod
1508 2638 1585 2696 sient
1600 2636 1690 2696 turbo
1712 2644 1787 2695 rots-

439 2728 537 2785 turin
560 2726 677 2803 plagam
702 2725 781 2785 illam
805 2734 979 2800 constanter,
1004 2728 1032 2783 in
1057 2743 1144 2801 quam
1167 2727 1221 2786 luit
1244 2728 1326 2785 initio
1350 2734 1515 2797 contortus,
1538 2725 1582 2783 sic
1604 2722 1684 2783 idern
1706 2724 1788 2783 etha

438 2812 547 2874 'lenae
571 2812 685 2885 accidit,
710 2824 741 2872 ut
765 2830 855 2873 eausa
877 2800 958 2872 nulld
981 2812 1042 2872 dari
1066 2816 1174 2890 possit,
1198 2829 1250 2873 cur
1270 2816 1370 2890 potius
1393 2816 1422 2871 in
1445 2812 1522 2871 hanc
1542 2810 1664 2889 plagam
1684 2816 1789 2871 rotetur

435 2900 535 2975 Terra,
559 2918 647 2976 quarn
671 2902 699 2957 in
723 2903 915 2973 contrariam,
946 2901 1002 2960 nisi
1026 2900 1112 2974 haec,
1144 2900 1266 2978 quoda
1289 2900 1427 2961 Creatcre
1456 2902 1556 2959 statim
1581 2899 1668 2957 initio
1690 2906 1788 2977 coepta

433 2992 471 3048 sit
495 2991 524 3046 in
548 2988 623 3047 hane
645 2987 763 3065 plagam
784 2991 883 3047 rotari.

524 3094 626 3156 Probo
655 3095 690 3154 de
718 3096 865 3174 facultate
893 3113 1049 3172 corporeo.
1099 3094 1129 3178 l)
1150 3094 1319 3156 Verisimile
1350 3104 1408 3168 est,
1441 3091 1519 3153 hanc
1552 3092 1649 3170 ipsam
1682 3090 1788 3170 prims

435 3185 590 3244 rotationis
614 3185 812 3243 continuatam
836 3187 962 3260 speciem
992 3186 1021 3242 in
1044 3183 1136 3245 Terra
1158 3183 1392 3242 transformatam
1414 3197 1480 3241 esse
1510 3196 1563 3240 seu
1594 3179 1788 3242 coaluisssh

436 3271 525 3330 talem
548 3271 716 3330 facultatem
740 3289 918 3348 corpoream,
943 3281 971 3331 et
994 3275 1036 3330 sic
1058 3275 1086 3331 in
1110 3272 1198 3330 tibras
1214 3271 1332 3342 Terrae,
1357 3269 1514 3343 dispositas
1535 3266 1699 3326 secundm
1721 3265 1788 3328 dus·

437 3370 498 3417 turn
521 3370 617 3417 motus
642 3361 741 3434 ipsius,
767 3358 937 3430 inolevisse,
967 3361 1009 3418 sic
1032 3370 1062 3418 ut
1087 3360 1177 3419 librae
1200 3376 1301 3418 enarres
1324 3356 1523 3432 intelligantur
1545 3353 1733 3430 rectilineae,
1760 3363 1788 3412 ut

435 3448 514 3522 prius
538 3445 661 3514 dietum,
697 3459 725 3506 et
753 3448 800 3504 ari
832 3445 1004 3522 parallelae,
1035 3447 1086 3506 sed
1118 3445 1296 3505 circulariter
1317 3461 1401 3504 arem
1434 3446 1672 3512 circumstantes,
1704 3439 1789 3501 veluti

435 3534 602 3593 subtemina
632 3545 710 3592 recta
740 3535 914 3592 staminibus
946 3532 1137 3593 circularibus
1167 3535 1288 3592 intesta.
1334 3529 1409 3590 liam
1439 3533 1464 3588 si
1487 3531 1600 3606 specics
1628 3537 1729 3589 motus
1755 3527 1789 3588 sb

436 3633 517 3680 extra
545 3620 618 3678 illati
648 3635 744 3696 potest
775 3620 905 3679 abstrahi
934 3638 1064 3680 aeausa
1094 3634 1231 3680 uterente
1263 3621 1447 3696 imprimique
1477 3619 1505 3674 in
1534 3633 1641 3693 eorpus
1670 3615 1789 3676 turbinis

438 3707 545 3768 rnobile
577 3725 627 3784 per
651 3709 847 3783 quassationis
875 3725 926 3767 seu
959 3707 1053 3767 tlietus
1086 3711 1145 3768 vim
1169 3707 1255 3787 [hurd
1279 3715 1328 3764 ten
1350 3703 1479 3779 idmung]
1505 3713 1534 3762 ct
1562 3705 1593 3762 iu
1622 3719 1659 3763 eo
1692 3701 1790 3764 derue

437 3795 628 3872 aliquamdiu,
652 3812 709 3854 non
734 3795 871 3854 obstante
893 3793 971 3870 quod
996 3797 1023 3852 in
1047 3813 1082 3854 eo
1108 3808 1220 3854 tautum
1243 3805 1287 3852 est
1300 3793 1419 3870 hospes,
1442 3793 1484 3850 sic
1501 3804 1532 3848 ut
1551 3793 1683 3866 corporis
1698 3799 1791 3867 parter

436 3886 463 3940 in
494 3895 575 3942 nttrtu
616 3885 791 3942 constitutae
815 3883 874 3942 alia
903 3883 992 3941 aliam
1027 3885 1141 3950 incitet,
1173 3882 1264 3941 reluti
1295 3883 1402 3939 matrix
1431 3882 1567 3938 existeret
1590 3881 1671 3955 ipsa,
1703 3879 1792 3938 donec

435 3975 579 4030 continuis
604 3969 812 4030 offensionibus
841 3971 963 4029 turbinis
987 3969 1059 4029 haec
1082 3971 1195 4046 species
1222 3981 1319 4026 motus
1343 3971 1422 4026 ricta
1449 3967 1649 4043 temporisque
1681 3963 1792 4024 diutur-

435 4061 525 4118 nitate
557 4057 710 4117 debilitata
741 4057 882 4134 paulatim
917 4059 1089 4116 errroriatur:
1121 4057 1193 4116 nihil
1217 4059 1304 4126 igitur
1327 4053 1463 4131 impedit,
1495 4055 1565 4130 quin
1592 4055 1684 4112 etiam
1708 4051 1793 4129 hujus

436 4148 549 4222 speeies
573 4157 678 4218 strutus,
704 4163 761 4220 spuo
786 4146 867 4205 ltcrrs
891 4145 1012 4204 themor
1035 4144 1154 4218 globum
1176 4143 1300 4202 Telluris
1323 4146 1450 4218 primum
1465 4143 1607 4210 incitavit,
1632 4141 1744 4200 arctius
1765 4145 1791 4198 et

438 4233 600 4292 durabilius
625 4235 653 4290 in
677 4233 785 4291 Terrae
809 4251 873 4292 sese
897 4249 1002 4308 corpus
1025 4233 1215 4289 insinuaverit
1245 4233 1333 4306 inque
1357 4229 1492 4288 fibrarum
1517 4226 1746 4287 circularitstem
1767 4239 1793 4286 et

439 4319 532 4378 veluti
556 4321 583 4376 in
608 4321 729 4378 leinnarn
752 4337 921 4397 corpoream
951 4316 1108 4395 specialem
1138 4319 1328 4378 concesserit.
1358 4333 1417 4374 non
1443 4317 1506 4391 jam
1528 4315 1637 4391 hospes
1669 4313 1794 4392 ampliss

437 4409 465 4463 in
491 4405 590 4482 Terra,
614 4421 644 4466 ut
669 4407 720 4467 illa
743 4410 772 4466 in
796 4409 919 4480 turbine,
951 4405 1003 4466 sed
1028 4407 1170 4482 inquilina
1192 4405 1279 4482 plane
1309 4421 1360 4463 seu
1384 4405 1525 4464 materiae
1547 4418 1618 4462 suae
1642 4403 1748 4462 victrix
1768 4407 1795 4461 et

437 4491 571 4552 domitrix
601 4498 736 4554 existens.

526 4597 554 4672 ‘a‘
583 4601 791 4674 Argumentum
815 4598 902 4674 hujus
927 4599 955 4658 id
980 4601 1068 4658 ctiam
1092 4616 1156 4658 esse
1178 4609 1291 4676 potest.
1321 4595 1399 4672 quod
1424 4598 1508 4672 vigor
1530 4593 1619 4670 hujus
1642 4593 1795 4655 rotationis

438 4701 496 4744 non
521 4689 648 4746 remittit.
673 4685 724 4744 sed
749 4685 880 4760 ejusdem
903 4687 999 4746 adhue
1023 4686 1109 4746 hodic
1133 4686 1291 4746 celeritatis
1315 4703 1379 4744 esse
1402 4681 1638 4759 deprehenditur,
1661 4683 1749 4760 cnjus
1769 4691 1796 4742 et

438 4773 506 4834 olim
535 4785 606 4834 erat.
632 4774 776 4832 corsindii
799 4775 911 4834 scilieet
934 4777 1004 4832 arani
1028 4789 1169 4850 tetttpore.
1213 4771 1279 4832 lloc
1296 4789 1365 4831 vero
1381 4773 1476 4848 magis
1498 4771 1676 4830 intrinsecae
1692 4785 1795 4831 carme

438 4879 527 4938 qrrant
551 4875 708 4920 extraneae
732 4864 881 4936 competit.

526 4965 556 5040 :tt
580 4963 692 5038 Querdsi
716 4967 796 5040 prius
818 4981 939 5022 causam
964 4963 1132 5022 directionis
1160 4965 1320 5023 arissam
1347 4961 1539 5038 probabiliter
1566 4960 1795 5020 contulimnsis

438 5051 560 5112 lorntam
583 5069 760 5128 corpeream.
783 5051 944 5110 secundnm
969 5051 1055 5108 tibras
1079 5065 1182 5110 rectas.
1205 5053 1253 5110 asi
1276 5050 1452 5129 parallelas,
1482 5051 1544 5124 jam
1570 5049 1665 5108 multo
1689 5049 1795 5125 praba·

439 5137 525 5198 bilior
548 5139 596 5198 liet
626 5140 713 5198 etism
735 5138 827 5198 altera
857 5137 937 5216 globi
967 5139 1132 5198 intercalatio
1154 5138 1315 5198 secundum
1346 5137 1435 5198 libras
1463 5136 1638 5204 circulares.
1671 5135 1795 5212 indeque

438 5223 606 5302 dependens
628 5223 754 5286 insultas
775 5231 914 5302 motoris,
945 5243 1011 5286 cum
1033 5229 1123 5287 etiarn
1151 5225 1208 5286 hoc
1229 5225 1413 5304 praedictum
1439 5227 1496 5294 sit,
1527 5222 1651 5302 globum
1673 5221 1795 5284 cunda!
