4459 6275
834 781 895 862 ce
911 779 1038 853 nuum
1055 780 1254 855 omnum
1687 730 1752 855 ιι
1838 870 1841 877 .

381 975 476 1034 guare
507 957 692 1023 altitudinem
719 962 865 1038 cornuria,
899 961 928 1021 id
955 978 993 1023 ne
1015 958 1195 1021 Gniducoiuu
1218 959 1336 1039 quidem
1366 959 1456 1023 iailux
1478 976 1544 1021 0000
1572 958 1729 1027 contendit.

379 1044 453 1107 Hoc
473 1045 570 1109 colum
593 1055 738 1122 murarur,
762 1050 787 1109 ri
809 1056 837 1109 te
861 1048 935 1111 bene
957 1049 1103 1129 percipio:
1129 1055 1273 1109 cometam
1293 1066 1352 1109 oon
1376 1065 1440 1109 erue
1462 1064 1567 1127 corpur
1589 1046 1730 1124 amplitu-

381 1132 452 1195 dine
474 1134 528 1195 red
550 1137 688 1212 ecumbe
708 1135 843 1211 luminis,
874 1135 927 1197 eod
949 1153 1014 1197 eoae
1043 1136 1232 1199 reflexionem
1256 1134 1386 1197 lurniuie.
1430 1132 1607 1197 Tunetunc
1629 1151 1731 1201 rtrum

379 1226 471 1299 earet,
494 1239 530 1282 ex
552 1222 695 1300 parallaui
718 1222 754 1285 de
776 1222 841 1299 ejou
856 1222 1011 1287 altitudine
1033 1222 1108 1283 nibil
1123 1220 1359 1299 concluderetur;
1380 1224 1439 1285 imo
1455 1223 1481 1285 ai
1497 1238 1611 1303 corque,
1633 1221 1731 1285 rudior

381 1305 465 1379 Solia
493 1312 704 1387 repercutiens,
736 1318 813 1373 eruet
842 1310 1035 1389 aequabiliter
1065 1311 1201 1389 planum,
1234 1308 1321 1388 plene
1354 1309 1436 1371 nulla
1465 1318 1542 1369 00001
1559 1309 1731 1397 purullquia,

382 1411 487 1456 umnec
509 1399 587 1457 enirn
609 1399 640 1456 in
663 1404 724 1458 tolo
740 1397 894 1459 Terrarum
917 1399 987 1458 orbe
1009 1406 1152 1460 cometam
1175 1401 1204 1457 iu
1221 1396 1323 1458 eadem
1339 1396 1438 1459 uSole
1452 1398 1613 1459 remotione
1629 1394 1732 1459 codem

380 1491 532 1547 mumeuto
564 1493 713 1549 cernerent
738 1484 941 1567 (quiquidem
975 1484 1151 1567 cernerem),
1182 1487 1251 1565 quia
1274 1485 1382 1547 Terrae
1415 1486 1563 1562 quantitas
1590 1482 1631 1549 ud
1653 1480 1731 1544 Solio

382 1571 556 1634 durantium
582 1589 642 1633 oon
673 1580 719 1633 eet
748 1572 906 1634 aenaibilis.
950 1572 999 1634 Sic
1027 1571 1128 1634 iridem
1153 1572 1275 1649 quilibet
1297 1590 1381 1633 uuum
1403 1570 1503 1648 videt,
1535 1568 1733 1639 dietuulema

383 1656 457 1720 8010
477 1676 531 1737 per
557 1656 642 1735 1³5⁰,
678 1677 737 1731 noo
761 1660 878 1740 quidem
901 1661 972 1739 quia
992 1660 1095 1737 aliqua
1116 1660 1205 1740 planu
1230 1660 1400 1737 superficie·
1423 1667 1482 1733 eut,
1513 1657 1566 1721 aed
1589 1661 1659 1739 quia
1681 1662 1732 1719 abr

381 1763 439 1809 neu
462 1763 554 1825 vapor
576 1749 605 1805 in
628 1747 767 1809 rotundae
789 1748 963 1827 upbaemlau
985 1758 1104 1811 coactus
1128 1755 1182 1824 eet,
1206 1764 1328 1824 quorum
1342 1744 1522 1824 singularum
1544 1744 1732 1809 relractiouea

379 1831 491 1910 cinguli
517 1833 618 1894 rident
640 1834 726 1896 oculi.
771 1836 811 1896 At
834 1844 866 1896 ut
887 1844 1031 1899 cometam
1054 1833 1177 1918 ἔμφασιν
1206 1837 1345 1897 vitoriam
1368 1834 1514 1908 efficiatis,
1548 1843 1578 1895 tu
1602 1833 1652 1895 rel
1671 1832 1732 1908 illo,

379 1921 439 1982 hoc
462 1938 546 1997 unua,
568 1922 616 1982 bic
638 1922 722 1983 labor
744 1933 798 1984 est
842 1924 938 1984 Dooui
963 1922 1081 1999 quidem
1104 1931 1172 1985 ante
1194 1940 1290 1984 annor
1315 1922 1353 1983 15
1386 1924 1417 1983 iu
1439 1920 1671 2000 Paralipomeuiu
1694 1919 1733 1981 ad

377 2003 570 2070 Vitelliouern
593 2015 652 2083 quui.
662 2019 694 2069 11.
714 2033 739 2082 p.
758 2014 843 2085 aar),
867 2017 1010 2073 cometam
1032 2013 1062 2071 iu
1083 2013 1196 2089 pariete
1218 2018 1451 2089 repraesentare,
1484 2017 1516 2070 at
1546 2011 1732 2087 requiruntur

377 2095 486 2173 glubuu
509 2097 622 2169 vitreua
644 2114 723 2175 equa
744 2094 849 2175 plenus
872 2106 900 2157 et
922 2101 1034 2175 parier,
1062 2116 1109 2158 ree
1131 2116 1183 2175 per
1205 2115 1237 2158 oe
1260 2097 1393 2158 riaibileu
1416 2106 1446 2158 et
1467 2116 1486 2159 a
1508 2095 1577 2158 8010
1600 2088 1732 2157 iliuetra·

379 2183 474 2260 bilea,
504 2183 592 2261 quale
623 2184 693 2261 quid
715 2193 830 2262 praeter
858 2186 906 2246 rel
923 2186 1011 2263 juxta
1034 2195 1164 2248 cometae
1195 2185 1267 2245 nibil
1291 2185 1407 2247 videtur
1433 2188 1462 2244 in
1486 2184 1578 2246 coelo.
1623 2186 1662 2245 Et
1684 2186 1732 2245 cui

377 2272 459 2332 bono
486 2286 539 2349 pro
563 2264 683 2351 corpore
711 2278 842 2333 cometae
872 2274 997 2353 paruulo
1018 2274 1206 2355 eubetituitur
1227 2273 1313 2334 nobie
1343 2273 1511 2353 superficies
1533 2274 1731 2351 repercutiant

376 2358 609 2425 immauimlmao
631 2359 849 2436 magnitudinis,
872 2362 897 2421 ai
919 2358 957 2423 ud
980 2368 1112 2425 cometae
1135 2362 1338 2438 apparentiam
1361 2359 1546 2425 conferatur?
1590 2360 1677 2423 Anno
1700 2367 1732 2421 ut

376 2447 579 2519 obtineantur,
611 2454 741 2507 cometae
762 2450 793 2506 iu
815 2447 899 2508 coelo
929 2465 988 2510 oon
1011 2449 1097 2509 aurel
1142 2448 1209 2508 Hoc
1230 2464 1302 2509 reru
1329 2465 1435 2509 aurum
1463 2449 1637 2526 impervium
1664 2453 1727 2523 ertq

374 2552 445 2594 nam
468 2543 521 2594 aut
542 2550 632 2613 cupra
653 2532 752 2595 Solem
775 2536 829 2596 erit
850 2538 973 2597 materia
993 2538 1191 2615 repercutiam
1214 2543 1244 2595 ot
1264 2538 1308 2595 010
1329 2536 1359 2593 in
1382 2535 1475 2611 00010,
1498 2543 1551 2595 aut
1573 2536 1648 2595 inira
1668 2534 1728 2595 80·

372 2620 433 2683 1οιιι
462 2620 552 2707 ioque
583 2625 651 2683 aire
681 2629 711 2683 et
739 2623 782 2683 alu
811 2640 879 2701 paru
909 2624 1054 2703 corporis,
1088 2640 1164 2703 quae
1192 2622 1264 2682 milri
1286 2624 1458 2684 cometicam
1483 2623 1555 2683 iecit
1576 2621 1730 2702 empbaulu

373 2708 598 2787 repercussione
619 2707 694 2771 radii
708 2707 795 2785 Solia,
820 2711 923 2773 eadem
945 2712 998 2775 alii
1019 2711 1087 2773 loco
1110 2719 1190 2788 teget
1204 2709 1305 2771 Solem
1321 2711 1425 2789 ipsum.
1469 2710 1509 2770 Et
1532 2712 1602 2787 quia
1616 2716 1732 2773 comete

372 2797 533 2858 toto'orbo
548 2813 632 2874 -peoo
654 2797 758 2857 iiadem
780 2799 810 2856 iu
832 2796 905 2859 iouia
927 2800 1072 2877 apparuit,
1104 2806 1253 2876 oporteret
1272 2797 1454 2876 cupariorum
1476 2798 1595 2875 pianum
1617 2814 1732 2874 aequa·

372 2885 524 2961 bilemque
546 2884 652 2959 101000,
683 2900 759 2963 quae
781 2884 878 2946 rudior
901 2886 979 2947 Solle
1005 2887 1190 2966 repercuorit
1236 2886 1276 2946 At
1306 2902 1382 2963 quae
1405 2902 1512 2964 muca,
1542 2886 1609 2963 qula
1630 2885 1728 2946 arebl-

374 2978 473 3034 tectum
495 2976 557 3032 turn
580 2979 700 3033 mactae
722 2970 925 3050 figurationis?
968 2972 1073 3035 Nonne
1096 2972 1192 3047 video,
1214 2980 1247 3033 ut
1269 2972 1401 3033 miraculi
1423 2970 1656 3051 magnitudinem
1680 2990 1731 3033 ex·

374 3066 549 3134 tenuemus,
579 3058 671 3121 ruulto
693 3077 749 3122 noe
770 3060 985 3123 incredibiliora
1015 3069 1045 3123 et
1072 3061 1160 3140 plura
1186 3059 1370 3122 introducere
1396 3060 1548 3123 miracula.
1593 3058 1731 3136 Burnum,

375 3151 452 3226 quia·
471 3156 588 3210 cometa
610 3149 691 3208 rhua
714 3156 761 3210 out
782 3151 851 3210 oriri
872 3157 903 3210 et
925 3149 1066 3224 occidere,
1090 3156 1208 3229 oportet
1229 3165 1335 3227 corpur
1351 3153 1557 3226 repercutiena,
1581 3152 1606 3211 ui
1630 3165 1665 3209 uo
1687 3150 1732 3210 nti

373 3235 543 3316 volumno5¹
557 3251 617 3297 uno
640 3244 735 3296 ortum
758 3237 807 3298 rel
829 3235 982 3315 delapsum
1005 3253 1071 3299 0000
1095 3245 1126 3298 et
1142 3240 1185 3298 ric
1205 3238 1235 3296 in
1251 3235 1334 3298 coelo
1350 3235 1497 3308 collocari,
1523 3253 1582 3298 noo
1605 3239 1635 3295 iu
1657 3240 1734 3297 edre.

462 3321 509 3384 De
532 3323 604 3384 tubo
626 3323 697 3402 quid
719 3322 794 3386 alter
814 3340 867 3404 nro
890 3331 1022 3387 cometae
1043 3323 1255 3402 magnitudine,
1277 3322 1354 3384 ulter
1368 3329 1469 3386 contra
1483 3331 1596 3402 arguat,
1618 3321 1650 3384 id
1672 3338 1730 3384 noo

375 3413 474 3490 unio,
497 3427 557 3472 oon
580 3413 657 3472 euim
680 3408 740 3471 ridi
762 3411 869 3474 librum
890 3411 1017 3474 Romani
1040 3411 1249 3476 mathematici.
1295 3409 1472 3488 Quaerere
1505 3411 1577 3476 dicit
1598 3409 1732 3474 (101000-

374 3501 439 3560 eioa
462 3497 499 3560 dc
521 3516 646 3560 uccnau
668 3506 800 3561 cunrotac
822 3500 970 3579 aequabili
994 3507 1024 3561 et
1045 3500 1213 3573 rectilineo,
1243 3498 1297 3560 illu
1320 3503 1466 3561 contraria
1489 3508 1557 3562 tuot
1586 3499 1730 3578 euporiuri

374 3587 555 3659 eentemlae,
591 3585 671 3664 quod
700 3594 815 3649 cornera
847 3589 953 3648 exlatat
985 3605 1021 3649 ox
1053 3602 1226 3667 repercouru
1256 3586 1420 3666 radiorum3
1456 3588 1529 3648 mibi
1560 3603 1631 3648 raro
1663 3585 1731 3666 pla-

374 3679 442 3737 ceot
463 3675 559 3738 unice

463 3777 523 3827 iam
541 3777 696 3840 interponitla
714 3776 863 3840 quibusdam
881 3777 911 3826 da
930 3791 1003 3839 unere
1021 3793 1066 3828 uuo
1085 3779 1222 3841 comatico,
1251 3792 1317 3845 quae
1335 3778 1451 3840 loquutur
1469 3778 1518 3830 vol.
1537 3780 1570 3831 ll.
1589 3794 1614 3842 p.
1633 3779 1684 3828 bid
1704 3783 1729 3828 ut

374 3851 407 3900 da
423 3849 566 3900 Harmonia·
581 3845 637 3912 (cir.
657 3848 704 3896 rol.
723 3849 755 3897 V.
778 3862 801 3910 n.
819 3847 871 3911 bt),
889 3849 926 3898 aiu
943 3851 1024 3912 porgit
1041 3849 1179 3912 lleplerur:

450 3935 567 4017 ''l'yclro
589 3951 648 3994 non
669 3934 763 4014 rigido
786 3935 943 4009 contendit,
967 3936 1090 3998 caudam
1113 3945 1247 4000 cometae
1273 3938 1354 3998 1517
1377 3953 1396 3998 a
1418 3936 1534 3998 Venere
1556 3937 1648 3996 iuiaro
1669 3937 1732 3996 ior-

372 4025 496 4100 matam,
519 4022 572 4085 aed
595 4022 625 4083 id
647 4022 871 4097 demonstravit,
901 4024 1053 4086 dellexiure
1076 4024 1156 4085 illurn
1178 4026 1217 4085 ub
1241 4027 1378 4103 opposito
1400 4023 1479 4086 Solia
1504 4023 1540 4084 ud
1564 4025 1732 4104 oppositum

374 4113 513 4196 Veneria,
536 4111 763 4189 tornicatouque
786 4119 831 4172 eat
852 4109 964 4191 aliquid
987 4111 1023 4176 de
1046 4111 1162 4175 Venere
1185 4121 1218 4173 ot
1241 4129 1348 4188 cama,
1377 4111 1430 4174 aed
1452 4111 1483 4172 id
1505 4129 1575 4173 rane
1594 4111 1659 4172 'luit
1679 4129 1732 4190 per

374 4199 534 4275 accidena3
556 4197 631 4260 iorie
654 4200 731 4260 enim
753 4199 907 4277 contingit,
930 4207 963 4262 ut
985 4202 1026 4262 ibi
1048 4200 1150 4262 Veuua
1172 4206 1268 4276 eruet,
1297 4201 1374 4263 onde
1397 4199 1600 4278 egrediebatur
1623 4197 1730 4275 cauda,

373 4296 409 4350 ut
428 4287 592 4367 pleraeque
614 4306 633 4346 a
655 4284 734 4348 Solia
756 4290 891 4366 opposito
914 4289 1010 4349 uolent
1027 4288 1185 4350 deflectere
1206 4306 1320 4366 parum·

462 4373 594 4452 Frcllpaln
626 4375 670 4434 alc
703 4375 875 4436 obeervavl:
907 4384 976 4436 unte
1004 4377 1034 4437 b.
1067 4372 1149 4460 12¹1²
1177 4376 1258 4437 orbiu
1290 4375 1389 4437 ridere
1412 4375 1526 4436 Lunam
1556 4390 1609 4453 per
1638 4374 1732 4434 nuber
1804 4437 1807 4442 ,

371 4479 431 4524 nou
461 4463 565 4543 potui,
594 4461 662 4522 inde
695 4463 720 4522 ri
749 4462 866 4541 quando
897 4466 1031 4525 tranatrtr
1061 4481 1114 4543 pur
1145 4482 1226 4525 rarae
1257 4472 1286 4526 ot
1318 4462 1394 4524 altae
1423 4463 1535 4532 nuber,
1564 4461 1600 4522 (10
1628 4467 1732 4522 rotun·

375 4549 470 4614 ditate
492 4547 570 4610 nibil
592 4537 747 4610 ridebatur
770 4548 886 4627 (10000ος
909 4552 1075 4614 uiuentem
1098 4555 1257 4615 eniteretur
1278 4553 1308 4611 in
1329 4550 1445 4624 nudum,
1469 4550 1623 4610 videbatur
1646 4552 1731 4628 quael

372 4657 443 4700 rara
475 4636 526 4699 vol
551 4634 689 4698 dedolata
710 4641 860 4715 eupuioa,
893 4641 944 4699 vix
971 4641 1203 4717 mutuabatur,
1239 4640 1322 4702 iilum
1345 4639 1490 4701 deiectum
1518 4635 1672 4698 deflectere
1693 4637 1732 4697 ad

372 4729 542 4800 alumnam,
576 4726 661 4801 quaei
689 4741 791 4786 vereor
813 4725 930 4806 Lyram.
975 4727 1048 4787 Pout
1076 4727 1268 4807 quadrantem
1298 4743 1413 4787 runcum
1434 4724 1572 4803 promens
1601 4727 1731 4801 praeclue

372 4829 492 4876 aureum
515 4811 653 4892 vertebat
674 4810 817 4874 deiectum
841 4822 961 4893 eratque
984 4821 1102 4896 propter
1125 4814 1346 4877 diminutionum
1370 4806 1534 4892 splendoris
1560 4811 1680 4874 luminis
1701 4814 1733 4872 in

372 4897 634 4966 rudonotabilior
654 4915 742 4977 qoam
765 4903 846 4980 priua
867 4909 898 4963 et
919 4903 991 4964 aetia
1012 4901 1091 4966 lotoe
1113 4923 1133 4965 a
1155 4921 1245 4968 como
1268 4900 1402 4964 orientali
1424 4916 1518 4978 nuque
1541 4899 1570 4959 in
1593 4898 1732 4962 occiden-

372 4991 456 5066 tata}
482 4995 517 5053 at
538 4986 669 5054 delectus
691 4997 819 5065 quantur
842 5000 936 5065 eruet,
965 4991 1140 5054 aestimaudi
1161 4993 1236 5055 ratio
1260 4991 1325 5049 iniri
1352 4987 1435 5050 nullo
1456 4989 1561 5066 potnit
1605 4987 1732 5051 Secutae

372 5078 471 5140 nubea
492 5075 625 5157 pluviae.
669 5076 751 5152 Erat,
773 5084 806 5137 ut
827 5086 958 5156 apparet,
981 5080 1073 5157 paulo
1096 5088 1164 5141 ante
1187 5077 1330 5152 modium,
1356 5077 1428 5154 quin
1450 5074 1501 5136 801
1523 5076 1553 5133 io
1577 5072 1613 5135 4⁰
1636 5071 1677 5157 Θ
1700 5085 1732 5138 at

372 5166 450 5228 lucra
470 5171 543 5246 port
563 5161 692 5225 mediam
713 5171 829 5226 noctem
852 5165 946 5241 05⁶¹,
970 5169 1068 5247 ireque
1090 5169 1121 5228 in
1142 5168 1290 5248 ipsissimo
1313 5161 1410 5225 medlo
1433 5161 1584 5223 debuiucot
1610 5163 1672 5242 jaun
1694 5163 1733 5226 ad

376 5251 514 5320 dextram
535 5267 692 5342 wumoer
712 5266 850 5338 monere
864 5253 1003 5320 delemur.
1047 5254 1131 5321 Pone
1153 5253 1261 5320 lineam
1283 5255 1359 5314 inter
1377 5265 1486 5324 cornua
1500 5267 1649 5331 aequatae
1662 5271 1733 5336 par-
