4459 6275
850 1842 1051 1993 LIBRI
1094 1834 1362 2015 QUARTI

965 2110 1069 2174 PARS
1092 2111 1254 2174 TERTIA.

431 2310 491 2383 nit
519 2309 662 2384 notos
700 2258 999 2384 Pnlnanntttnl
1033 2312 1167 2384 REAM
1201 2312 1256 2383 ET
1293 2312 1413 2384 valta
1441 2278 1795 2400 tnassunntrmtu

929 2433 983 2506 ET
1011 2432 1166 2507 clusis
1195 2432 1307 2507 EJUS.

530 2757 618 2818 Unde
638 2776 750 2820 maten
770 2761 882 2821 nauem
899 2763 1054 2837 planatae,
1077 2762 1269 2838 pnodlotinc
1290 2768 1385 2822 conat
1397 2759 1566 2821 monna?
1587 2759 1635 2820 Ab
1649 2759 1703 2820 illa
1717 2757 1796 2819 mul·

432 2843 528 2921 tiplici
557 2848 700 2907 varietate
728 2857 861 2908 motuum
890 2852 1088 2926 propriorum,
1117 2866 1210 2925 quaa,
1240 2851 1266 2909 ei
1298 2849 1452 2909 oculorum
1479 2846 1629 2933 judicium
1653 2849 1795 2923 reontio,
1826 2878 1829 2885 ·

434 2932 548 2992 nullam
571 2933 678 3011 legem,
701 2933 814 2995 nullom
838 2945 948 2996 cartem
971 2937 1122 3017 circulum,
1144 2935 1258 2997 nullom
1281 2935 1434 2997 delinitum
1455 2946 1570 3012 tempo·
1592 2935 1690 3010 habat,
1714 2952 1797 2996 com·

434 3023 591 3097 peratiom
614 3039 681 3081 cum
703 3022 798 3083 stellio
819 3023 885 3083 lirin
907 3027 1051 3085 iustttma

529 3107 754 3187 Quotupliciter
773 3127 879 3172 mare
901 3112 1046 3173 videnter
1065 3112 1230 3190 planetae?
1255 3111 1430 3191 'llipllciten
1477 3113 1504 3170 i.
1527 3109 1562 3171 ln
1584 3107 1801 3187 longitudinem
1847 3187 1851 3194 Ι

387 3232 390 3237 -
434 3195 579 3274 sphaerae
601 3197 739 3272 fixarum,
772 3217 860 3276 quam
883 3200 1009 3260 diximus
1032 3200 1150 3261 extendi
1173 3200 1334 3262 secundum
1356 3199 1531 3276 eclipticam.
1577 3202 1605 3258 ἢ.
1637 3198 1672 3257 In
1694 3198 1797 3271 latum,

434 3302 488 3345 eeu
512 3283 552 3343 ad
573 3283 669 3347 latera
690 3286 761 3346 bina
782 3288 934 3365 eclipticae
959 3303 1061 3350 remae
1079 3289 1147 3365 eiua
1166 3288 1262 3365 polot.
1307 3290 1338 3351 3.
1360 3287 1394 3346 In
1411 3286 1512 3360 altana,
1536 3286 1595 3348 lroc
1608 3294 1654 3347 ert
1675 3287 1705 3345 in
1718 3285 1798 3346 linea
1908 3333 1913 3356 ,

434 3380 516 3432 reeta
545 3389 565 3432 a
592 3380 693 3433 centro
716 3376 797 3435 unua
819 3377 850 3435 in
872 3375 1047 3452 profundum
1069 3376 1199 3437 aetheria
1220 3384 1364 3452 porrecta.
1408 3374 1472 3435 Etal
1495 3373 1569 3435 haec
1588 3376 1717 3436 vadatae
1737 3389 1798 3433 non

434 3458 508 3520 tolio
531 3459 626 3520 ocolie
648 3460 809 3538 detegitur,
839 3463 893 3523 aed
922 3463 1037 3525 accedit
1063 3465 1251 3525 ratiocinatio
1278 3481 1314 3525 ex
1344 3465 1457 3523 variata
1479 3461 1681 3539 magnitudino
1702 3477 1799 3539 appe·

436 3548 511 3608 renti
535 3554 595 3607 tam
619 3564 772 3625 corporum
795 3568 884 3626 quam
906 3568 1034 3611 nouum.

530 3634 615 3712 Quid
635 3636 799 3697 mondum
822 3647 867 3698 ort
888 3638 924 3697 dc
944 3639 991 3698 lra'a
1011 3639 1168 3701 morium
1185 3639 1398 3713 planetam,
1420 3644 1800 3706 coronamentorum

436 3722 525 3782 illum
548 3724 740 3799 cadmean,
763 3743 807 3784 on
828 3729 912 3786 citur
933 3726 1148 3787 tantummodo
1167 3724 1313 3802 fallitur?
1345 3724 1409 3785 litai
1431 3731 1529 3783 motae
1552 3727 1608 3784 iate
1629 3740 1689 3783 nou
1710 3722 1798 3800 plana

435 3812 490 3883 alc,
512 3817 548 3870 nt
569 3811 691 3871 incurrit
714 3815 743 3869 in
762 3812 874 3885 oculos,
898 3813 1069 3889 corporibus
1084 3815 1157 3889 ipale
1179 3812 1364 3888 planetarum
1379 3813 1464 3883 inest,
1488 3810 1540 3870 aad
1556 3811 1648 3871 molta
1671 3810 1720 3869 lric
1733 3826 1801 3869 eece

434 3895 558 3957 fallacia
580 3899 664 3958 viarm
685 3899 830 3974 ineineat,
858 3908 956 3961 tamen
979 3899 1104 3961 sublatio
1127 3907 1224 3959 mente
1246 3899 1373 3959 fallaciis
1395 3897 1490 3969 luteae,
1519 3907 1611 3958 reetat
1640 3899 1802 3958 etiamnum

437 3984 639 4061 inaequalitas
660 3985 762 4063 aliqua
784 3996 916 4048 motuum
940 3990 1074 4063 inantque
1096 4003 1127 4047 re
1149 4003 1221 4047 vera
1242 3986 1369 4062 planetis
1392 3983 1539 4045 omnious.

532 4072 641 4149 Qualit
662 4076 758 4151 ἐρίων
781 4084 823 4135 eat
849 4076 899 4135 illc
922 4092 1013 4134 verua
1031 4075 1233 4151 planetarum
1255 4081 1355 4134 motat
1371 4091 1431 4149 per
1451 4069 1720 4131 circumstantiae?
1747 4069 1801 4127 Eat

438 4166 581 4221 conatam
610 4159 744 4237 quidem,
774 4162 873 4238 quoad
904 4159 1041 4240 periodon
1064 4164 1208 4239 integrao,
1237 4159 1391 4238 tenditque
1420 4161 1497 4220 circa
1522 4158 1640 4229 Solem,
1670 4164 1804 4218 centrum

439 4245 552 4320 mundi,
576 4247 605 4305 in
621 4247 772 4324 signorum
796 4252 1006 4327 consequentia
1020 4258 1173 4328 perpetuo,
1196 4264 1251 4309 nac
1272 4265 1403 4325 unquam
1419 4247 1522 4308 haeret
1537 4263 1596 4306 uno
1611 4244 1687 4319 loco,
1711 4246 1802 4304 stanti

439 4334 556 4409 cimilia,
580 4335 732 4413 multoque
750 4339 847 4397 minoe
862 4355 991 4414 unquam
1014 4337 1046 4397 fit
1060 4335 1262 4414 retrogradum
1285 4336 1338 4397 ead
1361 4344 1458 4396 tamen
1474 4331 1640 4409 inaequalis
1663 4339 1708 4392 eat
1722 4330 1803 4392 ccle-

438 4425 539 4483 ritatia
563 4439 615 4498 per
637 4431 736 4500 partes
758 4425 887 4502 lecitque
909 4424 1058 4501 planetam
1081 4427 1110 4483 in
1134 4441 1194 4483 una
1209 4432 1291 4484 certa'
1310 4431 1393 4501 purte
1410 4423 1546 4483 circuitus
1568 4420 1685 4497 longine
1700 4437 1719 4479 a
1732 4417 1802 4506 Sole

440 4517 649 4590 uonnomct
672 4512 701 4568 ln
725 4514 863 4589 opposita
885 4516 1017 4589 proxime
1039 4511 1138 4573 Solem
1161 4513 1281 4585 venire,
1299 4512 1351 4571 uui
1374 4527 1434 4587 quo
1455 4508 1575 4586 longiae
1589 4508 1722 4579 excurrit,
1746 4505 1804 4565 hoc

439 4596 554 4657 tardior
577 4605 639 4670 eat,
671 4615 731 4675 quo
753 4602 875 4677 propino
897 4599 1026 4674 accedit,
1058 4598 1117 4658 lroc
1138 4599 1285 4672 volocior,
1317 4600 1442 4674 dentque
1464 4597 1494 4653 in
1517 4611 1575 4654 una
1595 4593 1698 4654 circuli
1719 4600 1805 4670 parte

439 4684 590 4762 egreditur
612 4685 651 4745 ad
673 4689 900 4763 eeptmtrionam
924 4688 963 4746 ab
986 4688 1131 4764 ecliptica,
1155 4689 1185 4745 iu
1207 4685 1301 4745 altera
1323 4689 1353 4745 in
1375 4696 1522 4756 auruum
1546 4682 1805 4758 toeqnotmequea

439 4774 509 4832 litae
532 4772 577 4831 illi
599 4772 689 4833 realia
708 4774 806 4835 adhoc
829 4774 934 4851 triplex
957 4780 1107 4851 superest,
1140 4775 1170 4832 in
1193 4774 1327 4849 longum,
1358 4776 1388 4831 iu
1411 4770 1503 4830 letum
1526 4770 1607 4829 etin
1629 4769 1739 4841 altum,
1771 4762 1804 4823 ld

440 4858 523 4938 qnod
544 4863 707 4921 aanouomi
730 4860 913 4924 documentis
936 4862 1051 4923 idoneis
1072 4861 1207 4937 probent,
1231 4860 1267 4919 de
1291 4861 1398 4938 quibua
1420 4858 1496 4918 libro
1518 4856 1572 4917 vt.

738 5002 764 5061 1.
799 5002 944 5063 Causae
974 5017 1151 5062 verarum
1173 4996 1507 5074 inaequalitatum.

529 5126 599 5200 Dte,
630 5125 708 5202 perid
727 5125 767 5184 dc
784 5126 878 5199 dapne
897 5124 1131 5201 mmpmlitotia
1151 5125 1253 5181 caceio
1274 5122 1424 5179 oenomao
1443 5125 1562 5179 catomo
1603 5113 1729 5174 Veteren
1746 5113 1805 5174 lroc

442 5215 601 5277 minarent
623 5226 689 5274 ecoe
710 5225 817 5275 ramur
831 5214 1003 5288 monent,
1022 5218 1057 5271 ut
1070 5223 1176 5272 caune
1200 5207 1368 5287 apparentia
1382 5204 1473 5280 nujus
1495 5200 1715 5279 haaqoalltatie
1729 5200 1807 5264 talen

496 5333 593 5386 ιηιοιι
606 5330 744 5386 comm
1551 5308 1594 5367 24
