4459 6275
854 760 1334 846 'mmmm
1618 759 1877 864 'm‚

433 960 618 1025 latitudinem
649 982 787 1044 magnam
819 965 927 1047 habet,
959 967 1179 1031 inchoationem
1205 986 1344 1048 parvam,
1376 969 1539 1030 Mercurius
1569 966 1788 1029 inclinationem

433 1050 524 1112 babet
546 1071 701 1130 magnam,
724 1053 908 1115 latitudinem
931 1059 1082 1118 minorem.
1163 1111 1167 1119 .

531 1139 617 1201 Unde
639 1144 736 1218 ipitar
756 1150 815 1216 est,
846 1143 927 1218 qaod
944 1145 1136 1203 Ptoieanccas
1157 1145 1322 1222 epieyciom
1345 1145 1426 1205 bunc
1449 1162 1471 1204 a
1490 1160 1522 1204 aa
1541 1143 1656 1203 danem
1677 1140 1792 1219 duplici

434 1229 562 1285 nomine
583 1229 747 1289 libretitem
767 1229 851 1307 fecit,
880 1232 907 1288 si
926 1231 992 1308 liro
1013 1239 1056 1290 eat
1077 1231 1258 1291 inclinatio?
1302 1232 1400 1292 Causa
1425 1237 1469 1290 est
1499 1233 1527 1289 in
1551 1233 1684 1308 ignorato
1707 1237 1789 1291 nrotu

434 1311 564 1374 Telluris
586 1332 694 1376 moue.
739 1315 815 1376 Nam
829 1318 893 1394 ipse
916 1318 1034 1393 quidem
1055 1317 1178 1378 eandem
1196 1318 1332 1396 planetae
1347 1321 1472 1378 orbitam
1487 1324 1533 1378 eet
1545 1320 1676 1389 intuitus,
1700 1334 1789 1393 qrtam

435 1406 464 1459 et
486 1418 542 1461 uos
565 1402 656 1463 veluti
679 1407 838 1477 iutuemur,
870 1405 954 1481 eujus
976 1405 1084 1486 limites
1108 1423 1173 1465 cunr
1205 1409 1390 1483 porrigantur
1412 1422 1514 1466 vemas
1548 1414 1642 1465 certes
1664 1404 1787 1464 lixarum

434 1495 549 1565 mes,
580 1499 746 1552 constanter
767 1491 806 1551 ab
828 1490 980 1570 ecliptieae
1009 1492 1097 1571 plano
1121 1492 1317 1568 declinantes,
1346 1493 1394 1565 lit,
1426 1493 1517 1554 Tana
1538 1495 1635 1571 ipsam
1660 1492 1789 1568 undique

434 1577 643 1651 circumeunte,
667 1586 700 1638 ut
722 1581 787 1658 ipsa
807 1581 1028 1640 nuncboreum
1049 1598 1135 1640 suum
1159 1581 1280 1641 limitem
1298 1582 1428 1658 porrigat
1443 1579 1564 1649 Telluri,
1587 1597 1663 1639 nunc
1685 1578 1788 1653 nodos,

433 1678 513 1722 nuuc
535 1666 709 1725 austrinum.
755 1667 796 1724 nt
817 1682 887 1725 vero
910 1667 1099 1728 Ptolemaeus
1122 1667 1199 1728 bunc
1222 1678 1351 1727 nostrum
1375 1669 1527 1728 circuitum
1542 1666 1668 1726 Telluris
1692 1676 1788 1725 traus-

434 1752 594 1827 seripserat
615 1760 715 1814 centro
737 1752 825 1829 hujus
848 1772 867 1812 a
889 1771 921 1814 se
944 1753 1013 1814 dicti
1037 1755 1175 1834 epiuycli,
1205 1755 1284 1830 quod
1306 1754 1419 1815 scilieet
1441 1754 1531 1813 Terra
1554 1756 1700 1831 quiescat,
1725 1756 1789 1831 epi-

436 1836 537 1914 eyclus
560 1854 630 1899 rere
653 1847 733 1901 tetus
755 1840 908 1901 zodiacum
936 1845 1087 1902 annuatim
1117 1845 1270 1902 emetiatur
1302 1851 1401 1902 centro
1429 1858 1502 1915 su03
1533 1849 1563 1901 ct
1589 1844 1620 1901 in
1642 1841 1698 1900 boc
1720 1843 1785 1919 epi-

434 1925 520 2003 eyclo
550 1934 690 2004 puuctum
717 1926 790 1988 illud
819 1925 894 1989 dixit
923 1931 1105 2007 pangaeum,
1141 1928 1220 2007 quod
1250 1932 1357 2006 qrrevis
1387 1936 1517 2006 tempore
1548 1928 1603 1993 luit
1625 1936 1786 2005 porrectum

434 2026 538 2071 versus
561 2010 695 2089 Terram,
727 2016 811 2093 quasi
834 2022 910 2075 esset
933 2032 1032 2093 unum,
1057 2035 1122 2078 cnm
1144 2035 1175 2077 re
1191 2035 1268 2077 -vera
1292 2034 1392 2079 omnes
1416 2015 1516 2076 ordine
1539 2022 1637 2095 partes
1659 2015 1747 2092 brrjus
1769 2034 1789 2075 a

433 2115 466 2159 se
490 2099 561 2159 dicti
584 2103 716 2183 epicyeli,
741 2102 825 2163 nobis
848 2105 1009 2178 eccentrici,
1033 2106 1200 2166 successive
1224 2123 1274 2183 per
1289 2102 1425 2164 accidens
1448 2104 1603 2181 perigaeae
1624 2102 1704 2162 fiant
1741 2103 1787 2161 Ita

433 2186 625 2263 factumest,
659 2198 693 2250 ut
713 2189 883 2251 Ptolemaeo
912 2191 1010 2262 hoca
1040 2210 1073 2252 se
1095 2193 1278 2253 nominatum
1307 2194 1475 2270 perigaeum
1506 2189 1631 2269 epicyell
1660 2207 1737 2263 rrunc
1759 2192 1787 2248 in
1911 2261 1915 2267 Ι

436 2270 531 2336 borea¹
551 2285 643 2352 esset,
665 2294 744 2339 nunc
767 2280 795 2337 iu
818 2277 970 2356 ecliptica,
993 2295 1071 2339 nunc
1093 2281 1124 2338 in
1146 2287 1257 2340 austro.

524 2375 556 2428 ln
575 2376 712 2432 schemate
730 2377 778 2432 Nr.
788 2378 830 2432 87.
849 2376 921 2445 finge
940 2373 1085 2435 ec'eentrici
1102 2378 1159 2433 veri
1177 2377 1305 2434 Mercurii
1322 2378 1401 2432 PMli
1422 2377 1535 2433 limitem
1551 2376 1665 2430 boreum
1684 2391 1745 2431 esse
1762 2376 1790 2431 iu

436 2452 462 2505 ll
479 2460 649 2522 constanter,
668 2455 770 2511 nodum
787 2456 815 2509 in
832 2457 866 2523 K,
886 2457 998 2512 limitem
1016 2458 1168 2514 austduum
1185 2459 1211 2512 in
1231 2459 1267 2525 P;
1287 2457 1434 2512 circumeat
1451 2456 1536 2510 Terra
1553 2455 1624 2508 viem
1641 2453 1727 2510 TXD.
1763 2455 1792 2510 Si

437 2531 521 2599 igitur
539 2531 624 2587 Terra
642 2542 684 2588 eet
702 2534 729 2588 iu
748 2534 780 2599 Τ,
799 2539 892 2605 partes
910 2536 1000 2604 ipsiR
1017 2537 1122 2591 sicinae
1135 2536 1335 2606 reputabuntur
1346 2534 1498 2604 perigaeas‘,
1516 2548 1578 2588 cum
1590 2530 1646 2587 slut
1656 2531 1790 2591 boreales.

436 2609 465 2664 Si
482 2609 571 2665 Terra
587 2612 686 2666 &aaut
697 2612 723 2665 iu
736 2613 769 2682 X,
787 2620 879 2681 partes
893 2614 917 2667 Κ
930 2615 1003 2670 circa
1020 2614 1120 2669 nodum
1138 2612 1337 2683 reputabuntur
1354 2613 1512 2684 perigaeae3
1530 2612 1647 2682 denique
1665 2612 1688 2667 ai
1705 2610 1791 2667 Terra

436 2689 464 2744 in
482 2689 507 2743 D
526 2691 644 2754 venerit,
667 2698 759 2760 partes
770 2691 830 2761 ipsi
848 2693 870 2746 P
887 2693 1004 2761 ¹vicinae,
1024 2709 1086 2748 cum
1104 2693 1161 2748 sint
1177 2692 1326 2755 australes,
1344 2692 1528 2749 comebantur
1545 2691 1701 2762 perigenes.
1736 2689 1789 2759 Qut

436 2782 500 2837 ergo
519 2783 668 2837 persuasus
687 2777 744 2838 est,
763 2771 918 2840 pangaeum
937 2786 1044 2840 semper
1062 2786 1124 2826 esse
1143 2770 1253 2825 realiter
1270 2771 1355 2840 idem,
1380 2771 1428 2842 qui
1445 2787 1482 2827 sc.
1501 2770 1602 2825 Terrae
1624 2777 1728 2825 motum
1745 2785 1793 2825 au·

435 2861 520 2901 uuum
536 2846 566 2900 in
584 2846 659 2902 TXD
677 2848 777 2915 nescit,
803 2849 827 2904 is
845 2849 1065 2918 persuadebitur,
1090 2851 1247 2920 perigaeum
1266 2849 1381 2921 epicpeli
1403 2849 1446 2906 sui
1462 2848 1542 2906 PMR
1563 2846 1658 2904 librari
1675 2865 1693 2904 a
1708 2847 1794 2904 borea

434 2922 462 2978 iu
478 2930 606 2981 austrum
623 2932 651 2981 et
668 2926 793 2982 uicissim.
1795 2929 1803 2945 '

523 3014 563 3075 Et
591 3033 658 3078 eece
686 3026 888 3097 argumentum
916 3037 970 3099 pro
998 3028 1079 3081 motu
1102 3020 1229 3081 Telluris
1251 3036 1349 3081 annuo
1379 3020 1456 3082 circa
1478 3018 1577 3081 Solem
1603 3016 1804 3081 aduentant·
1914 3016 1916 3021 ⁴

404 3171 406 3178 ,
435 3120 531 3177 mum,
559 3119 650 3184 supra
678 3109 852 3185 promissum
879 3107 954 3169 libro
977 3108 1015 3171 V.
1043 3108 1093 3169 iol.
1119 3110 1193 3169 ete.
1237 3108 1311 3169 ilum
1333 3110 1410 3169 euim
1435 3110 1618 3188 superiorum
1641 3106 1797 3169 eccentrlcl

434 3189 510 3251 iiras
532 3190 662 3253 babeant
682 3194 886 3256 inclinationes
909 3196 947 3256 ad
970 3196 1150 3277 eclipticam,
1185 3213 1236 3257 cur
1257 3196 1313 3255 seli
1336 3198 1503 3257 interiorum
1526 3196 1678 3256 ecceufflci
1700 3193 1835 3255 libra-s

434 3273 504 3339 tiles
527 3286 726 3341 statuerentur
746 3281 903 3345 libratione
927 3283 1051 3362 duplici,
1080 3301 1146 3344 eum
1170 3301 1221 3363 per
1242 3302 1274 3344 se
1298 3286 1392 3344 omnis
1415 3283 1533 3344 libratio
1556 3283 1715 3343 orbitarum
1736 3281 1794 3342 ab·
1842 3281 1847 3292 '

434 3364 525 3425 surda
547 3368 595 3440 eit,
618 3369 689 3443 quia
710 3371 805 3447 gignit
827 3378 989 3431 tortuosum
1011 3372 1149 3451 planetae
1178 3375 1233 3433 iter
1261 3387 1316 3450 pro
1338 3370 1482 3433 circulari.
1527 3369 1676 3447 Quantum
1704 3370 1795 3446 igitur

434 3452 657 3532 probabilitatis
678 3455 767 3518 babet
787 3458 847 3517 lira
869 3459 1030 3533 inclinatio,
1053 3468 1168 3519 mutum
1190 3467 1220 3521 et
1240 3467 1340 3520 motus
1361 3455 1488 3520 Telluris
1510 3457 1579 3519 iude
1600 3458 1793 3532 nanciscitur3

435 3549 680 3690 puantpppmpero
712 3545 901 3608 absurditatis
931 3546 1040 3625 duplex
1069 3547 1204 3619 libratio,
1245 3555 1358 3607 tantum
1390 3546 1478 3607 Mam
1513 3545 1639 3607 labascit
1667 3543 1794 3606 Telluris

434 3645 525 3688 ummo
630 3674 638 3690 .
1767 3643 1773 3655 ·

525 3731 612 3794 Nam
634 3738 725 3796 mem
749 3744 858 3797 oderes
879 3738 1088 3816 observarunt,
1113 3738 1263 3800 borealem
1279 3738 1404 3798 Veneria
1425 3736 1619 3797 latitudinem
1642 3751 1701 3796 aas
1721 3749 1794 3793 mo-

433 3823 567 3895 diatam,
589 3824 755 3883 omnnem
779 3823 949 3884 Mercurii?
993 3822 1119 3884 Omnino
1144 3826 1260 3885 nonsit
1281 3824 1338 3884 boe
1352 3822 1541 3885 Ptolemaeus
1564 3839 1659 3900 eoque
1675 3821 1792 3882 tertium

434 3910 466 3968 in
489 3907 545 3968 hos
567 3908 701 3988 planetae
723 3911 884 3972 introduxit
905 3910 1068 3971 latitudiuis
1092 3911 1277 3984 elementum,
1302 3908 1381 3987 quod
1397 3909 1560 3989 appellavit
1575 3908 1793 3971 inclinationem

435 3997 594 4057 eeeentrici
621 4014 698 4080 ase
730 3997 799 4059 dicii
828 4006 858 4060 et
886 4000 979 4078 ipsam
1009 4013 1127 4078 quoque
1155 3997 1331 4070 libratilem,
1366 4003 1467 4056 eontra
1493 3997 1677 4076 superiorum
1707 3995 1794 4053 trium

438 4084 587 4160 etiamque
609 4082 711 4145 Lunae
734 4077 912 4164 exemplum,
937 4086 1021 4163 cujus
1044 4086 1164 4146 effectus
1187 4087 1218 4144 ln
1231 4081 1378 4144 Mercurio
1402 4082 1520 4160 quidem
1535 4082 1616 4143 solus
1638 4090 1668 4143 et
1690 4081 1794 4140 unicus

437 4169 487 4230 bie
519 4171 590 4245 luit,
622 4180 657 4232 ut
688 4170 823 4234 Mercurii
855 4174 998 4234 auenales
1028 4171 1199 4233 latitudines
1232 4177 1360 4256 angeret
1405 4167 1518 4247 Quodsi
1549 4167 1697 4248 eplcycios
1727 4182 1797 4228 suos

434 4257 586 4335 posuisset
608 4257 801 4336 inaequaliter
825 4261 1026 4339 circumJectes
1049 4277 1113 4321 esse
1137 4262 1214 4321 circa
1227 4265 1377 4338 puuctum,
1400 4257 1579 4335 respondens
1601 4255 1700 4316 medlo
1715 4253 1794 4315 Solis

434 4345 513 4419 loco,
537 4352 571 4404 ut
590 4361 645 4405 uos
667 4345 770 4423 hoelis,
794 4364 868 4425 quos
890 4348 941 4410 ilie
963 4349 1111 4426 epicycios
1135 4347 1218 4422 dicit,
1242 4361 1294 4408 eos
1317 4347 1493 4407 ecoeouieos
1514 4363 1534 4407 a
1556 4343 1626 4406 Sole
1649 4359 1714 4403 esse
1737 4337 1795 4402 do·

434 4449 551 4510 cemus,
581 4449 640 4492 nou
668 4451 743 4512 opus
773 4434 925 4496 habuisset
954 4436 1004 4495 ille
1035 4438 1120 4496 tertio
1151 4434 1315 4495 librationis
1347 4440 1502 4511 apparatu.
1547 4429 1684 4491 Mercurii
1716 4429 1795 4492 enim

435 4520 523 4580 limes
546 4519 683 4580 ausmalis
706 4529 751 4582 est
773 4524 896 4582 vicinior
917 4523 981 4600 ejus
1005 4521 1122 4600 apbelio
1138 4522 1173 4596 P,
1207 4523 1258 4600 qui
1281 4535 1339 4598 quo
1359 4520 1476 4597 longius
1498 4517 1602 4582 aSole
1625 4520 1686 4578 exit
1708 4534 1797 4597 quatu
1873 4545 1877 4552 ·

436 4605 567 4668 borealis
590 4607 666 4668 circa
680 4607 716 4681 R,
740 4608 796 4669 boc
811 4612 931 4687 propius
946 4610 1066 4670 Tenem
1090 4612 1119 4667 in
1136 4609 1164 4667 D
1187 4611 1276 4682 veuit,
1300 4623 1365 4668 curu
1388 4609 1508 4686 planeta
1530 4612 1576 4667 est
1596 4603 1793 4681 retrogradus,

436 4712 526 4772 qnam
549 4693 633 4754 limes
655 4695 761 4756 boreus
784 4699 861 4757 circa
883 4696 909 4756 R
931 4713 1022 4775 prope
1045 4698 1164 4758 Terram
1187 4699 1217 4754 in
1240 4695 1282 4769 T,
1311 4693 1431 4773 planeta
1452 4693 1586 4753 similiter
1607 4689 1793 4769 retrogrado:

434 4782 494 4842 hoc
517 4782 606 4858 igitur
627 4789 657 4842 et
680 4784 774 4860 major
794 4792 918 4861 apparet
939 4784 1065 4845 latitudo
1087 4784 1227 4844 australis
1251 4801 1338 4860 quam
1361 4781 1498 4843 borealis.

531 4886 595 4947 aar
623 4890 719 4965 icitur
746 4892 840 4966 etium
870 4891 993 4950 Veneria
1015 4891 1147 4951 boreales
1169 4890 1343 4950 latitudines
1364 4888 1495 4958 majorca
1516 4890 1604 4956 tant,
1637 4900 1707 4942 cam
1729 4882 1795 4953 ejas

438 4975 526 5034 lienes
541 4974 649 5036 bornae
663 4979 702 5036 ait
716 4980 751 5036 in
762 4975 898 5054 Virpine,
924 4980 1041 5037 uicinus
1061 4977 1230 5052 peribolio?
1252 4977 1348 5035 Causa
1363 4972 1452 5048 hujus
1466 4971 1507 5031 rei
1524 4972 1553 5029 in
1569 4969 1684 5030 Venere
1707 4973 1752 5026 est
1775 4984 1794 5026 a

437 5062 583 5138 superiori
605 5063 821 5140 diversissima;
844 5066 980 5124 nimirum
1000 5066 1026 5122 si
1050 5063 1174 5124 latitudo
1196 5062 1335 5140 penderet
1357 5080 1376 5119 a
1397 5058 1461 5118 sola
1478 5058 1676 5128 inclinatione,
1698 5053 1794 5138 mluor

437 5147 568 5210 borealis
591 5149 688 5212 lutura
709 5151 821 5227 luisset,
846 5155 915 5229 quia
937 5152 1038 5212 Venus
1061 5153 1090 5208 in
1113 5152 1206 5212 limite
1230 5152 1327 5218 boreo,
1350 5145 1462 5206 scilicet
1484 5147 1514 5204 in
1539 5144 1673 5219 Virgine,
1696 5141 1794 5202 minus

437 5238 501 5299 exit
522 5256 542 5297 a
556 5236 627 5302 Sole
648 5256 753 5302 versus
767 5240 896 5317 Terram,
919 5257 1007 5320 quam
1022 5239 1051 5297 in
1068 5238 1190 5301 ausuali
1212 5244 1242 5298 et
1263 5237 1293 5296 io
1312 5233 1455 5309 Piscibus,
1479 5233 1576 5295 vicina
1591 5229 1648 5306 ipsi
1663 5226 1792 5308 aphelio.
