4459 6275
865 1813 1066 1961 LIBRI
1110 1809 1354 1959 tullii

881 2060 885 2066 ’
965 2063 1069 2125 Polis
1092 2061 1252 2122 TERTIA.

483 2239 539 2322 ΕΕ
564 2237 672 2323 ludi
699 2239 753 2321 ΕΤ
779 2234 985 2322 lllllllllls
1010 2234 1132 2337 Elui,
1159 2230 1303 2326 ubido
1328 2232 1482 2319 lllEllUS
1508 2235 1564 2318 ΕΤ
1589 2232 1740 2321 eludit

749 2356 1031 2443 multtatus
1058 2357 1136 2438 l'EL
1163 2354 1469 2440 blllltlllllls.

520 2657 743 2736 Quotuplieiter
764 2658 934 2719 comiderot
961 2663 1155 2717 astronomus
1177 2653 1336 2732 temporo?
1372 2657 1553 2734 Dupliciter,
1577 2656 1627 2719 vel
1651 2676 1691 2721 aa
1711 2658 1786 2721 eirlll

432 2743 652 2817 consuetudine,
676 2746 724 2806 vel
748 2748 944 2807 astronomica
966 2743 1150 2804 certitudine.

522 2832 680 2910 Quomodo
702 2833 806 2911 &tinia
828 2850 949 2893 mum
972 2832 1088 2893 ciuilem
1118 2849 1171 2892 seu
1189 2829 1375 2905 politicum?
1409 2830 1461 2889 Est
1490 2834 1621 2911 spatium
1651 2838 1787 2914 temperis

432 2937 487 2980 seo
509 2929 606 2981 certus
628 2920 741 2981 dierum
765 2923 942 2997 integrorum
963 2935 1117 2991 numerus,
1148 2917 1186 2976 ad
1209 2934 1297 2993 quom
1319 2924 1417 2978 motus
1440 2917 1520 2980 Solis
1544 2918 1593 2981 rel
1616 2920 1725 2985 unat
1744 2922 1788 2983 tel

432 3005 537 3066 sideris
567 3008 721 3086 utriusque
750 3009 873 3086 digitum
896 3005 1021 3067 intendit
1043 3007 1172 3077 eminus,
1204 3002 1339 3082 populari
1369 3004 1513 3082 cujusque
1535 3009 1634 3083 pantu
1658 3012 1788 3071 institute

432 3103 576 3172 receptus.

522 3182 609 3259 Quae
630 3183 726 3241 anuo
748 3187 826 3241 omui
845 3184 951 3260 formo
973 3199 1010 3241 ee
1030 3181 1172 3241 omuibus
1193 3186 1236 3238 est
1257 3182 1478 3239 astronomicae
1506 3181 1690 3261 duciplim
1711 3203 1788 3246 m.

433 3269 633 3328 modissimu?
656 3271 758 3328 Annus
780 3269 920 3328 Julianus
943 3267 1107 3327 calendarii
1134 3268 1253 3339 veteris,
1284 3274 1422 3325 constans
1445 3267 1548 3328 diebus
1572 3271 1637 3330 365
1662 3280 1694 3331 et
1716 3271 1787 3348 adji-

434 3357 513 3415 ciens
536 3357 564 3414 in
589 3364 716 3431 quatuor
739 3359 822 3416 annis
846 3355 921 3414 diem
945 3371 1051 3427 unum,
1074 3364 1105 3413 ut
1129 3363 1197 3432 post
1219 3363 1278 3413 tres
1301 3352 1448 3429 simplices
1472 3364 1594 3430 quamne
1617 3359 1658 3417 sit
1681 3358 1787 3419 diaron

437 3442 509 3500 366.
553 3441 637 3502 Haec
660 3446 736 3501 enim
758 3460 896 3501 mensura
917 3442 1015 3501 media
1041 3449 1086 3501 est
1109 3444 1183 3501 iuter
1205 3457 1298 3499 annos
1318 3444 1540 3514 astronomicus,
1565 3444 1639 3505 baec
1664 3450 1787 3506 omnium

435 3530 566 3603 gentium
589 3528 694 3587 sallem
724 3533 813 3590 tacita
844 3537 1006 3607 temporum
1040 3531 1243 3589 annumeratio
1266 3528 1339 3599 luit,
1369 3526 1442 3587 baec
1472 3546 1562 3606 penes
1591 3547 1648 3591 nos
1681 3533 1789 3595 indes

439 3615 615 3675 Caesaribus
641 3618 847 3676 observatione
864 3619 1002 3676 continua
1026 3618 1146 3674 tritaet
1170 3615 1263 3690 culta3
1287 3613 1324 3673 ad
1348 3614 1424 3674 hano
1446 3619 1515 3674 anni
1538 3618 1662 3678 sormam
1686 3622 1788 3685 identi-

436 3701 501 3761 dem
532 3704 735 3763 recurrendum
759 3713 804 3764 est
826 3712 1011 3776 astronomo,
1043 3719 1248 3778 quamcunque
1271 3701 1359 3761 aliam
1382 3700 1450 3761 stilo
1473 3707 1586 3780 patriae
1609 3724 1684 3768 suae
1699 3711 1787 3785 magis

436 3790 609 3849 familiarem
631 3790 687 3849 sub
710 3809 813 3850 manus
836 3794 980 3851 sumserit.

524 3877 681 3954 Quomodo
704 3879 852 3954 definiunt
874 3896 994 3938 uanum
1018 3875 1206 3935 ostrossomi?
1230 3876 1332 3934 Annus
1349 3875 1407 3934 illis
1430 3886 1475 3936 cst
1490 3881 1619 3953 spatium
1640 3883 1787 3958 temporis,

433 3966 510 4023 intra
533 3964 612 4041 quod
628 3964 679 4025 Sol
694 3967 868 4027 curriculum
891 3984 977 4025 suum
1000 3966 1028 4020 in
1047 3962 1130 4022 coelo
1154 3961 1269 4022 videtur
1291 3962 1454 4035 absolvere,
1479 3963 1558 4041 qood
1581 3967 1683 4039 efficit,
1708 3977 1740 4028 ut
1760 3971 1786 4026 lo

435 4051 571 4111 theoricis
595 4052 716 4126 dicetur,
740 4056 877 4113 circuitus
901 4054 990 4112 centri
1014 4049 1141 4109 Telluris
1164 4052 1241 4108 circa
1263 4048 1361 4108 Solem
1386 4068 1452 4111 vere
1476 4052 1668 4114 immobilem.

521 4139 693 4216 Quotuplec
715 4148 757 4200 est
778 4158 882 4199 onnus
902 4157 992 4215 penes
1014 4136 1225 4197 astronomos?
1252 4134 1378 4212 Duplex,
1403 4156 1453 4214 pro
1486 4139 1654 4217 duplicibus
1686 4142 1787 4202 solaris

434 4224 625 4285 revolutionis
647 4230 742 4298 metis,
766 4227 896 4286 sidereus
919 4237 948 4285 ct
971 4225 1100 4299 tropicus
1124 4242 1175 4284 seu
1200 4232 1323 4283 vertens.

523 4312 609 4387 Quot
637 4322 709 4372 sunt
740 4318 819 4372 unni
844 4313 952 4371 siderei
979 4311 1100 4369 metae?
1131 4311 1275 4370 Punctum
1299 4308 1468 4386 eclipticas,
1501 4315 1529 4370 in
1560 4314 1642 4389 qnod
1665 4317 1787 4377 circulos

435 4413 559 4471 magnus
582 4417 616 4458 ex
640 4400 709 4475 polo
732 4400 885 4476 eclipticas
907 4418 959 4476 per
981 4409 1089 4458 certam
1104 4397 1220 4457 stellam
1242 4398 1329 4457 fixam
1344 4401 1534 4474 propositam,
1559 4410 1592 4460 ut
1614 4403 1787 4479 pesulan

435 4484 483 4542 vel
506 4503 557 4562 per
579 4504 668 4546 cornu
688 4489 797 4547 Arietis
821 4496 886 4559 oto,
908 4485 1071 4547 descendit.

522 4572 581 4632 Dic
603 4578 682 4632 unni
711 4578 851 4634 enuntia
873 4583 975 4633 metus.
1022 4573 1082 4633 Fas
1105 4582 1172 4631 sunt
1196 4570 1349 4647 eclipticas
1372 4582 1496 4649 puncta,
1527 4576 1557 4632 in
1580 4577 1691 4652 quibos
1712 4587 1787 4639 secat

436 4655 517 4717 illam
540 4662 764 4738 aeipuinoctialie
785 4672 837 4723 aut
859 4662 1022 4721 oolurornm
1046 4660 1127 4731 alter,
1152 4677 1209 4719 nno
1232 4662 1348 4719 nonnos
1371 4669 1480 4737 puncta
1503 4663 1676 4725 cardinalia.

526 4746 613 4824 Quos
634 4753 829 4826 onnispeeies
851 4749 893 4807 od
910 4767 987 4826 quus
1008 4758 1110 4823 portes
1124 4748 1217 4821 liuJ'us
1238 4747 1395 4807 doctrinae
1408 4749 1564 4823 spectant?
1585 4750 1633 4810 De
1656 4751 1788 4812 civilibus

437 4835 522 4891 aunis
545 4835 701 4911 peculiaris
724 4845 768 4896 est
791 4836 954 4912 disciplina,
979 4853 1032 4897 neo
1055 4844 1153 4911 potest
1176 4834 1212 4893 de
1235 4836 1270 4893 iis
1293 4837 1322 4893 in
1346 4837 1513 4894 universnm
1537 4837 1594 4911 agl,
1620 4841 1787 4915 priusquam

436 4936 471 4978 ex
496 4920 629 4980 doctrina
657 4921 788 4982 theorica
817 4934 913 4982 motus
937 4923 1014 4983 Solis
1047 4934 1076 4982 et
1105 4925 1259 5000 praecipue
1284 4922 1384 4982 Lunae
1414 4924 1520 4982 iueriut
1550 4923 1700 5001 explicati.
1745 4926 1787 4986 ue

436 5023 514 5066 anilo
537 5008 650 5066 sidereo
677 5012 782 5068 rectius
812 5020 914 5087 agetur
937 5009 1040 5068 ultima
1062 5019 1144 5085 parte
1168 5009 1255 5084 hujus
1284 5010 1349 5067 libri
1375 5012 1468 5084 tertii,
1500 5028 1672 5088 quanquam
1703 5016 1786 5072 suan

436 5092 525 5168 hujus
547 5095 675 5171 perlecta
698 5100 826 5171 cognitio
857 5115 893 5155 ex
916 5096 1047 5156 doctrina
1070 5098 1199 5157 theorica
1228 5096 1355 5175 petenda
1377 5104 1430 5156 est.
1475 5097 1579 5158 Restat
1601 5101 1693 5177 igitur
1723 5100 1786 5161 boio

436 5183 512 5257 parti
535 5184 637 5242 tertiae
660 5200 754 5244 annus
776 5187 906 5264 tropicos
928 5200 981 5244 seo
1005 5191 1129 5244 vertens.
