4459 6275
528 780 592 843 ιη
1028 771 1170 845 spitum
1188 771 1379 829 Asuouomias

527 949 577 1007 48⁰
596 950 647 1007 ἰδ’.
681 946 758 1004 idam
774 954 867 1005 summ
877 947 1021 1011 audieret,
1038 945 1063 1003 si
1081 953 1156 1003 esset
1166 945 1185 1003 S
1197 945 1279 1003 steila
1297 946 1441 1003 immobilis
1454 954 1484 1005 et
1494 947 1519 1003 V
1530 954 1624 1005 vertex
1635 948 1756 1019 umidis,
1772 946 1889 1019 primm

527 1028 610 1093 euim,
627 1027 652 1083 si
668 1025 854 1083 semicirculus
871 1024 951 1090 Pvn,
969 1022 1074 1081 habeus
1092 1023 1220 1081 verticem
1238 1024 1278 1094 V,
1294 1031 1418 1081 trauseat
1435 1040 1484 1095 per
1502 1024 1609 1081 stellaru
1626 1026 1656 1092 S,
1675 1024 1791 1083 diaulsit
1807 1022 1890 1081 atella

526 1106 662 1163 avertice
678 1120 729 1177 per
739 1104 793 1175 VS,
811 1100 909 1159 deiude
927 1103 963 1159 sit
978 1109 1073 1160 senex
1091 1102 1120 1158 ln
1131 1102 1166 1173 il,
1184 1104 1298 1172 ejusque
1316 1101 1502 1159 semicirculus
1513 1100 1587 1157 rm,
1605 1108 1634 1159 et
1650 1103 1797 1175 oppositus
1817 1102 1888 1159 Pil.

526 1190 650 1240 transm
666 1196 716 1253 per
733 1180 854 1245 stellam,
872 1196 937 1252 erpa
955 1178 1052 1238 stellae
1070 1176 1201 1236 distantia
1218 1180 1353 1237 avertice
1370 1180 1422 1235 etit
1444 1180 1500 1235 ils.
1537 1178 1637 1237 Ablata
1653 1180 1700 1235 Vs
1719 1180 1764 1236 rel
1782 1180 1890 1252 aequali

527 1262 567 1319 iil
585 1262 620 1319 ab
637 1260 692 1331 118,
710 1266 801 1317 manet
819 1258 861 1330 Sl,
880 1265 912 1315 ut
928 1258 1014 1329 prius.

563 1401 567 1413 .
616 1352 775 1430 Quomodo
797 1351 927 1412 altitudo
950 1352 1125 1427 oequotoria
1145 1351 1299 1412 nabetur?
1325 1351 1461 1413 Altitudo
1483 1352 1546 1430 pail
1568 1359 1598 1414 et
1620 1350 1750 1414 aldtudo
1773 1368 1888 1431 aequa·

525 1441 597 1502 toris
619 1443 802 1518 compositae
823 1439 935 1499 iaciunt
962 1438 1109 1514 integrum
1137 1438 1339 1515 quadrantem.
1387 1438 1486 1515 Quare
1515 1440 1620 1502 ablata
1644 1440 1707 1519 poli
1730 1438 1888 1502 slilmdlue

528 1546 546 1589 a
569 1526 742 1606 quadrante,
764 1526 939 1603 relinquitur
960 1523 1088 1586 altitudo
1111 1529 1291 1602 aequatoris.

1171 1628 1205 1682 in
1222 1627 1361 1683 schemate
1373 1627 1419 1695 ΡΟ
1430 1634 1474 1683 est
1491 1626 1610 1683 altitudo
1626 1626 1693 1698 poll,
1705 1626 1760 1683 an
1771 1625 1888 1683 altitudo

1104 1706 1273 1776 sequuturis:
1292 1707 1450 1777 quiaigitur
1457 1706 1518 1774 HQ.
1534 1705 1607 1765 linea
1615 1706 1777 1775 hor'mosds.
1790 1706 1890 1763 nasia

1103 1801 1153 1855 per
1179 1789 1304 1839 centmsn
1329 1785 1480 1854 sphaerae,
1506 1784 1583 1854 live
1608 1786 1661 1843 erit
1689 1785 1890 1857 semicirculus,

1103 1864 1154 1920 sed
1171 1862 1219 1918 ΡΑ
1237 1870 1281 1918 est
1297 1861 1450 1933 quadrans,
1475 1862 1541 1933 quia
1562 1872 1697 1935 aequatos
1719 1870 1766 1921 eat
1781 1864 1890 1923 aedua

1103 1943 1176 2007 iuter
1198 1940 1293 2012 palos:
1319 1941 1410 1998 ublato
1434 1941 1519 2013 igitur
1538 1942 1586 1998 Pa
1610 1940 1767 2015 quadrunio
1788 1958 1808 1999 a
1829 1942 1888 2013 Qu,

1103 2016 1287 2085 semicirculo,
1316 2035 1396 2076 arcus
1420 2018 1521 2091 reliqui
1543 2018 1590 2089 ΡΩ
1614 2026 1643 2077 et
1665 2020 1718 2077 An
1741 2022 1888 2079 conicient

1103 2101 1185 2157 etism
1204 2096 1393 2169 quadrantem.

1173 2189 1330 2269 Quomodo
1350 2190 1518 2268 peoorapiti
1533 2192 1629 2253 salem
1650 2190 1814 2269 appellare
1823 2192 1888 2271 poli

1103 2276 1321 2343 altitudinem?
1356 2277 1543 2357 Geograplils
1573 2286 1619 2341 est
1648 2276 1778 2341 hdtndo
1813 2278 1886 2343 loci:

1103 2358 1302 2447 quantoenim
1325 2382 1396 2428 arcu
1418 2365 1564 2428 attollitur
1585 2365 1674 2445 polus
1692 2384 1785 2447 supra
1806 2364 1886 2429 luori-

1103 2462 1232 2529 uoutem,
1254 2459 1338 2514 tanto
1360 2470 1430 2515 arcu
1447 2452 1539 2515 distat
1560 2454 1643 2514 locus
1659 2452 1699 2516 ab
1714 2460 1886 2533 amaseae

1172 2540 1256 2620 Quid
1275 2547 1319 2600 en
1340 2540 1470 2603 latitudo
1492 2540 1573 2603 iaci?
1603 2540 1657 2603 list
1684 2558 1774 2605 meus
1797 2536 1885 2607 aeri·

1105 2628 1185 2703 diani
1215 2630 1376 2703 terrestria,
1410 2628 1589 2708 interceptus
1622 2630 1698 2691 inter
1730 2626 1832 2693 iocum
1858 2638 1886 2693 ai

1105 2723 1296 2796 aequatorem
1318 2722 1492 2778 terrestrem.

608 2826 729 2901 Proba,
758 2826 1004 2904 proportionales
1031 2841 1090 2885 eeae
1118 2838 1209 2882 arceas
1237 2821 1303 2896 poli
1332 2820 1525 2880 altitudinem
1546 2828 1576 2880 et
1595 2821 1796 2885 umadmen
1821 2825 1885 2886 loci.

522 2911 570 2973 ab
593 2921 753 2991 sequutura
774 2913 815 2975 ad
836 2914 938 2991 palum
962 2913 1027 2989 ejus
1050 2919 1096 2973 est
1119 2907 1285 2987 quadrans,
1317 2910 1467 2968 asenias
1493 2907 1534 2968 ad
1561 2906 1747 2971 harmoniam
1769 2919 1818 2975 eat
1838 2913 1885 2971 iti-

522 2998 588 3061 dem
611 3000 759 3077 quadraus
781 3004 811 3061 iu
835 3000 945 3063 drculo
968 2998 1146 3061 meridiano:
1177 2995 1360 3073 suntigitur
1381 2992 1414 3053 ut
1436 3012 1522 3056 arcus
1547 2995 1700 3073 aequales.
1745 2998 1884 3061 Commu·

520 3102 589 3150 uem
622 3088 703 3150 suier
732 3102 832 3152 mcum
860 3108 880 3150 a
909 3089 1021 3150 vertice
1043 3085 1082 3148 sd
1105 3084 1221 3165 polum,
1253 3099 1323 3160 ergo
1345 3080 1465 3146 residua
1487 3090 1556 3144 suut
1577 3084 1736 3162 aequalia,
1767 3086 1830 3150 iilic
1849 3088 1885 3150 ai

522 3184 683 3254 amustore
706 3177 744 3240 ad
767 3179 923 3251 verticem,
947 3175 996 3236 isio
1019 3192 1038 3235 a
1060 3173 1130 3251 polo
1152 3170 1192 3233 ad
1214 3171 1406 3232 horisoutem.
1451 3169 1524 3232 darn
1547 3188 1617 3233 vero
1639 3189 1728 3234 mous
1750 3175 1885 3240 maletis

522 3271 551 3323 ct
578 3265 720 3325 terrestris
747 3263 986 3337 meridianorum,
1016 3262 1141 3322 abscissi
1165 3258 1281 3319 duabus
1304 3277 1339 3319 ex
1362 3264 1462 3319 centro
1491 3259 1591 3333 rectis,
1623 3261 1838 3339 perpendicula
1858 3273 1885 3326 at

522 3368 588 3424 are,
610 3359 679 3412 suut
701 3350 947 3430 proportionales.

591 3450 623 3505 lu
641 3451 778 3508 schemis
796 3450 880 3521 priori
897 3451 946 3506 ΡΑ
964 3456 992 3503 et
1010 3448 1059 3515 VQ
1078 3453 1143 3503 sunt
1161 3447 1327 3517 quadrantes
1349 3452 1378 3503 et
1394 3444 1533 3516 aequales,
1551 3459 1723 3504 communem
1736 3449 1817 3508 aulea
1829 3451 1882 3508 Vl’:

523 3533 604 3584 amnt
621 3529 670 3585 AV
689 3537 717 3586 et
734 3530 780 3598 PQ
800 3529 938 3599 aequales,
957 3530 997 3585 sic
1015 3528 1097 3584 etiam
1115 3528 1144 3584 in
1162 3527 1249 3583 Terra
1265 3527 1314 3582 liL
1333 3532 1361 3582 et
1379 3525 1438 3596 OD,
1456 3523 1506 3581 sod
1523 3525 1574 3584 M.
1593 3534 1635 3582 est
1652 3525 1774 3586 latitudo
1791 3529 1845 3590 lod
1860 3539 1885 3588 et

525 3606 572 3678 1¹0
591 3605 707 3662 altitudo
726 3607 790 3678 pali.

612 3698 697 3777 Quid
724 3701 885 3777 appeliant
913 3705 1090 3779 pnomoniei
1122 3700 1353 3763 declinationem
1380 3701 1495 3779 plani?
1528 3701 1637 3762 Arcum
1671 3703 1777 3766 circuli
1807 3703 1884 3766 inori-

522 3788 626 3858 aoutis,
650 3788 843 3865 interceptum
867 3790 943 3850 inter
967 3789 1136 3851 verticulum
1158 3790 1327 3867 primarium
1351 3796 1381 3850 ei
1403 3787 1541 3850 circulum
1563 3789 1644 3867 plani
1669 3789 1857 3856 declinantis.

610 3874 696 3952 Quid
724 3883 766 3934 eat
793 3875 851 3935 illia
882 3877 1042 3937 inclinatio
1069 3878 1162 3954 ploni
1191 3877 1355 3936 inclinati?
1386 3875 1439 3936 Est
1467 3893 1552 3936 arcus
1575 3876 1725 3940 verticulis
1748 3881 1883 3958 primarii,

523 3964 701 4040 interceptus
724 3963 800 4024 iuter
821 3964 1016 4025 meridianum
1039 3973 1069 4023 et
1092 3963 1232 4024 circulum
1255 3963 1335 4040 plani
1359 3964 1500 4024 inclinati.

611 4067 695 4146 Quid
716 4076 758 4128 eat
779 4069 940 4129 diuinatio
961 4069 1052 4144 ploni
1074 4067 1275 4128 deindinatii
1305 4067 1359 4127 list
1381 4084 1467 4129 maus
1484 4068 1631 4130 verticalis
1653 4068 1692 4130 ad
1713 4069 1883 4134 dsiuelinati

525 4154 664 4215 circulum
688 4157 769 4230 recti,
793 4157 971 4233 interceptos
995 4157 1070 4215 inter
1092 4155 1175 4215 iilum
1197 4164 1228 4214 et
1251 4155 1398 4216 verticem.

610 4258 695 4334 Quid
709 4260 865 4319 incumbit
886 4262 1074 4335 pnomonicia
1095 4262 1178 4318 cirea
1200 4257 1444 4318 deinclinatum?
1477 4257 1516 4319 Ut
1538 4258 1611 4318 iliud
1636 4261 1732 4336 primo
1758 4264 1883 4322 omniun

520 4344 663 4403 reieratur
684 4344 724 4405 ad
748 4346 897 4421 inclinata,
921 4347 1056 4423 quaesita
1078 4343 1236 4406 altitudine
1258 4345 1328 4423 poli,
1351 4347 1408 4406 stab
1432 4363 1490 4422 qua
1513 4347 1652 4423 quodque
1676 4347 1885 4410 deinellnatsrs

523 4448 577 4506 pro
605 4431 777 4510 simpliciter
805 4434 945 4494 inclinato
973 4436 1138 4512 computari
1167 4435 1279 4511 possit,
1310 4442 1341 4493 et
1368 4434 1478 4511 angulo
1501 4434 1701 4496 inclinationis
1724 4453 1816 4515 super
1836 4437 1884 4498 ilia

520 4516 580 4594 poli
606 4517 770 4580 altitudine.

613 4621 769 4698 Quomodo
792 4625 846 4685 ltoa
866 4625 933 4701 flori
952 4626 1071 4702 potest?
1100 4627 1257 4686 Formstur
1279 4624 1481 4702 metangoium
1505 4630 1685 4698 (triangulum)
1705 4628 1784 4688 iuter
1806 4629 1884 4690 itari·

522 4714 655 4782 soumm,
683 4710 873 4771 meridianum
897 4722 927 4773 et
950 4712 1090 4774 circulum
1115 4713 1301 4788 deiueliuati3
1336 4713 1421 4773 datur
1452 4715 1480 4772 in
1504 4731 1539 4774 eo
1562 4714 1640 4774 latus
1670 4715 1699 4772 ln
1723 4714 1883 4787 hamonis,

521 4794 599 4873 quod
631 4801 675 4856 est
698 4799 943 4876 complementum
967 4801 1173 4864 declinationis
1199 4801 1295 4878 plani,
1329 4799 1417 4861 datur
1445 4808 1475 4861 et
1497 4800 1624 4879 angulus
1647 4803 1724 4861 inter
1747 4805 1884 4866 cuculum

520 4882 690 4943 deinciinati
714 4893 743 4944 et
765 4887 963 4960 dodrantem,
989 4890 1040 4965 qui
1063 4896 1108 4949 eat
1131 4888 1378 4966 complementum
1401 4887 1609 4950 inclinationis.
1655 4890 1795 4967 lingulas
1815 4909 1883 4954 vero

520 4973 596 5031 inter
619 4970 801 5034 horisoutam
823 4983 853 5034 et
873 4975 1067 5036 meridianum
1090 4985 1136 5036 est
1159 4984 1273 5052 rectus3
1298 4974 1364 5038 iude
1388 4979 1538 5054 quaeritur
1559 4976 1637 5038 latus
1660 4980 1690 5037 in
1713 4978 1883 5052 meridiano,

521 5057 601 5134 quod
624 5075 665 5119 sc.
695 5067 739 5118 ost
773 5063 846 5119 inter
868 5060 1049 5123 horhontem
1073 5071 1102 5123 et
1124 5061 1155 5121 id
1184 5069 1345 5141 punctum,
1378 5059 1430 5124 ubi
1454 5062 1624 5126 deinclinati
1646 5063 1775 5126 citemus
1798 5069 1883 5128 meri·

521 5145 641 5205 diauum
662 5154 754 5221 secat,
778 5147 903 5224 ejusque
926 5152 1065 5210 sectionis
1082 5149 1222 5227 annius:
1246 5151 1304 5211 hoc
1328 5149 1406 5214 latus
1422 5169 1488 5214 cuna
1510 5152 1665 5218 altitudine
1682 5154 1747 5233 poli
1771 5155 1815 5218 iul
1829 5155 1883 5218 lod

519 5241 730 5312 comparatum,
753 5232 866 5314 detegit
892 5239 1055 5316 quaesitam
1077 5235 1263 5300 altitudinem
1286 5237 1359 5320 poli.
