4459 6275
303 815 307 842 Ξ
432 758 496 823 aaa
930 752 1073 824 Epitamss
1089 751 1278 815 &bonomo

432 930 582 990 subtracta
610 929 681 989 iacit
701 933 901 992 ascensionem
924 931 1090 1009 obliquam.
1120 931 1222 993 eadem
1245 930 1346 993 addita
1370 933 1441 993 ison
1463 931 1686 993 descensionem
1709 930 1783 997 obli·
1831 936 1834 943 ’

433 1035 530 1095 quam,
554 1025 584 1076 st
605 1019 734 1078 vicissim
757 1035 833 1099 quae
856 1019 985 1095 additur,
1009 1026 1042 1079 ut
1062 1019 1115 1079 ilat
1137 1023 1269 1081 ascensio
1294 1019 1428 1098 obliqua,
1462 1020 1594 1080 subtrahi
1617 1018 1722 1115 debet,
1753 1026 1785 1078 ut

433 1108 472 1165 sit
494 1104 644 1164 descensio
667 1105 797 1183 oblique.

524 1192 610 1268 Qeae
640 1193 711 1251 binc
738 1197 839 1254 osiaco·
870 1195 1016 1270 anaioqia
1039 1184 1130 1252 inies·
1141 1197 1325 1255 asc'ensiones
1354 1202 1382 1253 et
1403 1139 1605 1255 descensiones
1627 1190 1787 1269 obliquas?

438 1283 463 1340 1.
495 1277 613 1355 Quanta
635 1291 678 1339 est
700 1285 834 1342 ascensio
856 1299 941 1341 arcus
964 1282 1002 1340 ab
1023 1282 1135 1341 Arietis
1157 1283 1298 1358 principio
1323 1283 1438 1358 incepti,
1462 1288 1545 1341 tanta
1567 1288 1613 1342 est
1636 1279 1787 1342 descensio

434 1383 521 1427 arcus
543 1365 675 1442 aequalis
698 1387 716 1426 a
738 1371 880 1446 principio
903 1368 1010 1428 Librae
1037 1368 1145 1443 incepti
1169 1377 1198 1428 et
1219 1371 1357 1437 vicissim.
1402 1369 1484 1428 Idem
1507 1385 1610 1430 verum
1632 1376 1680 1429 est
1701 1368 1789 1426 etism

435 1453 472 1513 ds
495 1453 626 1514 discretis
648 1456 774 1515 arcubus
796 1455 970 1532 aequalibus
993 1457 1145 1532 oppositis.
1189 1455 1295 1515 Nullae
1317 1459 1417 1533 itaque
1432 1456 1507 1516 fiunt
1528 1455 1650 1516 tabulae
1667 1454 1790 1515 dmosn·

319 1541 322 1547 '
435 1544 561 1613 sionum,
584 1540 731 1601 sufiiciunt
754 1541 968 1603 ascensionum.
1015 1545 1044 1601 2.
1076 1542 1178 1602 Partes
1200 1542 1321 1604 easdem
1344 1540 1534 1604 assendentes
1563 1538 1644 1604 secie
1667 1539 1790 1603 daem·

438 1629 512 1688 dmst
534 1627 653 1704 oblique
675 1638 706 1689 st
727 1632 867 1690 vicissim.

525 1714 606 1792 Quoi
626 1724 699 1776 sams
719 1735 832 1794 emera
852 1720 1038 1793 positionem
1060 1717 1208 1792 sphaerae
1236 1724 1371 1793 respecta
1392 1721 1568 1795 aequmosis
1587 1722 1618 1778 et
1640 1715 1793 1792 emperor

431 1804 621 1876 insomniis,
641 1820 701 1879 per
722 1821 799 1880 qaas
820 1808 988 1864 varianter
1009 1806 1194 1864 mones
1216 1803 1376 1881 obliquae?
1408 1804 1505 1866 Sense
1533 1812 1603 1864 sunt
1624 1807 1656 1862 in
1679 1804 1793 1863 umoris

437 1889 652 1966 hemisphaerio
673 1894 844 1969 positiones,
868 1893 974 1968 quibus
997 1890 1110 1951 assedit
1131 1893 1257 1967 septima
1274 1891 1417 1968 spbasras
1438 1899 1544 1954 restas
1590 1891 1670 1951 iiam
1691 1896 1793 1950 varin

438 1977 496 2037 loni
526 1977 575 2038 rei
604 1979 660 2037 sub
689 1988 879 2056 aequatorsm
906 1978 997 2057 cadit,
1028 1977 1074 2038 rei
1106 1980 1182 2036 inter
1210 1987 1400 2055 aequatorem
1424 1987 1453 2039 et
1474 1966 1635 2056 tropicum,
1664 1976 1717 2039 vai
1737 1976 1794 2037 snb

438 2067 535 2142 ipsum
558 2067 718 2141 tropicum,
750 2064 799 2126 vei
822 2069 896 2126 inter
918 2068 1062 2143 iroploum
1085 2073 1115 2125 st
1136 2064 1354 2141 polsrem,-vei
1377 2066 1550 2145 sub'ipsnm
1570 2064 1726 2144 polanam,
1746 2060 1794 2124 vel

440 2156 515 2212 inter
536 2152 667 2229 poiarem
690 2161 720 2215 et
734 2154 845 2230 polum,
868 2152 916 2212 vei
939 2154 995 2213 sub
1018 2155 1114 2230 ipsum
1128 2151 1239 2229 poium.
1284 2152 1318 2211 iu
1340 2155 1434 2229 prima
1449 2155 1567 2232 quidem
1589 2154 1696 2214 barum
1711 2152 1794 2230 ped·

316 2303 320 2311 ,
440 2242 553 2299 mom
575 2242 762 2304 assensiones
783 2248 852 2300 sunt
873 2247 986 2299 tentum
1008 2248 1114 2311 rectae,
1138 2238 1174 2298 de
1197 2240 1303 2316 qnibns
1323 2241 1385 2315 jam
1408 2250 1454 2301 est
1474 2250 1670 2314 nauseetum,
1695 2243 1727 2300 iu
1748 2237 1794 2299 ni·

441 2329 514 2387 tima
536 2335 605 2387 sunt
627 2331 813 2388 ascensiones
834 2327 923 2405 pians
944 2327 1052 2387 nuiias.
1099 2326 1262 2402 Supersunt
1283 2330 1371 2403 igitur
1393 2346 1445 2404 pro
1469 2330 1695 2390 ascensionibus
1717 2322 1795 2388 obli·

441 2416 508 2491 qais
531 2417 637 2490 quinas
660 2417 690 2472 in
712 2423 836 2492 unoque
858 2415 1074 2491 hemisphaerio
1094 2416 1257 2491 positiones
1278 2414 1478 2477 intermediae.
1650 2458 1653 2463 -

531 2500 686 2577 Compara
707 2505 891 2563 asoensiones
918 2509 946 2561 et
967 2503 1168 2562 dacemiones
1194 2505 1354 2578 utriusque
1382 2503 1597 2580 bernispbaesis‘
1621 2506 1708 2563 inser
1728 2516 1792 2561 sess

445 2593 471 2649 i.
505 2587 624 2664 Quanta
646 2597 691 2649 est
713 2591 743 2647 in
765 2588 867 2666 aliqua
889 2597 968 2650 certa
989 2589 1051 2667 poli
1074 2588 1309 2666 septentrionalis
1332 2588 1498 2655 elevatione
1513 2588 1599 2668 signi,
1621 2586 1796 2667 prount

317 2716 322 2725 .
439 2680 539 2754 puncti
555 2676 697 2753 cujusque
714 2676 865 2754 eclipticas
887 2680 1019 2737 ascensio
1042 2675 1172 2755 obliqua,
1195 2682 1278 2736 tanta
1290 2687 1336 2736 est
1358 2679 1385 2735 iu
1410 2678 1527 2757 aequali
1543 2677 1714 2739 elevatione
1734 2672 1796 2757 poi

441 2764 579 2824 ausnalis
601 2763 733 2839 eiusdem
755 2766 845 2841 signi,
875 2764 983 2840 gradus
1005 2762 1054 2824 vei
1076 2764 1175 2840 puncti
1199 2763 1350 2824 descensio
1372 2764 1508 2843 oblique,
1538 2772 1568 2827 st
1599 2772 1715 2843 quanin
1739 2760 1796 2825 iilis

403 2846 410 2857 '
443 2851 604 2926 descensio,
627 2860 710 2911 tauta
731 2851 781 2913 hie
803 2853 947 2912 ascensio.
993 2854 1024 2912 2.
1055 2848 1202 2927 Quicquid
1225 2850 1438 2913 demonstrator
1460 2852 1497 2913 de
1519 2854 1614 2931 signo,
1637 2848 1735 2930 gradu
1750 2846 1797 2913 rsi

440 2948 549 3016 puncto
572 2947 649 2999 certo
674 2940 826 3017 eclipticas
850 2941 879 2997 in
902 2938 1119 3016 hemisphaerio
1141 2938 1373 3014 monasteriali,
1396 2957 1498 3002 rerum
1520 2938 1551 3001 id
1574 2942 1629 3003 erit
1647 2942 1740 3003 etism
1759 2936 1796 3005 ds

441 3028 535 3104 signo,
558 3026 650 3105 gradu
674 3027 721 3087 vsi
745 3035 854 3105 puncto
877 3029 1014 3104 opposito
1036 3028 1066 3085 in
1089 3025 1210 3085 australi
1232 3025 1447 3103 hemisphaerio
1468 3027 1636 3091 altemtrins
1649 3026 1715 3105 poli
1736 3025 1797 3088 sis·

441 3118 560 3176 venons
586 3116 721 3193 utrinque
744 3113 857 3178 sedem.

532 3220 690 3299 Quomodo
710 3238 740 3278 se
761 3219 850 3279 babet
877 3218 1049 3296 differentia
1071 3219 1285 3278 ascensionalis
1314 3219 1356 3278 nd
1382 3224 1583 3282 assensionem
1605 3228 1723 3280 sesiam
1743 3236 1797 3296 pes

442 3311 544 3367 samos
565 3308 713 3383 spbaeme
730 3307 871 3382 positus?
903 3306 938 3363 In
962 3304 1087 3383 sphaera
1110 3313 1189 3364 recta
1219 3307 1294 3365 sicut
1325 3312 1458 3368 assensio
1487 3310 1607 3384 obliqua
1629 3307 1729 3380 nulia,
1757 3307 1797 3367 sie

445 3412 529 3454 arcum
553 3395 705 3471 eclipticas
727 3396 765 3453 ab
788 3394 974 3470 aequinoctio
997 3393 1127 3469 propiori
1150 3401 1225 3451 retro
1249 3393 1296 3453 rei
1320 3411 1406 3470 porro
1428 3400 1540 3455 extensi
1562 3394 1729 3456 dlilsreotiu
1749 3411 1798 3455 ss·

444 3480 619 3541 cansionsiis
642 3486 835 3558 quantitatem
858 3483 971 3540 obtinet
992 3479 1112 3552 nuliam,
1136 3481 1165 3537 in
1190 3479 1317 3556 obliquis
1340 3500 1406 3544 cum
1422 3481 1601 3559 digressione
1623 3484 1664 3543 ab
1686 3499 1798 3559 aequu-

444 3579 506 3629 sors
529 3571 652 3644 acquirit
674 3570 803 3644 aliquam
826 3571 1033 3645 quantitatem,
1067 3575 1096 3626 et
1125 3568 1263 3641 quamdin
1287 3569 1404 3644 quidem
1432 3579 1474 3630 cst
1505 3572 1578 3631 inter
1607 3577 1799 3648 “quaterem

447 3663 477 3716 et
498 3654 638 3733 poiarsm,
660 3659 754 3715 minor
776 3665 821 3716 sst
842 3658 1014 3716 ascensione
1036 3661 1129 3727 rasta,
1160 3656 1214 3713 sub
1237 3655 1331 3731 poiari
1354 3658 1486 3733 aequalis
1509 3661 1546 3732 ai,
1570 3661 1647 3717 intra
1669 3657 1799 3735 polsrsm

447 3745 542 3825 major
563 3744 615 3805 iiia
636 3762 688 3824 per
711 3761 811 3804 omues
832 3748 1035 3822 proportiones
1058 3745 1240 3818 successive,
1264 3762 1322 3818 quo
1346 3748 1466 3822 propius
1489 3747 1526 3808 ad
1549 3746 1651 3822 poium
1674 3748 1799 3806 venitur.

1071 3862 1141 3919 Nam
1161 3861 1211 3916 sub
1228 3862 1317 3932 palari
1332 3864 1485 3932 junguntur
1497 3862 1623 3931 ecliptica
1635 3869 1665 3917 et
1679 3861 1800 3928 basim

1070 3942 1178 4013 quoties
1192 3942 1272 4014 poias
1282 3943 1460 4011 sdipticaein
1470 3943 1699 3997 rertieemrenit:
1718 3953 1803 4011 qums

1070 4022 1255 4080 semicirculus
1284 4023 1391 4091 integer
1426 4023 1610 4080 escensionem
1645 4021 1734 4078 babet
1762 4017 1804 4078 ssi

1070 4101 1183 4159 nuliam.
1207 4100 1333 4157 absumta
1355 4102 1426 4157 enim
1451 4111 1492 4156 est
1514 4100 1542 4155 in
1560 4099 1745 4158 differentiam
1762 4115 1803 4156 ss·

1071 4181 1253 4238 censiousism
1272 4180 1489 4246 subtractoriam,
1507 4180 1629 4249 reliquus
1647 4194 1714 4236 uero
1726 4177 1803 4236 ssnn‘·

1071 4260 1191 4317 circulus
1217 4258 1360 4329 eclipticas
1387 4257 1481 4329 adjicit
1506 4258 1678 4316 semicirculo
1704 4272 1804 4328 seque·

1071 4339 1139 4394 toris
1164 4338 1293 4393 coorienti
1318 4338 1344 4391 in
1369 4344 1444 4394 recte
1467 4338 1586 4406 sphaera
1604 4335 1803 4394 semicirculum

1071 4418 1216 4486 reliquum.
1252 4417 1375 4484 Cumque
1398 4417 1449 4472 snb
1474 4417 1562 4486 peiuri
1585 4416 1705 4486 angulus
1730 4416 1803 4486 EQO

1071 4498 1143 4551 iuter
1160 4504 1336 4564 usqnatorem
1350 4502 1377 4549 et
1395 4498 1560 4551 irorirontem
1572 4495 1609 4551 sit
1620 4496 1748 4565 aequalis
1760 4511 1805 4552 n·

943 4631 949 4640 ,
989 4581 992 4596 “
1071 4576 1136 4645 aulo
1154 4576 1226 4632 inter
1244 4575 1394 4644 eclipticum
1412 4582 1440 4629 et
1457 4575 1731 4644 arquitenens,
1748 4589 1806 4632 ιιι

1071 4672 1118 4713 sus
1145 4664 1248 4712 rectam
1274 4658 1373 4725 major,
1401 4670 1495 4710 versus
1521 4653 1682 4721 paralisim
1709 4657 1806 4722 minu,

1071 4734 1223 4805 amplitudo
1240 4734 1324 4803 igitur
1341 4734 1428 4790 ortira
1442 4735 1489 4802 Qo
1502 4733 1552 4788 sub
1570 4732 1659 4803 polsri
1671 4743 1806 4803 sequeus

1073 4815 1148 4871 arcui
1166 4815 1309 4885 eclipticas
1329 4813 1376 4869 EO
1394 4814 1548 4885 proposito,
1571 4813 1695 4869 aricino
1714 4813 1806 4883 aequi·

1072 4895 1163 4954 noetio
1182 4896 1304 4965 incepto,
1329 4900 1407 4948 extra
1423 4893 1512 4947 minor
1534 4899 1589 4961 est,
1611 4891 1687 4948 intra
1702 4892 1806 4964 majam

1073 4974 1155 5031 ducto
1173 4975 1256 5043 igitur
1275 4971 1376 5028 circulo
1395 4971 1584 5027 declinationis
1596 4968 1668 5026 ΡΤΟ
1682 4970 1711 5028 iu
1722 4986 1806 5042 pune·

1073 5062 1130 5109 tum
1150 5053 1291 5125 eclipticas
1311 5053 1399 5107 oriens
1418 5049 1455 5118 0,
1479 5051 1525 5120 qui
1542 5048 1733 5105 ascensionem
1750 5063 1805 5106 ree

1074 5141 1130 5188 tam
1148 5132 1198 5187 ΕΤ
1216 5147 1232 5186 a
1250 5130 1402 5185 differentis
1421 5127 1602 5186 eseeuslouali
1620 5128 1670 5197 'rQ
1688 5131 1806 5198 septuns
