4459 6275
902 787 987 846 biber
1003 789 1130 860 enema
1164 791 1235 848 Pars
1252 789 1354 848 Tertia
1739 801 1803 864 aas

528 964 708 1030 Imedibile
727 965 801 1031 uero
822 979 879 1046 ast,
909 988 1041 1048 corporo
1063 974 1203 1033 mdeatio
1225 989 1284 1032 esse
1306 971 1455 1048 quosdam
1477 974 1612 1048 lapsam
1633 983 1799 1052 mnpnetes.

438 1054 570 1132 Legatm
608 1074 680 1134 ergo
712 1056 852 1119 Gulielml
886 1057 1011 1119 (lilberti
1044 1059 1134 1137 Angli
1172 1059 1362 1137 philosophia
1400 1061 1582 1135 magnetica,
1620 1079 1681 1139 quo
1713 1060 1801 1138 libro,

437 1144 577 1219 quamvis
599 1160 658 1203 non
681 1144 812 1206 crederet
834 1154 944 1220 auctor,
967 1147 1088 1208 Terram
1110 1149 1185 1207 inter
1208 1147 1305 1208 sidera
1327 1147 1404 1219 terri,
1429 1148 1533 1206 tribuit
1555 1148 1597 1207 ilii
1621 1157 1719 1213 tamen
1741 1168 1799 1210 na·

438 1238 536 1290 turam
575 1235 770 1310 maguntinam
808 1236 987 1311 argumentis
1025 1236 1100 1296 bene
1139 1233 1253 1309 multis,
1291 1235 1415 1311 ejusque
1445 1234 1533 1294 libras
1561 1254 1615 1296 seu
1647 1237 1799 1298 filameuta
1929 1252 1932 1267 ·

435 1319 605 1394 magnetica
626 1319 714 1381 docet
735 1320 852 1381 emendi
874 1321 1068 1382 lineis'rectis
1092 1322 1131 1382 ab
1154 1331 1254 1383 austro
1277 1324 1306 1380 in
1325 1318 1564 1398 septentrionem.
1603 1322 1691 1400 Quod
1709 1327 1798 1402 igitur

436 1412 484 1465 est
506 1421 583 1465 nnus
605 1424 641 1468 ex
656 1408 825 1485 primariis,
856 1409 959 1470 Tellus
990 1413 1142 1479 nimirum,
1175 1409 1205 1469 id
1228 1427 1292 1470 esse
1315 1409 1569 1486 unumquemlibet
1592 1430 1628 1472 ex
1651 1415 1797 1488 primariis

437 1492 602 1553 absurdum
624 1511 811 1572 nequaquem
834 1503 880 1556 est
901 1514 955 1558 nec
977 1496 1156 1558 incredibile.

527 1580 610 1655 Esto,
631 1590 668 1642 sat
688 1584 815 1659 plovtstn
835 1585 946 1644 habeut
966 1589 1124 1645 immam
1137 1585 1354 1662 pipurcfionsm
1368 1584 1573 1659 mupnstioum
1588 1587 1800 1662 rscdlineom3

436 1667 515 1745 quid
535 1671 632 1745 ipitnr
653 1677 704 1745 est,
729 1671 813 1746 qnod
833 1672 922 1732 illnm
942 1673 1020 1750 socii
1042 1674 1140 1732 nliom
1162 1675 1296 1747 corporis
1318 1673 1367 1729 sui
1387 1670 1516 1746 plopom
1538 1679 1605 1746 post
1628 1674 1726 1733 nliom
1742 1676 1796 1734 ob·

439 1763 557 1816 verim
580 1756 667 1817 Soli?
693 1776 770 1816 num
793 1761 857 1833 ipse
876 1760 969 1836 fibros
988 1778 1062 1819 auus
1082 1758 1251 1821 manunt?
1283 1758 1492 1834 Nequaquam:
1524 1761 1594 1835 quin
1617 1763 1718 1836 potius
1740 1761 1798 1822 hoc

437 1842 656 1918 quaerendum,
689 1844 760 1921 quid
783 1848 823 1904 sit
846 1845 935 1920 illnd,
966 1846 1046 1924 quod
1069 1864 1176 1925 corpus
1198 1846 1336 1923 planetae
1358 1846 1498 1919 retineat,
1522 1863 1581 1922 qno
1605 1851 1702 1908 minus
1726 1849 1799 1910 illud

436 1947 524 1989 uem
552 1948 638 1990 snum
668 1933 864 2008 magneticum
892 1937 952 1993 sitn
979 1952 1047 2008 nuo,
1078 1952 1165 2012 qnem
1195 1936 1220 1993 is
1243 1932 1334 1993 semel
1357 1935 1485 2009 accepit,
1513 1946 1648 2010 respectu
1670 1938 1799 2011 partium

435 2016 539 2077 mnndi
562 2016 687 2092 deserat,
710 2035 775 2079 cnm
799 2028 897 2082 tamen
913 2034 1027 2107 'corpus
1049 2024 1127 2082 circa
1147 2039 1234 2082 axem
1257 2021 1303 2098 (ut
1318 2030 1425 2096 corpus
1438 2019 1580 2098 Telluris)
1603 2025 1799 2085 convolvatur

435 2103 593 2182 simulque·
608 2114 780 2167 emovoatnr
801 2107 867 2168 loco
891 2126 945 2170 suo
968 2119 998 2169 et
1020 2112 1049 2167 in
1073 2110 1213 2170 circulum
1236 2110 1314 2169 cirea
1336 2106 1436 2167 Solem
1458 2115 1680 2185 transportetur.
1722 2110 1799 2171 liam

435 2208 473 2252 sa
501 2192 559 2253 hae
590 2191 750 2254 directione
784 2200 927 2272 magnetis
960 2199 989 2255 in
1021 2196 1145 2257 eandem
1175 2195 1276 2255 mundi
1305 2193 1426 2271 plagam
1455 2203 1518 2254 toto
1549 2198 1673 2258 circnitn
1704 2207 1732 2258 et
1764 2218 1800 2260 ex

435 2283 685 2358 transportatione
709 2285 843 2359 'corporis
874 2283 910 2345 ds
942 2282 1007 2344 loco
1038 2289 1066 2343 in
1097 2284 1194 2344 locum
1218 2284 1296 2342 cirea
1318 2282 1431 2355 Solem,
1462 2291 1604 2360 tanquam
1627 2301 1662 2345 ex
1685 2285 1801 2347 duobus

435 2360 590 2428 elementis
621 2372 805 2445 oomponitnr
831 2369 880 2431 hic
913 2372 1049 2446 effectus,
1080 2379 1114 2431 ut
1141 2371 1247 2448 globus
1276 2368 1413 2446 planetae
1441 2372 1532 2429 situm
1556 2369 1711 2448 plagarum
1734 2391 1801 2435 oum
1929 2385 1935 2402 ⁸

439 2455 513 2515 Sole
534 2463 688 2533 permutet.
735 2457 859 2534 Respice
883 2459 922 2518 ad
944 2459 1064 2519 schema
1086 2461 1137 2518 62.

525 2542 612 2621 Quos
633 2551 706 2603 sumt
726 2544 819 2613 bulso
836 2549 1078 2620 permutationis
1100 2545 1265 2622 exemplu?
1295 2541 1453 2605 Familiare
1481 2560 1596 2604 rursum
1630 2546 1797 2624 exemplum

434 2637 482 2690 est
511 2631 541 2688 in
571 2634 738 2706 magnetica
764 2633 892 2710 pyxide,
934 2634 997 2695 scii.
1034 2634 1119 2709 cuius
1153 2631 1266 2708 lingula
1296 2631 1389 2690 tenea
1426 2631 1546 2691 imbuta·
1576 2640 1621 2692 est
1652 2644 1799 2711 magnete.

403 2714 406 2719 ’
434 2715 649 2796 Quamcunque
673 2720 750 2778 enim
773 2722 803 2778 in
826 2721 976 2797 regionem
999 2727 1210 2798 transportetur
1232 2719 1294 2793 illa,
1316 2735 1432 2792 semper
1455 2718 1572 2796 pyxidis
1594 2720 1708 2797 lingula
1728 2740 1799 2800 sep·

434 2809 598 2865 tentriones
619 2815 744 2882 spectat.
781 2805 894 2883 ltaque,
920 2809 945 2867 si
968 2810 1128 2869 circumens
1152 2806 1303 2867 castellnm
1318 2804 1487 2883 quodpiam,
1511 2814 1631 2883 gostans
1646 2810 1798 2886 pyxidem,

434 2891 487 2951 list
508 2900 542 2952 ut
561 2892 625 2968 jam
648 2901 738 2971 capnt
756 2894 820 2970 jam
845 2894 940 2955 canda
963 2894 1090 2972 lingulae
1113 2902 1226 2972 spectet
1249 2892 1416 2966 castellum,
1441 2911 1476 2953 eo
1499 2896 1581 2970 ipso,
1606 2896 1685 2972 qnod
1709 2908 1799 2974 capnt

434 2996 554 3057 semper
577 2981 606 3038 in
630 2982 711 3041 omni
733 2991 816 3057 parte
842 2983 979 3043 circuitus
1001 2985 1215 3062 septentriones
1236 2987 1360 3059 spectat.

523 3066 613 3127 nitori
636 3068 800 3147 exemplum
827 3072 1053 3131 astronomicum
1075 3088 1165 3149 snpra
1185 3069 1261 3130 libro
1284 3069 1369 3129 tertio
1392 3068 1456 3142 luit,
1480 3069 1598 3146 qnando
1621 3087 1707 3132 axem
1723 3089 1798 3132 con-

433 3154 596 3216 volutionis
619 3156 755 3230 Telluris,
783 3158 898 3218 interim
922 3157 990 3218 dum
1013 3161 1211 3220 circumfertur
1226 3156 1328 3218 Tellus
1349 3158 1427 3217 circa
1447 3155 1556 3232 Solem,
1580 3157 1708 3221 diximus
1732 3179 1798 3221 ma-

435 3259 507 3305 nara
531 3245 559 3301 in
582 3243 686 3305 eodem
708 3251 855 3322 perpetuo
878 3248 936 3305 situ
959 3246 1111 3323 parallelo,
1135 3246 1186 3306 iol.
1211 3248 1285 3305 231.

525 3331 612 3409 Quos
643 3334 742 3408 ιφιιειι·
773 3349 882 3392 sensns
911 3334 1008 3394 badis
1029 3335 1201 3395 directam
1220 3333 1369 3410 librorum
1393 3336 1638 3409 mopneticornm
1661 3339 1799 3412 eorporis

429 3418 606 3494 plmetorii
626 3421 661 3477 in
684 3419 812 3479 amdam
833 3420 945 3479 mundi
964 3423 1091 3499 plepem
1114 3430 1175 3483 toto
1195 3421 1338 3496 planetae
1360 3420 1513 3478 circuitu?
1543 3420 1687 3497 Easdem,
1721 3440 1798 3501 qnae

433 3523 526 3584 snpra
548 3505 598 3565 lib.
623 3505 646 3566 1.
671 3505 722 3572 tol.
749 3509 821 3565 174.
850 3507 997 3570 indicatae
1025 3518 1109 3584 snut,
1139 3511 1246 3587 quibus
1270 3509 1333 3568 axis
1357 3506 1574 3567 convolutionis
1596 3507 1723 3569 Telluris
1747 3510 1798 3570 fir-

433 3600 539 3654 metur.
576 3592 654 3653 Nam
675 3596 770 3671 primo
795 3594 955 3672 parallelus
977 3596 1114 3657 fibrarum
1137 3601 1212 3657 situs
1227 3595 1408 3656 identitatem
1425 3595 1573 3671 quandam
1588 3606 1799 3674 repraesentat,

433 3697 514 3759 qnae
543 3682 627 3757 quies
658 3683 756 3758 potins
790 3689 850 3755 est,
881 3701 968 3760 qnam
991 3692 1098 3744 motus.
1146 3684 1244 3744 Causa
1266 3685 1353 3759 igitur
1375 3680 1455 3740 illins
1477 3698 1535 3741 non
1560 3682 1675 3743 videtur
1698 3685 1799 3762 aliqua

433 3770 571 3847 potentia
598 3769 740 3829 naturalis
772 3760 903 3846 positiva
933 3789 985 3831 seu
1020 3774 1132 3845 activa,
1165 3769 1217 3831 sed
1249 3771 1397 3846 privativa
1428 3770 1527 3845 potius
1562 3778 1659 3830 motus
1693 3776 1797 3833 omnis.

434 3855 544 3931 itaque
568 3854 685 3918 videtur
714 3855 767 3916 ilia
795 3858 939 3917 naturalis
970 3861 1073 3918 inertia
1100 3860 1240 3918 materiae
1268 3856 1305 3916 ad
1328 3863 1439 3915 nrotnm
1462 3855 1666 3932 figurationem
1688 3857 1797 3919 habere

433 3944 616 4005 rectilineum
638 3945 792 4015 intsmam,
818 3950 848 4004 et
869 3944 1030 4005 secundnm
1053 3945 1107 4005 has
1131 3945 1219 4005 libras
1242 3951 1377 4015 extensa,
1401 3949 1454 4000 aut
1476 3942 1704 4004 condensatione
1726 3962 1797 4021 par-

428 4029 513 4092 ‘tinm
537 4033 566 4089 in
588 4037 699 4092 rectum
723 4031 825 4091 tortior
848 4039 878 4091 et
900 4031 1126 4108 insuperabilior
1147 4031 1260 4091 reddita
1283 4047 1357 4089 esse.

527 4117 579 4178 Sin
602 4120 699 4178 minus
721 4118 779 4179 boc
803 4118 978 4179 verisimile:
1008 4122 1068 4179 sint
1091 4137 1160 4194 ergo
1183 4119 1337 4178 distinctae
1360 4114 1530 4190 doceamus,
1555 4120 1634 4195 prior
1656 4120 1797 4179 materiae

435 4206 547 4278 omnis,
580 4206 644 4267 sine
666 4206 841 4284 figuratione
864 4208 978 4268 intensa
1000 4207 1218 4281 consideratae,
1248 4222 1325 4282 quae
1347 4204 1403 4263 hoc
1425 4213 1556 4281 praestat
1578 4205 1733 4282 planctae,
1765 4215 1799 4267 nt

435 4292 488 4354 illa
511 4310 572 4353 non
595 4301 683 4354 exeat
703 4311 721 4354 ε
742 4294 809 4354 loco
832 4311 896 4368 suo,
920 4296 975 4353 nisi
990 4295 1162 4373 prolicietur
1177 4294 1216 4355 ab
1231 4296 1403 4365 extrinseco,
1426 4292 1538 4352 scilicet
1553 4312 1572 4352 a
1586 4293 1671 4353 Sole:
1693 4301 1797 4370 poste·

436 4382 498 4440 rior
521 4382 651 4458 eorporis
673 4380 838 4458 planetarii,
863 4390 895 4442 ut
917 4381 990 4442 iliud
1012 4391 1058 4443 est
1079 4385 1158 4443 intns
1172 4382 1327 4460 figuratum
1350 4379 1430 4439 tibris
1446 4381 1530 4439 rectis
1554 4397 1614 4457 qna
1628 4387 1711 4441 tutae
1725 4392 1795 4443 sunt

438 4466 511 4530 illae
533 4466 634 4537 flbrae,
656 4484 694 4528 ne
717 4487 735 4529 a
758 4470 1032 4545 circumgestatione
1048 4469 1368 4549 corporis'inciinentur
1382 4475 1434 4527 ant
1449 4470 1508 4526 situ
1523 4484 1579 4527 suo
1595 4478 1795 4532 amoveantur.

438 4556 578 4632 Denique
608 4554 732 4617 liberum
754 4558 793 4615 sit
815 4555 1093 4636 philosophantibus
1117 4559 1173 4619 hoc
1196 4560 1307 4636 ipsum,
1338 4554 1417 4632 qood
1440 4554 1504 4629 jum
1527 4554 1602 4630 dixi,
1631 4552 1796 4634 ἀιυεαμιαν

437 4641 627 4705 solummodo
650 4642 778 4717 delinire,
803 4661 841 4702 en
865 4649 994 4719 omnipo.

530 4729 577 4790 'sti
598 4730 679 4790 hono
700 4747 754 4791 sesa
777 4726 1012 4805 admuntensem
1036 4738 1158 4808 desuper
1178 4732 1282 4809 definis
1302 4732 1368 4793 solo
1390 4731 1519 4789 tuitione
1541 4727 1590 4790 sui
1613 4732 1697 4805 situs,
1722 4732 1799 4807 quid
1836 4753 1843 4769 ·

436 4822 464 4878 si
485 4835 559 4878 vero
587 4818 717 4878 asbmet
744 4818 865 4894 aliquid
891 4819 994 4893 alind,
1026 4828 1056 4881 et
1077 4826 1195 4894 ιυεαμις
1215 4823 1274 4879 isto
1295 4822 1441 4897 spectaret
1462 4825 1559 4878 metus
1581 4819 1702 4895 aliquos
1723 4820 1798 4877 coeli

437 4906 552 4966 ειειιαιε·
579 4905 833 4982 permensus
855 4905 905 4965 iib.
928 4906 952 4965 1.
975 4907 1025 4968 iol.
1052 4909 1128 4980 1⁷4,
1160 4925 1227 4968 cnm
1255 4908 1389 4981 quaestio
1413 4911 1491 4965 osset
1514 4904 1550 4966 de
1572 4923 1628 4965 axe
1651 4902 1796 4965 convoln-

438 4993 529 5053 tionls
552 4991 679 5053 Telluris
707 4992 840 5053 similiter
863 4994 1018 5067 immobili,
1046 5010 1219 5072 responsum
1242 5002 1301 5068 cst,
1330 5010 1380 5053 cnr
1402 4992 1461 5052 tale
1484 4992 1555 5070 quid
1578 5009 1635 5051 non
1659 4993 1795 5066 cogitan-

438 5079 509 5140 dum
532 5080 596 5140 site·
610 5082 682 5157 qnia
703 5080 814 5141 scilicet
837 5098 927 5141 cansa
948 5082 1030 5143 nulla
1051 5090 1139 5153 esset,
1163 5100 1215 5143 cnr
1236 5084 1265 5140 in
1287 5088 1427 5158 punctum
1451 5080 1525 5141 coeli
1543 5095 1669 5140 vacuom
1684 5079 1792 5153 potius,

438 5184 530 5247 qnam
552 5168 582 5226 in
605 5166 721 5228 stellam
743 5167 874 5246 aliquam
896 5169 1084 5247 dirigeretur,
1106 5177 1137 5230 et
1159 5187 1210 5231 cnr
1231 5171 1330 5246 potins
1353 5170 1382 5226 in
1404 5167 1481 5229 banc
1494 5174 1627 5256 partem,
1652 5180 1741 5241 qnam
1764 5165 1794 5222 in

437 5255 537 5333 illam,
561 5260 600 5324 ,et
628 5257 699 5340 qula
720 5255 778 5327 bae
800 5256 890 5322 fibrae
912 5257 1112 5340 planctuum,
1140 5273 1199 5321 non
1221 5257 1318 5319 minua
1340 5272 1429 5350 qnam
1451 5272 1540 5348 supra
1561 5256 1626 5328 anis
1648 5249 1794 5318 marolus
