4459 6275
463 798 527 861 stt
947 797 1103 886 ‘Epitorom
1120 797 1312 855 astronomiae

462 972 570 1049 Solem,
593 980 625 1035 at
645 975 741 1052 pergit
763 992 891 1037 uescere
915 977 1056 1038 velocitas
1069 979 1267 1056 provectionis
1290 979 1318 1034 in
1343 974 1491 1046 circulum,
1514 975 1625 1053 quippe
1645 972 1744 1033 adhue
1765 972 1815 1035 de·

459 1069 611 1147 ,murata
633 1062 698 1139 (per
720 1060 887 1142 aitracmm)
916 1065 1071 1126 intervallo
1102 1068 1178 1126 inter
1199 1065 1348 1144 planetam
1372 1074 1401 1124 et
1424 1060 1532 1123 Solem.
1577 1062 1664 1123 Haec
1685 1063 1815 1122 ceminio

464 1156 606 1209 attractus
629 1151 711 1209 initio
733 1159 801 1227 post
817 1151 839 1210 C
854 1168 929 1228 pene
951 1152 1033 1226 nihil,
1055 1171 1123 1213 mox
1147 1155 1241 1231 magis
1265 1160 1355 1228 atque
1377 1152 1471 1226 magis
1493 1151 1626 1224 sentitur,
1650 1165 1712 1226 quo
1726 1151 1816 1226 mqis

462 1238 579 1297 inimica
600 1237 737 1314 planetae
758 1255 826 1314 pars
855 1254 920 1298 sese
948 1243 1056 1300 exserit
1076 1241 1198 1318 Solique
1226 1238 1462 1316 conspiciendam
1484 1237 1624 1314 praebet,
1655 1254 1760 1298 versus
1783 1236 1816 1308 n,

463 1322 556 1385 donec
570 1328 693 1385 semisse
716 1327 853 1385 circuitus
868 1336 986 1402 peracto
1004 1329 1032 1385 in
1049 1329 1072 1387 ll
1087 1345 1201 1387 rursum
1224 1334 1378 1404 utrumque
1394 1325 1475 1402 globi
1499 1323 1712 1385 transvolantis
1727 1323 1817 1385 hemi·

462 1411 629 1488 sphaerium
652 1412 815 1488 aequaliter
836 1412 936 1474 Solem
957 1423 1085 1492 spectet,
1109 1424 1179 1476 tunc
1202 1417 1278 1475 enim
1301 1421 1398 1478 cesset
1420 1414 1513 1471 omnis
1536 1418 1680 1472 attractus
1702 1419 1734 1471 et
1754 1410 1817 1488 pla·

461 1508 531 1559 nete
560 1506 606 1560 est
632 1499 694 1560 Soli
720 1502 870 1576 proximus
902 1518 996 1578 euque
1025 1511 1055 1562 et
1084 1501 1301 1575 velocissimus,
1333 1504 1441 1579 quippe
1469 1501 1520 1576 qni
1548 1516 1614 1560 eum
1647 1498 1817 1558 deneism

462 1603 557 1663 euque
585 1593 615 1646 et
643 1588 802 1647 fortissima
832 1590 940 1649 virtute
968 1597 1124 1666 prensante
1152 1591 1333 1651 conflictatur
1367 1604 1462 1664 exque
1489 1604 1526 1646 ea
1555 1588 1757 1647 circumeunte
1788 1603 1816 1644 se

462 1676 614 1733 minimum
638 1677 768 1735 extricat.
1573 1744 1576 1749 ¹

551 1761 656 1822 Statim
679 1769 777 1823 autem
800 1761 906 1839 globus
929 1772 1147 1841 praetervectus
1169 1765 1248 1823 hunc
1269 1764 1383 1822 orbitae
1405 1778 1478 1821 suae
1500 1760 1599 1821 locum
1620 1760 1769 1821 Erereus
1784 1759 1813 1829 F,

464 1849 616 1925 quiajam
639 1849 751 1910 discors
773 1850 1020 1928 hemisphaerium
1044 1852 1075 1910 tit
1089 1852 1152 1911 Soli
1175 1851 1295 1928 propius
1319 1851 1414 1909 amico
1437 1849 1530 1908 altero
1550 1849 1709 1925 vergitque
1724 1849 1816 1924 magis

461 1945 552 2013 atque
581 1939 675 2013 magis
705 1936 743 1996 ed
765 1936 880 1997 Solem:
911 1940 1033 2016 planeta
1064 1942 1153 1999 ctiam
1176 1939 1278 2014 incipit
1300 1956 1317 1997 a
1340 1936 1410 1997 Sole
1434 1934 1561 2009 extrudi,
1597 1934 1684 1995 velut
1705 1952 1744 1994 ex
1766 1952 1816 1994 an·

421 2044 423 2049 ·
460 2025 591 2101 gustiore
613 2031 643 2084 et
666 2023 801 2084 densiore
823 2027 932 2102 speciei
946 2026 1058 2087 Solaria
1081 2027 1152 2086 orbe
1176 2028 1204 2083 in
1228 2024 1408 2100 ampliorem,
1432 2024 1571 2082 rariorem
1590 2030 1621 2081 et
1636 2021 1817 2094 dentitoren,

461 2110 540 2171 unde
570 2110 755 2171 decrementa
785 2114 873 2172 etiam
902 2122 999 2173 mutus
1023 2115 1086 2191 ejus
1108 2120 1270 2190 sequuntur
1293 2111 1382 2187 idque
1405 2112 1505 2170 ordine
1529 2110 1694 2183 conuario,
1729 2111 1817 2187 prime

460 2199 584 2272 leubus,
612 2205 681 2277 post
703 2199 727 2258 Ε
751 2216 854 2260 versus
877 2200 918 2272 F,
946 2201 1015 2260 inde
1042 2203 1093 2262 ubi
1123 2208 1218 2261 totum
1249 2199 1360 2258 discors
1381 2192 1630 2275 hemisphaerium
1654 2214 1710 2258 seu
1733 2196 1817 2275 plaga

461 2286 599 2347 librarum
629 2294 710 2346 recta
741 2288 769 2344 in
794 2287 892 2348 Solem
917 2287 1058 2365 dirigitur,
1089 2289 1180 2366 plaga
1203 2304 1273 2347 reru
1297 2288 1392 2345 amice
1412 2303 1431 2345 a
1453 2285 1522 2346 Sole
1545 2301 1653 2345 aversa
1675 2291 1739 2358 est,
1768 2302 1816 2344 er·

462 2373 582 2453 pellitur
603 2372 722 2451 planeta
747 2375 928 2449 citatissime,
951 2383 1048 2435 motus
1071 2395 1142 2437 raro
1161 2377 1224 2452 jem
1247 2390 1360 2434 rursum
1376 2372 1415 2433 ad
1429 2373 1661 2433 mediocritatem
1677 2371 1815 2448 eluguit

461 2460 496 2521 Id
518 2477 633 2520 rursum
654 2460 687 2520 iii
710 2463 786 2521 circa
809 2460 837 2520 t}
860 2462 1053 2539 quadrantem
1077 2466 1216 2524 circuitus
1238 2461 1372 2522 alterum.
1429 2458 1513 2521 Ultra
1535 2468 1679 2536 provecto
1700 2459 1817 2538 planeta

463 2564 565 2609 rursus
586 2547 626 2622 H,
650 2565 765 2608 mrsum
788 2553 914 2610 remittit
935 2550 1010 2610 haec
1032 2551 1177 2627 expulsio,
1201 2551 1294 2610 donec
1315 2550 1432 2625 penitus
1454 2556 1613 2608 ermereet
1636 2549 1666 2605 in
1689 2548 1736 2620 Α,
1757 2545 1818 2625 pls·

462 2643 531 2697 neta
554 2637 583 2694 ia
605 2639 760 2713 pristinam
784 2635 881 2696 lucum
905 2642 1040 2698 restituto
1064 2647 1093 2698 et
1115 2656 1134 2699 a
1156 2637 1226 2699 Sole
1249 2637 1419 2713 longissime
1441 2635 1574 2712 expulso.

550 2723 730 2784 Incredibile
752 2741 825 2783 uero
848 2733 903 2796 est,
933 2727 1109 2802 planetum,
1139 2726 1196 2784 huc
1216 2725 1353 2784 libertate
1371 2727 1538 2799 permissu,
1560 2721 1702 2783 ubeuiu'to
1723 2720 1817 2782 reden

460 2814 580 2871 reatitue'
600 2814 788 2872 recemum
809 2812 852 2870 od
873 2811 953 2871 idem
976 2813 1184 2873 interuallum.
1230 2811 1372 2871 Nimirum
1396 2810 1443 2869 hic
1464 2810 1582 2870 tandem
1604 2811 1755 2885 genuinus
1777 2818 1818 2868 eet

460 2898 543 2959 locus
567 2896 609 2957 illi
632 2900 814 2959 excusationi
835 2898 998 2959 Ptolemaei
1021 2917 1110 2976 snpra
1134 2906 1172 2971 (p.
1191 2909 1266 2967 337.)
1291 2899 1467 2974 descriptae,
1491 2897 1676 2957 admonentis
1701 2898 1812 2970 nonin

461 2985 544 3047 coelo
567 2985 640 3045 nihil
664 3003 824 3066 occurrere,
847 2985 926 3062 quod
949 2987 1090 3065 impediat
1112 2989 1258 3046 motiones
1282 2988 1387 3062 cuique
1411 2986 1528 3062 corpori·
1546 2984 1699 3045 naturales
1722 2981 1813 3062 quod-

462 3090 520 3151 que
546 3071 598 3132 illa
628 3077 712 3151 quasi
744 3093 762 3134 a
792 3076 903 3133 semitis
926 3076 987 3134 suis
1009 3076 1144 3134 aberrare
1167 3075 1265 3133 iaciat.
1310 3074 1415 3151 ltaque
1438 3076 1462 3132 ri
1485 3072 1565 3150 leges
1588 3079 1725 3132 motuum
1747 3070 1814 3132 talea

460 3169 606 3223 enatura
627 3172 696 3222 sunt
717 3165 878 3236 institutae,
901 3170 934 3222 ut
956 3162 1076 3240 planeta
1091 3164 1119 3219 in
1138 3180 1171 3222 se
1186 3164 1282 3238 ipsum
1305 3161 1405 3221 redeat
1427 3162 1627 3233 exactissime,
1657 3160 1711 3220 ilat
1733 3162 1814 3221 otiam

460 3250 517 3309 hoc
545 3252 721 3324 certissime,
751 3267 921 3328 quanquam
951 3254 1015 3310 sine
1046 3249 1236 3326 compedibus
1269 3250 1396 3319 orbium,
1426 3250 1454 3305 in
1484 3248 1577 3308 libero
1604 3248 1737 3309 aethere.
1781 3249 1815 3306 at

461 3345 530 3395 sunt
556 3338 598 3394 sio
629 3347 814 3414 comparatae
846 3337 940 3413 leges,
972 3356 1045 3414 quas
1075 3337 1290 3414 descripsimus.
1336 3336 1411 3396 Nam
1438 3336 1578 3412 aequales
1600 3343 1670 3395 sunt
1692 3338 1769 3394 inter
1788 3350 1814 3393 ae

461 3426 598 3484 semisses
621 3427 771 3498 circuitus,
796 3426 869 3485 aiter
893 3427 920 3482 in
945 3443 1003 3500 quo
1024 3425 1144 3502 planeta
1164 3424 1332 3494 attrahitur,
1363 3423 1492 3499 reliquus
1515 3417 1544 3481 in
1568 3440 1627 3499 quo
1651 3422 1813 3499 expeditum

462 3509 599 3588 aequalia
615 3510 869 3588 deprehenduntur
885 3514 1035 3588 utriusque
1059 3515 1188 3572 semissis
1212 3519 1357 3587 tempora3
1381 3513 1473 3569 virtus
1490 3528 1608 3586 quoque
1624 3509 1704 3569 Solis
1719 3508 1815 3569 eudem

462 3609 492 3659 et
513 3607 655 3675 perpetua
685 3607 742 3672 est,
774 3607 803 3658 et
826 3616 901 3674 quac
924 3600 1044 3658 attrahit
1067 3609 1096 3658 et
1119 3619 1195 3677 quae
1219 3599 1355 3676 expellit3
1387 3598 1547 3674 eademque
1577 3598 1642 3673 ejus
1671 3598 1816 3674 proportio

462 3687 500 3745 ad
528 3687 659 3745 inertiam
683 3687 819 3763 planetae
842 3703 957 3761 semper
980 3687 1118 3758 eandem,
1152 3690 1181 3743 in
1205 3704 1324 3763 corpore
1348 3689 1457 3762 qnippe
1480 3687 1619 3764 perenni:
1644 3687 1735 3761 igitur
1756 3694 1817 3743 tan·

462 3784 523 3833 tum
546 3773 660 3851 proficit
683 3792 842 3851 perunum
866 3776 1016 3834 semissem
1041 3773 1228 3843 attrahendo,
1253 3781 1394 3848 qnantum
1417 3792 1470 3850 per
1492 3773 1614 3833 alterum
1639 3770 1817 3848 expellendo.

462 3862 521 3920 Cur
551 3857 638 3935 igitur
669 3861 834 3921 diffidamus
864 3861 1017 3937 planetarii
1041 3863 1172 3938 corporis
1195 3859 1233 3920 ad
1255 3862 1407 3936 pristinum
1435 3860 1621 3920 intervallum
1644 3859 1817 3919 restitutioni

461 3951 537 4009 intra
560 3966 647 4008 urtam
671 3950 788 4027 quidem
812 3951 951 4025 temporis
974 3949 1152 4025 periodum?
1176 3948 1278 4007 Nonne
1293 3949 1381 4007 etiam
1398 3950 1425 4005 in
1442 3947 1488 4005 his
1503 3950 1625 4007 terrenis
1641 3956 1671 4006 et
1686 3945 1818 4006 violentis

461 4038 590 4096 motibus
611 4037 733 4097 mobilia
754 4045 926 4115 separantur
949 4037 986 4096 ab
1011 4053 1055 4109 eo,
1080 4036 1159 4112 quod
1183 4043 1279 4094 motus
1303 4052 1391 4094 causa
1413 4036 1476 4104 luit,
1501 4042 1534 4093 ut
1555 4037 1584 4092 in
1607 4035 1818 4111 scorpionibus,

461 4124 596 4197 ballistis,
619 4122 785 4201 catapultis,
809 4123 987 4196 bombardis,
1011 4122 1131 4183 lundis?
1154 4130 1183 4183 et
1202 4124 1261 4182 tela
1275 4127 1406 4198 projecta
1428 4122 1552 4180 liberum
1576 4127 1818 4188 tranantem,

456 4229 556 4288 neque
579 4220 677 4270 tamen
701 4210 752 4271 illa
772 4214 867 4271 minus
883 4211 1060 4271 destinatum
1082 4212 1181 4270 locum
1204 4212 1318 4278 ieriunt,
1342 4218 1467 4285 suntque
1491 4209 1632 4268 miraculo
1654 4207 1817 4285 sclopetarii

462 4305 490 4357 et
513 4298 673 4358 innditores
696 4299 803 4376 aliqui,
832 4298 1039 4358 collimationis
1063 4299 1228 4357 inimitabili
1252 4296 1449 4357 certitudine?
1482 4296 1514 4356 Si
1538 4297 1586 4355 hic
1607 4298 1724 4373 species
1747 4296 1819 4355 illiue

462 4393 573 4458 rnotus,
603 4389 652 4462 qui
673 4386 710 4445 ad
732 4394 910 4446 uramentum
932 4388 986 4445 luit
1007 4390 1036 4444 in
1060 4386 1227 4464 impellente
1251 4385 1379 4444 directus
1408 4387 1437 4442 in
1468 4392 1575 4443 certam
1598 4383 1738 4460 plagam,
1768 4385 1820 4442 im-

462 4489 563 4547 pressa
591 4475 620 4530 iu
655 4475 764 4534 mobile
796 4474 834 4534 ad
863 4474 952 4533 breve
981 4482 1096 4550 tempus
1125 4481 1154 4534 et
1183 4474 1324 4543 evanida,
1359 4480 1471 4530 tuntum
1498 4480 1609 4547 potest,
1644 4479 1677 4530 ut
1706 4470 1820 4540 mobile,

463 4559 602 4635 quamdiu
619 4561 707 4620 iertur
721 4580 741 4620 a
755 4564 852 4638 specie
867 4561 996 4619 nondum
1012 4564 1129 4638 penitus
1152 4561 1339 4637 elanguente,
1364 4561 1392 4617 in
1415 4558 1534 4636 plagam
1557 4557 1738 4618 destinatam
1760 4567 1820 4618 ten·

466 4645 534 4706 dere
557 4663 614 4705 nnn
639 4647 770 4708 desinat:
794 4655 905 4726 quanto
924 4648 1100 4709 firmioribus
1122 4648 1277 4725 praesidiis
1300 4648 1414 4705 munita
1437 4649 1492 4706 erit
1514 4645 1659 4708 certitudo
1681 4646 1821 4707 redituum

463 4732 653 4808 coelestium,
677 4754 752 4812 quos
774 4739 939 4811 gubernant
962 4738 1092 4797 internae
1117 4744 1145 4796 et
1168 4736 1255 4812 piane
1277 4732 1403 4795 cualliae
1427 4751 1521 4810 eoqne
1542 4750 1687 4810 perennes
1711 4733 1822 4794 mobilis

462 4823 503 4882 rei
527 4820 634 4893 fibrae,
665 4838 730 4882 curn
754 4822 814 4885 illie
835 4828 886 4883 aiir
909 4824 1037 4899 impactu
1070 4833 1100 4884 et
1128 4840 1249 4883 occursu
1273 4822 1371 4881 turbet
1393 4829 1508 4891 motus,
1539 4821 1587 4880 hie
1610 4821 1739 4881 aetheris
1760 4837 1822 4900 per-

462 4906 580 4969 meandi
603 4907 733 4969 densitas
756 4910 794 4969 ad
819 4911 955 4972 effectum
978 4911 1027 4971 rel
1050 4910 1232 4971 levissimum
1255 4909 1342 4986 plane
1364 4907 1446 4968 nulla
1467 4909 1530 4967 sit?

551 4996 657 5074 θωνα
685 4997 863 5059 libratim
892 4998 1083 5059 diemsorum
1105 5000 1307 5075 planetarum
1329 5015 1394 5055 aare
1417 4999 1545 5055 suntin
1568 4995 1673 5055 eodan
1693 5013 1824 5071 propor-

461 5085 544 5144 tione
564 5082 609 5144 od
628 5081 793 5145 &matius
813 5102 887 5146 auae
908 5086 1087 5159 mediocres,
1120 5086 1174 5146 hoc
1196 5093 1238 5145 eet
1259 5102 1357 5162 quare
1378 5087 1519 5145 menime
1542 5092 1584 5142 est
1607 5081 1759 5143 Mercurii
1779 5099 1823 5143 et·

461 5171 649 5237 enirm.
668 5177 749 5250 Μ
768 5171 859 5234 tiis-n
881 5169 1008 5244 Kortia,
1029 5180 1098 5250 poet
1120 5175 1203 5232 hunc
1226 5172 1374 5244 Saturni,
1398 5171 1501 5247 Jouie,
1531 5171 1673 5238 l'eliuris,
1696 5173 1822 5230 minim

434 5267 436 5274 '
460 5257 482 5324 t
661 5255 966 5348 ”um
988 5277 1081 5324 orm
1103 5267 1152 5323 est
1173 5259 1291 5323 diverse
1312 5258 1449 5322 librarum
1471 5258 1624 5339 tortitudo,
1646 5274 1700 5320 reu
1722 5265 1822 5322 uetrm
