<?xml version="1.0" encoding="UTF-8"?>
<!DOCTYPE html PUBLIC "-//W3C//DTD XHTML 1.0 Transitional//EN"
    "http://www.w3.org/TR/xhtml1/DTD/xhtml1-transitional.dtd">
<html xmlns="http://www.w3.org/1999/xhtml" xml:lang="en" lang="en">
 <head>
  <title>
</title>
<meta http-equiv="Content-Type" content="text/html;charset=utf-8" />
  <meta name='ocr-system' content='tesseract 3.04.00' />
  <meta name='ocr-capabilities' content='ocr_page ocr_carea ocr_par ocr_line ocrx_word'/>
</head>
<body>
  <div class='ocr_page' id='page_1' title='image "./joanniskepleria03frisgoog_0454.png"; bbox 0 0 4459 6275; ppageno 0'>
   <div class='ocr_carea' id='block_1_1' title="bbox 879 780 2587 867">
    <p class='ocr_par' dir='ltr' id='par_1_1' title="bbox 879 780 2587 867">
     <span class='ocr_line' id='line_1_1' title="bbox 879 780 2587 867; baseline -0.006 -20"><span class='ocrx_word' id='word_1_1' title='bbox 879 784 1006 847; x_wconf 73' lang='lat'><strong>442</strong></span> <span class='ocrx_word' id='word_1_2' title='bbox 1880 780 2167 867; x_wconf 80' lang='lat' dir='ltr'><strong>Epitomes</strong></span> <span class='ocrx_word' id='word_1_3' title='bbox 2199 780 2587 837; x_wconf 81' lang='lat' dir='ltr'><strong>Astronomiae</strong></span> 
     </span>
    </p>
   </div>
   <div class='ocr_carea' id='block_1_2' title="bbox 874 958 3589 1561">
    <p class='ocr_par' dir='ltr' id='par_1_2' title="bbox 874 958 3589 1561">
     <span class='ocr_line' id='line_1_2' title="bbox 878 958 3585 1041; baseline 0.001 -22"><span class='ocrx_word' id='word_1_4' title='bbox 878 961 1044 1041; x_wconf 80' lang='lat' dir='ltr'><strong>cibus</strong></span> <span class='ocrx_word' id='word_1_5' title='bbox 1087 958 1168 1019; x_wconf 90' lang='lat' dir='ltr'><strong>ad</strong></span> <span class='ocrx_word' id='word_1_6' title='bbox 1211 959 1466 1020; x_wconf 87' lang='lat' dir='ltr'><strong>theorias</strong></span> <span class='ocrx_word' id='word_1_7' title='bbox 1512 961 1846 1021; x_wconf 79' lang='lat' dir='ltr'><strong>manuarias</strong></span> <span class='ocrx_word' id='word_1_8' title='bbox 1889 960 2365 1034; x_wconf 88' lang='lat' dir='ltr'><strong>accommodatis,</strong></span> <span class='ocrx_word' id='word_1_9' title='bbox 2410 962 2470 1019; x_wconf 89' lang='lat' dir='ltr'><strong>in</strong></span> <span class='ocrx_word' id='word_1_10' title='bbox 2517 960 2730 1037; x_wconf 86' lang='lat' dir='ltr'><strong>quibus</strong></span> <span class='ocrx_word' id='word_1_11' title='bbox 2776 978 2891 1021; x_wconf 90' lang='lat' dir='ltr'><strong>non</strong></span> <span class='ocrx_word' id='word_1_12' title='bbox 2920 968 3121 1038; x_wconf 81' lang='lat' dir='ltr'><strong>potest</strong></span> <span class='ocrx_word' id='word_1_13' title='bbox 3162 963 3415 1039; x_wconf 77' lang='lat' dir='ltr'><strong>exprimi</strong></span> <span class='ocrx_word' id='word_1_14' title='bbox 3455 979 3585 1039; x_wconf 82' lang='lat' dir='ltr'><strong>pro·</strong></span> 
     </span>
     <span class='ocr_line' id='line_1_3' title="bbox 874 1046 3583 1125; baseline 0.001 -19"><span class='ocrx_word' id='word_1_15' title='bbox 874 1050 1068 1125; x_wconf 87' lang='lat' dir='ltr'><strong>portio</strong></span> <span class='ocrx_word' id='word_1_16' title='bbox 1113 1047 1271 1107; x_wconf 91' lang='lat' dir='ltr'><strong>orbis</strong></span> <span class='ocrx_word' id='word_1_17' title='bbox 1315 1047 1624 1124; x_wconf 79' lang='lat' dir='ltr'><strong>planetarii</strong></span> <span class='ocrx_word' id='word_1_18' title='bbox 1667 1046 1744 1106; x_wconf 90' lang='lat' dir='ltr'><strong>ad</strong></span> <span class='ocrx_word' id='word_1_19' title='bbox 1791 1048 1989 1108; x_wconf 90' lang='lat' dir='ltr'><strong>orbem</strong></span> <span class='ocrx_word' id='word_1_20' title='bbox 2035 1048 2278 1107; x_wconf 85' lang='lat' dir='ltr'><strong>fixarum</strong></span> <span class='ocrx_word' id='word_1_21' title='bbox 2325 1049 2609 1109; x_wconf 85' lang='lat' dir='ltr'><strong>immenso</strong></span> <span class='ocrx_word' id='word_1_22' title='bbox 2654 1048 2933 1121; x_wconf 80' lang='lat' dir='ltr'><strong>similem,</strong></span> <span class='ocrx_word' id='word_1_23' title='bbox 2988 1049 3151 1109; x_wconf 80' lang='lat' dir='ltr'><strong>linea</strong></span> <span class='ocrx_word' id='word_1_24' title='bbox 3192 1049 3347 1109; x_wconf 79' lang='lat' dir='ltr'><strong>haec</strong></span> <span class='ocrx_word' id='word_1_25' title='bbox 3390 1049 3583 1109; x_wconf 84' lang='lat' dir='ltr'><strong>defiui-</strong></span> 
     </span>
     <span class='ocr_line' id='line_1_4' title="bbox 876 1133 3585 1213; baseline 0.001 -18"><span class='ocrx_word' id='word_1_26' title='bbox 876 1144 986 1209; x_wconf 88' lang='lat' dir='ltr'><strong>tur,</strong></span> <span class='ocrx_word' id='word_1_27' title='bbox 1035 1134 1192 1211; x_wconf 89' lang='lat' dir='ltr'><strong>quod</strong></span> <span class='ocrx_word' id='word_1_28' title='bbox 1238 1136 1315 1195; x_wconf 90' lang='lat' dir='ltr'><strong>sit</strong></span> <span class='ocrx_word' id='word_1_29' title='bbox 1357 1142 1516 1195; x_wconf 81' lang='lat' dir='ltr'><strong>recta</strong></span> <span class='ocrx_word' id='word_1_30' title='bbox 1559 1133 1772 1195; x_wconf 87' lang='lat' dir='ltr'><strong>educta</strong></span> <span class='ocrx_word' id='word_1_31' title='bbox 1815 1152 1888 1195; x_wconf 87' lang='lat' dir='ltr'><strong>ex</strong></span> <span class='ocrx_word' id='word_1_32' title='bbox 1935 1143 2134 1195; x_wconf 88' lang='lat' dir='ltr'><strong>centro</strong></span> <span class='ocrx_word' id='word_1_33' title='bbox 2167 1134 2325 1197; x_wconf 88' lang='lat' dir='ltr'><strong>Solis</strong></span> <span class='ocrx_word' id='word_1_34' title='bbox 2370 1152 2556 1212; x_wconf 86' lang='lat' dir='ltr'><strong>nsque</strong></span> <span class='ocrx_word' id='word_1_35' title='bbox 2600 1136 2712 1195; x_wconf 89' lang='lat' dir='ltr'><strong>sub</strong></span> <span class='ocrx_word' id='word_1_36' title='bbox 2739 1136 2905 1211; x_wconf 85' lang='lat' dir='ltr'><strong>fixas,</strong></span> <span class='ocrx_word' id='word_1_37' title='bbox 2952 1136 3365 1213; x_wconf 70' lang='lat' dir='ltr'><strong>aequidistans</strong></span> <span class='ocrx_word' id='word_1_38' title='bbox 3406 1146 3585 1197; x_wconf 84' lang='lat' dir='ltr'><strong>rectae</strong></span> 
     </span>
     <span class='ocr_line' id='line_1_5' title="bbox 876 1221 3588 1301; baseline 0 -18"><span class='ocrx_word' id='word_1_39' title='bbox 876 1241 950 1283; x_wconf 87' lang='lat' dir='ltr'><strong>ex</strong></span> <span class='ocrx_word' id='word_1_40' title='bbox 996 1230 1192 1283; x_wconf 85' lang='lat' dir='ltr'><strong>centro</strong></span> <span class='ocrx_word' id='word_1_41' title='bbox 1239 1221 1489 1281; x_wconf 79' lang='lat' dir='ltr'><strong>Telluris</strong></span> <span class='ocrx_word' id='word_1_42' title='bbox 1533 1240 1637 1299; x_wconf 91' lang='lat' dir='ltr'><strong>per</strong></span> <span class='ocrx_word' id='word_1_43' title='bbox 1681 1239 1891 1299; x_wconf 89' lang='lat' dir='ltr'><strong>corpus</strong></span> <span class='ocrx_word' id='word_1_44' title='bbox 1935 1222 2208 1299; x_wconf 82' lang='lat' dir='ltr'><strong>planetae</strong></span> <span class='ocrx_word' id='word_1_45' title='bbox 2254 1222 2520 1283; x_wconf 81' lang='lat' dir='ltr'><strong>eductae.</strong></span> <span class='ocrx_word' id='word_1_46' title='bbox 2610 1223 2693 1283; x_wconf 90' lang='lat' dir='ltr'><strong>At</strong></span> <span class='ocrx_word' id='word_1_47' title='bbox 2736 1223 3059 1284; x_wconf 83' lang='lat' dir='ltr'><strong>seeundum</strong></span> <span class='ocrx_word' id='word_1_48' title='bbox 3100 1227 3187 1284; x_wconf 91' lang='lat' dir='ltr'><strong>rei</strong></span> <span class='ocrx_word' id='word_1_49' title='bbox 3220 1226 3411 1301; x_wconf 84' lang='lat' dir='ltr'><strong>ipsius</strong></span> <span class='ocrx_word' id='word_1_50' title='bbox 3454 1242 3588 1284; x_wconf 84' lang='lat' dir='ltr'><strong>eou-</strong></span> 
     </span>
     <span class='ocr_line' id='line_1_6' title="bbox 876 1309 3589 1389; baseline 0.001 -20"><span class='ocrx_word' id='word_1_51' title='bbox 876 1309 1156 1370; x_wconf 87' lang='lat' dir='ltr'><strong>ditionem</strong></span> <span class='ocrx_word' id='word_1_52' title='bbox 1187 1310 1368 1387; x_wconf 69' lang='lat' dir='ltr'><strong>(quia</strong></span> <span class='ocrx_word' id='word_1_53' title='bbox 1412 1310 1569 1369; x_wconf 86' lang='lat' dir='ltr'><strong>orbis</strong></span> <span class='ocrx_word' id='word_1_54' title='bbox 1614 1327 1879 1387; x_wconf 84' lang='lat' dir='ltr'><strong>magnus,</strong></span> <span class='ocrx_word' id='word_1_55' title='bbox 1929 1309 2178 1371; x_wconf 89' lang='lat' dir='ltr'><strong>collatus</strong></span> <span class='ocrx_word' id='word_1_56' title='bbox 2222 1309 2299 1369; x_wconf 86' lang='lat' dir='ltr'><strong>ad</strong></span> <span class='ocrx_word' id='word_1_57' title='bbox 2347 1310 2510 1379; x_wconf 82' lang='lat' dir='ltr'><strong>fixas,</strong></span> <span class='ocrx_word' id='word_1_58' title='bbox 2558 1319 2649 1370; x_wconf 78' lang='lat' dir='ltr'><strong>est</strong></span> <span class='ocrx_word' id='word_1_59' title='bbox 2692 1310 3071 1385; x_wconf 89' lang='lat' dir='ltr'><strong>insensibilis)</strong></span> <span class='ocrx_word' id='word_1_60' title='bbox 3118 1319 3211 1371; x_wconf 90' lang='lat' dir='ltr'><strong>est</strong></span> <span class='ocrx_word' id='word_1_61' title='bbox 3260 1320 3431 1373; x_wconf 82' lang='lat' dir='ltr'><strong>recta</strong></span> <span class='ocrx_word' id='word_1_62' title='bbox 3470 1315 3589 1389; x_wconf 81' lang='lat' dir='ltr'><strong>ipsa</strong></span> 
     </span>
     <span class='ocr_line' id='line_1_7' title="bbox 876 1396 3587 1476; baseline 0.001 -18"><span class='ocrx_word' id='word_1_63' title='bbox 876 1415 948 1458; x_wconf 84' lang='lat' dir='ltr'><strong>ex</strong></span> <span class='ocrx_word' id='word_1_64' title='bbox 994 1405 1190 1457; x_wconf 88' lang='lat' dir='ltr'><strong>centro</strong></span> <span class='ocrx_word' id='word_1_65' title='bbox 1237 1396 1492 1456; x_wconf 76' lang='lat' dir='ltr'><strong>Telluris</strong></span> <span class='ocrx_word' id='word_1_66' title='bbox 1535 1413 1639 1473; x_wconf 88' lang='lat' dir='ltr'><strong>per</strong></span> <span class='ocrx_word' id='word_1_67' title='bbox 1683 1399 1940 1474; x_wconf 87' lang='lat' dir='ltr'><strong>corporis</strong></span> <span class='ocrx_word' id='word_1_68' title='bbox 1985 1397 2260 1475; x_wconf 87' lang='lat' dir='ltr'><strong>planetae</strong></span> <span class='ocrx_word' id='word_1_69' title='bbox 2308 1405 2569 1458; x_wconf 86' lang='lat' dir='ltr'><strong>centrum</strong></span> <span class='ocrx_word' id='word_1_70' title='bbox 2615 1415 2800 1473; x_wconf 86' lang='lat' dir='ltr'><strong>usque</strong></span> <span class='ocrx_word' id='word_1_71' title='bbox 2831 1399 2942 1458; x_wconf 92' lang='lat' dir='ltr'><strong>sub</strong></span> <span class='ocrx_word' id='word_1_72' title='bbox 2972 1398 3121 1459; x_wconf 83' lang='lat' dir='ltr'><strong>fixas</strong></span> <span class='ocrx_word' id='word_1_73' title='bbox 3152 1397 3405 1476; x_wconf 76' lang='lat' dir='ltr'><strong>educta3</strong></span> <span class='ocrx_word' id='word_1_74' title='bbox 3448 1417 3587 1476; x_wconf 82' lang='lat' dir='ltr'><strong>quae</strong></span> 
     </span>
     <span class='ocr_line' id='line_1_8' title="bbox 874 1483 2670 1561; baseline 0.001 -17"><span class='ocrx_word' id='word_1_75' title='bbox 874 1485 974 1545; x_wconf 88' lang='lat' dir='ltr'><strong>ubi</strong></span> <span class='ocrx_word' id='word_1_76' title='bbox 1019 1487 1079 1543; x_wconf 89' lang='lat' dir='ltr'><strong>in</strong></span> <span class='ocrx_word' id='word_1_77' title='bbox 1124 1485 1272 1544; x_wconf 86' lang='lat' dir='ltr'><strong>fixas</strong></span> <span class='ocrx_word' id='word_1_78' title='bbox 1317 1484 1546 1558; x_wconf 79' lang='lat' dir='ltr'><strong>incidit,</strong></span> <span class='ocrx_word' id='word_1_79' title='bbox 1594 1486 1677 1545; x_wconf 92' lang='lat' dir='ltr'><strong>ibi</strong></span> <span class='ocrx_word' id='word_1_80' title='bbox 1713 1488 1918 1561; x_wconf 85' lang='lat' dir='ltr'><strong>signat</strong></span> <span class='ocrx_word' id='word_1_81' title='bbox 1964 1487 2156 1544; x_wconf 88' lang='lat' dir='ltr'><strong>visum</strong></span> <span class='ocrx_word' id='word_1_82' title='bbox 2200 1483 2409 1544; x_wconf 89' lang='lat' dir='ltr'><strong>sideris</strong></span> <span class='ocrx_word' id='word_1_83' title='bbox 2454 1485 2670 1546; x_wconf 90' lang='lat' dir='ltr'><strong>locum.</strong></span> 
     </span>
    </p>
   </div>
   <div class='ocr_carea' id='block_1_3' title="bbox 869 1582 3591 2283">
    <p class='ocr_par' dir='ltr' id='par_1_3' title="bbox 869 1582 3591 2283">
     <span class='ocr_line' id='line_1_9' title="bbox 1046 1582 3590 1655; baseline 0 -16"><span class='ocrx_word' id='word_1_84' title='bbox 1046 1586 1109 1640; x_wconf 90' lang='lat' dir='ltr'><strong>In</strong></span> <span class='ocrx_word' id='word_1_85' title='bbox 1143 1583 1421 1641; x_wconf 82' lang='lat' dir='ltr'><strong>schemate</strong></span> <span class='ocrx_word' id='word_1_86' title='bbox 1456 1584 1773 1652; x_wconf 86' lang='lat' dir='ltr'><strong>praemisso,</strong></span> <span class='ocrx_word' id='word_1_87' title='bbox 1812 1584 1885 1638; x_wconf 87' lang='lat' dir='ltr'><strong>sit</strong></span> <span class='ocrx_word' id='word_1_88' title='bbox 1909 1584 2020 1650; x_wconf 85' lang='lat' dir='ltr'><strong>Sol,</strong></span> <span class='ocrx_word' id='word_1_89' title='bbox 2058 1588 2307 1639; x_wconf 80' lang='lat' dir='ltr'><strong>centrum</strong></span> <span class='ocrx_word' id='word_1_90' title='bbox 2338 1582 2584 1651; x_wconf 81' lang='lat' dir='ltr'><strong>fixarum,</strong></span> <span class='ocrx_word' id='word_1_91' title='bbox 2618 1583 2677 1637; x_wconf 88' lang='lat' dir='ltr'><strong>in</strong></span> <span class='ocrx_word' id='word_1_92' title='bbox 2703 1582 2757 1651; x_wconf 91' lang='lat' dir='ltr'><strong>S,</strong></span> <span class='ocrx_word' id='word_1_93' title='bbox 2795 1583 2942 1638; x_wconf 87' lang='lat' dir='ltr'><strong>circa</strong></span> <span class='ocrx_word' id='word_1_94' title='bbox 2958 1597 3121 1652; x_wconf 84' lang='lat' dir='ltr'><strong>quem</strong></span> <span class='ocrx_word' id='word_1_95' title='bbox 3158 1583 3233 1639; x_wconf 85' lang='lat' dir='ltr'><strong>sit</strong></span> <span class='ocrx_word' id='word_1_96' title='bbox 3266 1582 3421 1639; x_wconf 77' lang='lat' dir='ltr'><strong>orbis</strong></span> <span class='ocrx_word' id='word_1_97' title='bbox 3454 1599 3590 1655; x_wconf 72' lang='lat' dir='ltr'><strong>nag-</strong></span> 
     </span>
     <span class='ocr_line' id='line_1_10' title="bbox 872 1660 3591 1731; baseline -0.001 -10"><span class='ocrx_word' id='word_1_98' title='bbox 872 1682 974 1721; x_wconf 90' lang='lat' dir='ltr'><strong>nus</strong></span> <span class='ocrx_word' id='word_1_99' title='bbox 1008 1665 1104 1721; x_wconf 90' lang='lat' dir='ltr'><strong>BT</strong></span> <span class='ocrx_word' id='word_1_100' title='bbox 1142 1671 1197 1718; x_wconf 92' lang='lat' dir='ltr'><strong>et</strong></span> <span class='ocrx_word' id='word_1_101' title='bbox 1229 1662 1399 1717; x_wconf 88' lang='lat' dir='ltr'><strong>Terra</strong></span> <span class='ocrx_word' id='word_1_102' title='bbox 1432 1663 1489 1719; x_wconf 90' lang='lat' dir='ltr'><strong>in</strong></span> <span class='ocrx_word' id='word_1_103' title='bbox 1525 1677 1618 1731; x_wconf 91' lang='lat' dir='ltr'><strong>eo;</strong></span> <span class='ocrx_word' id='word_1_104' title='bbox 1665 1670 1721 1717; x_wconf 90' lang='lat' dir='ltr'><strong>et</strong></span> <span class='ocrx_word' id='word_1_105' title='bbox 1758 1663 1830 1717; x_wconf 90' lang='lat' dir='ltr'><strong>sit</strong></span> <span class='ocrx_word' id='word_1_106' title='bbox 1865 1662 2009 1719; x_wconf 90' lang='lat' dir='ltr'><strong>circa</strong></span> <span class='ocrx_word' id='word_1_107' title='bbox 2051 1663 2200 1717; x_wconf 89' lang='lat' dir='ltr'><strong>hunc</strong></span> <span class='ocrx_word' id='word_1_108' title='bbox 2256 1661 2433 1717; x_wconf 86' lang='lat' dir='ltr'><strong>orbita</strong></span> <span class='ocrx_word' id='word_1_109' title='bbox 2466 1662 2699 1731; x_wconf 84' lang='lat' dir='ltr'><strong>alicujus</strong></span> <span class='ocrx_word' id='word_1_110' title='bbox 2746 1677 2817 1716; x_wconf 87' lang='lat' dir='ltr'><strong>ex</strong></span> <span class='ocrx_word' id='word_1_111' title='bbox 2862 1660 3237 1730; x_wconf 83' lang='lat' dir='ltr'><strong>superioribus</strong></span> <span class='ocrx_word' id='word_1_112' title='bbox 3270 1660 3446 1730; x_wconf 66' lang='lat' dir='ltr'><strong>AQR</strong></span> <span class='ocrx_word' id='word_1_113' title='bbox 3516 1664 3591 1717; x_wconf 75' lang='lat' dir='ltr'><strong>Sit</strong></span> 
     </span>
     <span class='ocr_line' id='line_1_11' title="bbox 870 1739 3589 1813; baseline -0.001 -15"><span class='ocrx_word' id='word_1_114' title='bbox 870 1745 1025 1800; x_wconf 89' lang='lat' dir='ltr'><strong>locus</strong></span> <span class='ocrx_word' id='word_1_115' title='bbox 1062 1743 1265 1798; x_wconf 85' lang='lat' dir='ltr'><strong>Terrae</strong></span> <span class='ocrx_word' id='word_1_116' title='bbox 1300 1740 1364 1808; x_wconf 90' lang='lat' dir='ltr'><strong>T,</strong></span> <span class='ocrx_word' id='word_1_117' title='bbox 1400 1741 1654 1809; x_wconf 88' lang='lat' dir='ltr'><strong>planetae</strong></span> <span class='ocrx_word' id='word_1_118' title='bbox 1689 1741 1754 1797; x_wconf 64' lang='lat' dir='ltr'><strong>R„</strong></span> <span class='ocrx_word' id='word_1_119' title='bbox 1828 1742 2099 1797; x_wconf 86' lang='lat' dir='ltr'><strong>Connexis</strong></span> <span class='ocrx_word' id='word_1_120' title='bbox 2135 1741 2301 1809; x_wconf 84' lang='lat' dir='ltr'><strong>igitur</strong></span> <span class='ocrx_word' id='word_1_121' title='bbox 2328 1741 2392 1811; x_wconf 92' lang='lat' dir='ltr'><strong>T,</strong></span> <span class='ocrx_word' id='word_1_122' title='bbox 2430 1741 2480 1794; x_wconf 89' lang='lat' dir='ltr'>R</span> <span class='ocrx_word' id='word_1_123' title='bbox 2516 1741 2688 1810; x_wconf 86' lang='lat' dir='ltr'><strong>signis</strong></span> <span class='ocrx_word' id='word_1_124' title='bbox 2724 1756 2824 1813; x_wconf 87' lang='lat' dir='ltr'><strong>per</strong></span> <span class='ocrx_word' id='word_1_125' title='bbox 2860 1747 3065 1795; x_wconf 88' lang='lat' dir='ltr'><strong>rectam</strong></span> <span class='ocrx_word' id='word_1_126' title='bbox 3088 1739 3188 1793; x_wconf 89' lang='lat' dir='ltr'><strong>TR</strong></span> <span class='ocrx_word' id='word_1_127' title='bbox 3224 1741 3589 1795; x_wconf 73' lang='lat' dir='ltr'><strong>continuatam</strong></span> 
     </span>
     <span class='ocr_line' id='line_1_12' title="bbox 872 1817 3591 1891; baseline -0.001 -15"><span class='ocrx_word' id='word_1_128' title='bbox 872 1837 1046 1891; x_wconf 87' lang='lat' dir='ltr'><strong>usque</strong></span> <span class='ocrx_word' id='word_1_129' title='bbox 1081 1822 1184 1877; x_wconf 90' lang='lat' dir='ltr'><strong>sub</strong></span> <span class='ocrx_word' id='word_1_130' title='bbox 1220 1820 1357 1875; x_wconf 83' lang='lat' dir='ltr'><strong>fixas</strong></span> <span class='ocrx_word' id='word_1_131' title='bbox 1394 1821 1468 1888; x_wconf 88' lang='lat' dir='ltr'><strong>N,</strong></span> <span class='ocrx_word' id='word_1_132' title='bbox 1516 1821 1673 1889; x_wconf 90' lang='lat' dir='ltr'><strong>eique</strong></span> <span class='ocrx_word' id='word_1_133' title='bbox 1711 1820 1877 1875; x_wconf 82' lang='lat' dir='ltr'><strong>ducta</strong></span> <span class='ocrx_word' id='word_1_134' title='bbox 1911 1818 2173 1889; x_wconf 80' lang='lat' dir='ltr'><strong>parallela</strong></span> <span class='ocrx_word' id='word_1_135' title='bbox 2219 1835 2289 1874; x_wconf 87' lang='lat' dir='ltr'><strong>ex</strong></span> <span class='ocrx_word' id='word_1_136' title='bbox 2326 1820 2362 1874; x_wconf 92' lang='lat' dir='ltr'>S</span> <span class='ocrx_word' id='word_1_137' title='bbox 2401 1819 2555 1888; x_wconf 88' lang='lat' dir='ltr'><strong>Sole,</strong></span> <span class='ocrx_word' id='word_1_138' title='bbox 2605 1836 2747 1889; x_wconf 88' lang='lat' dir='ltr'><strong>quae</strong></span> <span class='ocrx_word' id='word_1_139' title='bbox 2786 1820 2859 1874; x_wconf 91' lang='lat' dir='ltr'><strong>sit</strong></span> <span class='ocrx_word' id='word_1_140' title='bbox 2894 1818 3008 1887; x_wconf 90' lang='lat' dir='ltr'><strong>SL,</strong></span> <span class='ocrx_word' id='word_1_141' title='bbox 3058 1818 3165 1873; x_wconf 91' lang='lat' dir='ltr'><strong>erit</strong></span> <span class='ocrx_word' id='word_1_142' title='bbox 3198 1817 3423 1887; x_wconf 79' lang='lat' dir='ltr'><strong>quidem</strong></span> <span class='ocrx_word' id='word_1_143' title='bbox 3464 1818 3591 1872; x_wconf 79' lang='lat' dir='ltr'><strong>haee</strong></span> 
     </span>
     <span class='ocr_line' id='line_1_13' title="bbox 874 1895 3591 1966; baseline -0.002 -10"><span class='ocrx_word' id='word_1_144' title='bbox 874 1902 959 1957; x_wconf 87' lang='lat' dir='ltr'><strong>SL</strong></span> <span class='ocrx_word' id='word_1_145' title='bbox 995 1901 1049 1955; x_wconf 90' lang='lat' dir='ltr'><strong>iu</strong></span> <span class='ocrx_word' id='word_1_146' title='bbox 1087 1900 1313 1956; x_wconf 89' lang='lat' dir='ltr'><strong>theoriis</strong></span> <span class='ocrx_word' id='word_1_147' title='bbox 1353 1900 1638 1955; x_wconf 86' lang='lat' dir='ltr'><strong>manuariis</strong></span> <span class='ocrx_word' id='word_1_148' title='bbox 1674 1898 1820 1953; x_wconf 87' lang='lat' dir='ltr'><strong>linea</strong></span> <span class='ocrx_word' id='word_1_149' title='bbox 1856 1898 2172 1966; x_wconf 87' lang='lat' dir='ltr'><strong>apparentis</strong></span> <span class='ocrx_word' id='word_1_150' title='bbox 2209 1903 2390 1952; x_wconf 89' lang='lat' dir='ltr'><strong>motus</strong></span> <span class='ocrx_word' id='word_1_151' title='bbox 2427 1897 2681 1966; x_wconf 86' lang='lat' dir='ltr'><strong>planetae</strong></span> <span class='ocrx_word' id='word_1_152' title='bbox 2716 1899 2772 1953; x_wconf 90' lang='lat' dir='ltr'><strong>in</strong></span> <span class='ocrx_word' id='word_1_153' title='bbox 2809 1898 2861 1955; x_wconf 87' lang='lat' dir='ltr'><strong>R</strong></span> <span class='ocrx_word' id='word_1_154' title='bbox 2894 1895 3013 1961; x_wconf 85' lang='lat' dir='ltr'><strong>siti,</strong></span> <span class='ocrx_word' id='word_1_155' title='bbox 3067 1905 3126 1950; x_wconf 89' lang='lat' dir='ltr'><strong>at</strong></span> <span class='ocrx_word' id='word_1_156' title='bbox 3160 1896 3217 1950; x_wconf 92' lang='lat' dir='ltr'><strong>in</strong></span> <span class='ocrx_word' id='word_1_157' title='bbox 3253 1896 3337 1953; x_wconf 86' lang='lat' dir='ltr'><strong>rei</strong></span> <span class='ocrx_word' id='word_1_158' title='bbox 3374 1897 3591 1951; x_wconf 77' lang='lat' dir='ltr'><strong>veritate</strong></span> 
     </span>
     <span class='ocr_line' id='line_1_14' title="bbox 871 1972 3591 2050; baseline -0.002 -15"><span class='ocrx_word' id='word_1_159' title='bbox 871 1982 990 2050; x_wconf 86' lang='lat' dir='ltr'><strong>ipsa</strong></span> <span class='ocrx_word' id='word_1_160' title='bbox 1025 1980 1174 2035; x_wconf 88' lang='lat' dir='ltr'><strong>TRN</strong></span> <span class='ocrx_word' id='word_1_161' title='bbox 1211 1980 1314 2035; x_wconf 89' lang='lat' dir='ltr'><strong>erit</strong></span> <span class='ocrx_word' id='word_1_162' title='bbox 1347 1977 1492 2033; x_wconf 88' lang='lat' dir='ltr'><strong>linea</strong></span> <span class='ocrx_word' id='word_1_163' title='bbox 1529 1979 1696 2033; x_wconf 82' lang='lat' dir='ltr'><strong>visiva</strong></span> <span class='ocrx_word' id='word_1_164' title='bbox 1729 1978 1983 2046; x_wconf 87' lang='lat' dir='ltr'><strong>planetae</strong></span> <span class='ocrx_word' id='word_1_165' title='bbox 2020 1977 2088 2032; x_wconf 88' lang='lat' dir='ltr'><strong>R.</strong></span> <span class='ocrx_word' id='word_1_166' title='bbox 2158 1976 2235 2030; x_wconf 87' lang='lat' dir='ltr'><strong>Et</strong></span> <span class='ocrx_word' id='word_1_167' title='bbox 2271 1977 2398 2045; x_wconf 84' lang='lat' dir='ltr'><strong>quia</strong></span> <span class='ocrx_word' id='word_1_168' title='bbox 2434 1976 2537 2047; x_wconf 90' lang='lat' dir='ltr'><strong>TS,</strong></span> <span class='ocrx_word' id='word_1_169' title='bbox 2574 1976 2919 2032; x_wconf 86' lang='lat' dir='ltr'><strong>intervallum</strong></span> <span class='ocrx_word' id='word_1_170' title='bbox 2955 1974 3097 2029; x_wconf 86' lang='lat' dir='ltr'><strong>Solis</strong></span> <span class='ocrx_word' id='word_1_171' title='bbox 3136 1982 3193 2029; x_wconf 87' lang='lat' dir='ltr'><strong>et</strong></span> <span class='ocrx_word' id='word_1_172' title='bbox 3226 1972 3449 2043; x_wconf 80' lang='lat' dir='ltr'><strong>Terrae,</strong></span> <span class='ocrx_word' id='word_1_173' title='bbox 3492 1992 3591 2030; x_wconf 88' lang='lat' dir='ltr'><strong>non</strong></span> 
     </span>
     <span class='ocr_line' id='line_1_15' title="bbox 871 2052 3590 2123; baseline -0 -11"><span class='ocrx_word' id='word_1_174' title='bbox 871 2064 956 2112; x_wconf 88' lang='lat' dir='ltr'><strong>est</strong></span> <span class='ocrx_word' id='word_1_175' title='bbox 989 2056 1246 2113; x_wconf 87' lang='lat' dir='ltr'><strong>sensibile</strong></span> <span class='ocrx_word' id='word_1_176' title='bbox 1283 2057 1536 2113; x_wconf 86' lang='lat' dir='ltr'><strong>collatum</strong></span> <span class='ocrx_word' id='word_1_177' title='bbox 1583 2057 1654 2111; x_wconf 91' lang='lat' dir='ltr'><strong>ad</strong></span> <span class='ocrx_word' id='word_1_178' title='bbox 1691 2056 1776 2110; x_wconf 87' lang='lat' dir='ltr'><strong>SL</strong></span> <span class='ocrx_word' id='word_1_179' title='bbox 1813 2055 1894 2110; x_wconf 77' lang='lat' dir='ltr'><strong>vel</strong></span> <span class='ocrx_word' id='word_1_180' title='bbox 1933 2056 2058 2123; x_wconf 91' lang='lat' dir='ltr'><strong>TN,</strong></span> <span class='ocrx_word' id='word_1_181' title='bbox 2107 2056 2419 2111; x_wconf 83' lang='lat' dir='ltr'><strong>distantiam</strong></span> <span class='ocrx_word' id='word_1_182' title='bbox 2474 2056 2733 2121; x_wconf 86' lang='lat' dir='ltr'><strong>fixarum,</strong></span> <span class='ocrx_word' id='word_1_183' title='bbox 2778 2056 2902 2113; x_wconf 89' lang='lat' dir='ltr'><strong>ideo</strong></span> <span class='ocrx_word' id='word_1_184' title='bbox 2960 2060 3071 2108; x_wconf 84' lang='lat' dir='ltr'><strong>tam</strong></span> <span class='ocrx_word' id='word_1_185' title='bbox 3108 2052 3259 2109; x_wconf 85' lang='lat' dir='ltr'><strong>TRN</strong></span> <span class='ocrx_word' id='word_1_186' title='bbox 3312 2070 3476 2123; x_wconf 87' lang='lat' dir='ltr'><strong>quam</strong></span> <span class='ocrx_word' id='word_1_187' title='bbox 3510 2054 3590 2111; x_wconf 70' lang='lat'><strong>81,</strong></span> 
     </span>
     <span class='ocr_line' id='line_1_16' title="bbox 869 2133 3591 2203; baseline 0 -13"><span class='ocrx_word' id='word_1_188' title='bbox 869 2135 1218 2190; x_wconf 69' lang='lat' dir='ltr'><strong>continuatae</strong></span> <span class='ocrx_word' id='word_1_189' title='bbox 1271 2135 1473 2190; x_wconf 88' lang='lat' dir='ltr'><strong>cadunt</strong></span> <span class='ocrx_word' id='word_1_190' title='bbox 1515 2134 1572 2187; x_wconf 91' lang='lat' dir='ltr'><strong>in</strong></span> <span class='ocrx_word' id='word_1_191' title='bbox 1616 2133 1812 2199; x_wconf 58' lang='lat' dir='ltr'><strong>locum,</strong></span> <span class='ocrx_word' id='word_1_192' title='bbox 1866 2134 2132 2203; x_wconf 84' lang='lat' dir='ltr'><strong>sphaerae</strong></span> <span class='ocrx_word' id='word_1_193' title='bbox 2175 2133 2409 2188; x_wconf 82' lang='lat' dir='ltr'><strong>fixarum</strong></span> <span class='ocrx_word' id='word_1_194' title='bbox 2458 2134 2527 2189; x_wconf 92' lang='lat' dir='ltr'><strong>ad</strong></span> <span class='ocrx_word' id='word_1_195' title='bbox 2574 2150 2793 2190; x_wconf 85' lang='lat' dir='ltr'><strong>sensum</strong></span> <span class='ocrx_word' id='word_1_196' title='bbox 2845 2134 3103 2203; x_wconf 86' lang='lat' dir='ltr'><strong>eundem;</strong></span> <span class='ocrx_word' id='word_1_197' title='bbox 3160 2150 3289 2189; x_wconf 84' lang='lat' dir='ltr'><strong>nam</strong></span> <span class='ocrx_word' id='word_1_198' title='bbox 3342 2134 3591 2191; x_wconf 74' lang='lat' dir='ltr'><strong>distantia</strong></span> 
     </span>
     <span class='ocr_line' id='line_1_17' title="bbox 871 2211 3585 2283; baseline 0 -16"><span class='ocrx_word' id='word_1_199' title='bbox 871 2220 1195 2283; x_wconf 84' lang='lat' dir='ltr'><strong>punctorum</strong></span> <span class='ocrx_word' id='word_1_200' title='bbox 1228 2214 1295 2283; x_wconf 88' lang='lat' dir='ltr'><strong>N,</strong></span> <span class='ocrx_word' id='word_1_201' title='bbox 1333 2214 1405 2282; x_wconf 91' lang='lat' dir='ltr'><strong>L,</strong></span> <span class='ocrx_word' id='word_1_202' title='bbox 1442 2214 1499 2268; x_wconf 88' lang='lat' dir='ltr'><strong>in</strong></span> <span class='ocrx_word' id='word_1_203' title='bbox 1537 2226 1678 2282; x_wconf 84' lang='lat' dir='ltr'><strong>quae</strong></span> <span class='ocrx_word' id='word_1_204' title='bbox 1701 2211 1946 2267; x_wconf 87' lang='lat' dir='ltr'><strong>incidunt</strong></span> <span class='ocrx_word' id='word_1_205' title='bbox 1968 2212 2073 2266; x_wconf 89' lang='lat' dir='ltr'><strong>hae</strong></span> <span class='ocrx_word' id='word_1_206' title='bbox 2099 2211 2422 2280; x_wconf 88' lang='lat' dir='ltr'><strong>parallelae,</strong></span> <span class='ocrx_word' id='word_1_207' title='bbox 2458 2230 2568 2268; x_wconf 91' lang='lat' dir='ltr'><strong>non</strong></span> <span class='ocrx_word' id='word_1_208' title='bbox 2607 2224 2689 2269; x_wconf 89' lang='lat' dir='ltr'><strong>est</strong></span> <span class='ocrx_word' id='word_1_209' title='bbox 2723 2215 2780 2268; x_wconf 90' lang='lat' dir='ltr'><strong>in</strong></span> <span class='ocrx_word' id='word_1_210' title='bbox 2817 2214 2989 2269; x_wconf 88' lang='lat' dir='ltr'><strong>Terra</strong></span> <span class='ocrx_word' id='word_1_211' title='bbox 3024 2212 3331 2283; x_wconf 85' lang='lat' dir='ltr'><strong>sensibilis,</strong></span> <span class='ocrx_word' id='word_1_212' title='bbox 3368 2212 3465 2268; x_wconf 83' lang='lat' dir='ltr'><strong>sed</strong></span> <span class='ocrx_word' id='word_1_213' title='bbox 3498 2213 3585 2267; x_wconf 71' lang='lat' dir='ltr'><strong>lra-</strong></span> 
     </span>
    </p>
   </div>
   <div class='ocr_carea' id='block_1_4' title="bbox 870 2295 1563 2362">
    <p class='ocr_par' dir='ltr' id='par_1_4' title="bbox 870 2295 1563 2362">
     <span class='ocr_line' id='line_1_18' title="bbox 870 2295 1563 2362; baseline -0.004 -13"><span class='ocrx_word' id='word_1_214' title='bbox 870 2295 1032 2349; x_wconf 84' lang='lat' dir='ltr'><strong>betur</strong></span> <span class='ocrx_word' id='word_1_215' title='bbox 1063 2309 1163 2361; x_wconf 89' lang='lat' dir='ltr'><strong>pro</strong></span> <span class='ocrx_word' id='word_1_216' title='bbox 1198 2308 1306 2347; x_wconf 88' lang='lat' dir='ltr'><strong>uno</strong></span> <span class='ocrx_word' id='word_1_217' title='bbox 1342 2300 1563 2362; x_wconf 88' lang='lat' dir='ltr'><strong>puncto.</strong></span> 
     </span>
    </p>
   </div>
   <div class='ocr_carea' id='block_1_5' title="bbox 867 2397 3589 3090">
    <p class='ocr_par' dir='ltr' id='par_1_5' title="bbox 867 2397 3589 3090">
     <span class='ocr_line' id='line_1_19' title="bbox 1048 2397 3581 2479; baseline -0.001 -18"><span class='ocrx_word' id='word_1_218' title='bbox 1048 2401 1185 2479; x_wconf 77' lang='lat' dir='ltr'><strong>Quo</strong></span> <span class='ocrx_word' id='word_1_219' title='bbox 1227 2402 1452 2462; x_wconf 78' lang='lat' dir='ltr'><strong>indicio</strong></span> <span class='ocrx_word' id='word_1_220' title='bbox 1494 2404 1715 2460; x_wconf 81' lang='lat' dir='ltr'><strong>scimus</strong></span> <span class='ocrx_word' id='word_1_221' title='bbox 1780 2404 1849 2459; x_wconf 79' lang='lat' dir='ltr'><strong>in</strong></span> <span class='ocrx_word' id='word_1_222' title='bbox 1890 2400 2308 2477; x_wconf 76' lang='lat' dir='ltr'><strong>hypothesibus</strong></span> <span class='ocrx_word' id='word_1_223' title='bbox 2359 2397 2706 2475; x_wconf 63' lang='lat' dir='ltr'><strong>nopes-neci,</strong></span> <span class='ocrx_word' id='word_1_224' title='bbox 2760 2400 3083 2476; x_wconf 78' lang='lat' dir='ltr'><strong>planetam</strong></span> <span class='ocrx_word' id='word_1_225' title='bbox 3140 2400 3415 2477; x_wconf 75' lang='lat' dir='ltr'><strong>aliquem</strong></span> <span class='ocrx_word' id='word_1_226' title='bbox 3471 2416 3581 2458; x_wconf 67' lang='lat' dir='ltr'><strong>eae</strong></span> 
     </span>
     <span class='ocr_line' id='line_1_20' title="bbox 869 2484 3587 2564; baseline 0 -17"><span class='ocrx_word' id='word_1_227' title='bbox 869 2488 1196 2563; x_wconf 77' lang='lat' dir='ltr'><strong>directum,</strong></span> <span class='ocrx_word' id='word_1_228' title='bbox 1259 2492 1696 2549; x_wconf 76' lang='lat' dir='ltr'><strong>stationarium</strong></span> <span class='ocrx_word' id='word_1_229' title='bbox 1753 2488 1846 2547; x_wconf 82' lang='lat' dir='ltr'><strong>vel</strong></span> <span class='ocrx_word' id='word_1_230' title='bbox 1907 2486 2385 2564; x_wconf 76' lang='lat' dir='ltr'><strong>retroyradum?</strong></span> <span class='ocrx_word' id='word_1_231' title='bbox 2469 2485 2749 2560; x_wconf 87' lang='lat' dir='ltr'><strong>Planeta,</strong></span> <span class='ocrx_word' id='word_1_232' title='bbox 2808 2488 3174 2564; x_wconf 83' lang='lat' dir='ltr'><strong>superiorum</strong></span> <span class='ocrx_word' id='word_1_233' title='bbox 3238 2496 3301 2546; x_wconf 91' lang='lat' dir='ltr'><strong>et</strong></span> <span class='ocrx_word' id='word_1_234' title='bbox 3362 2484 3587 2547; x_wconf 82' lang='lat' dir='ltr'><strong>Tellure</strong></span> 
     </span>
     <span class='ocr_line' id='line_1_21' title="bbox 870 2572 3589 2650; baseline -0.001 -14"><span class='ocrx_word' id='word_1_235' title='bbox 870 2575 1189 2636; x_wconf 85' lang='lat' dir='ltr'><strong>tardiorum</strong></span> <span class='ocrx_word' id='word_1_236' title='bbox 1237 2594 1406 2649; x_wconf 90' lang='lat' dir='ltr'><strong>unus,</strong></span> <span class='ocrx_word' id='word_1_237' title='bbox 1456 2585 1593 2635; x_wconf 89' lang='lat' dir='ltr'><strong>tune</strong></span> <span class='ocrx_word' id='word_1_238' title='bbox 1637 2575 1869 2634; x_wconf 85' lang='lat' dir='ltr'><strong>videtur</strong></span> <span class='ocrx_word' id='word_1_239' title='bbox 1916 2593 2045 2634; x_wconf 88' lang='lat' dir='ltr'><strong>esse</strong></span> <span class='ocrx_word' id='word_1_240' title='bbox 2093 2575 2363 2648; x_wconf 89' lang='lat' dir='ltr'><strong>directus,</strong></span> <span class='ocrx_word' id='word_1_241' title='bbox 2412 2573 2647 2650; x_wconf 87' lang='lat' dir='ltr'><strong>quando</strong></span> <span class='ocrx_word' id='word_1_242' title='bbox 2696 2576 3090 2650; x_wconf 89' lang='lat' dir='ltr'><strong>proximorum</strong></span> <span class='ocrx_word' id='word_1_243' title='bbox 3138 2573 3367 2634; x_wconf 86' lang='lat' dir='ltr'><strong>dierum</strong></span> <span class='ocrx_word' id='word_1_244' title='bbox 3412 2572 3589 2633; x_wconf 80' lang='lat' dir='ltr'><strong>lineae</strong></span> 
     </span>
     <span class='ocr_line' id='line_1_22' title="bbox 875 2660 3588 2741; baseline -0.001 -18"><span class='ocrx_word' id='word_1_245' title='bbox 875 2665 1107 2723; x_wconf 86' lang='lat' dir='ltr'><strong>visivae</strong></span> <span class='ocrx_word' id='word_1_246' title='bbox 1153 2681 1256 2725; x_wconf 90' lang='lat' dir='ltr'><strong>seu</strong></span> <span class='ocrx_word' id='word_1_247' title='bbox 1302 2663 1497 2725; x_wconf 88' lang='lat' dir='ltr'><strong>lineae</strong></span> <span class='ocrx_word' id='word_1_248' title='bbox 1544 2664 1880 2741; x_wconf 86' lang='lat' dir='ltr'><strong>apparentis</strong></span> <span class='ocrx_word' id='word_1_249' title='bbox 1927 2669 2120 2721; x_wconf 89' lang='lat' dir='ltr'><strong>motus</strong></span> <span class='ocrx_word' id='word_1_250' title='bbox 2165 2661 2440 2739; x_wconf 90' lang='lat' dir='ltr'><strong>planetae</strong></span> <span class='ocrx_word' id='word_1_251' title='bbox 2484 2678 2613 2721; x_wconf 88' lang='lat' dir='ltr'><strong>sese</strong></span> <span class='ocrx_word' id='word_1_252' title='bbox 2657 2670 2863 2721; x_wconf 89' lang='lat' dir='ltr'><strong>mutuo</strong></span> <span class='ocrx_word' id='word_1_253' title='bbox 2909 2668 3109 2722; x_wconf 82' lang='lat' dir='ltr'><strong>secant</strong></span> <span class='ocrx_word' id='word_1_254' title='bbox 3158 2664 3317 2721; x_wconf 89' lang='lat' dir='ltr'><strong>intra</strong></span> <span class='ocrx_word' id='word_1_255' title='bbox 3360 2660 3588 2720; x_wconf 78' lang='lat' dir='ltr'><strong>Terram</strong></span> 
     </span>
     <span class='ocr_line' id='line_1_23' title="bbox 868 2747 3588 2829; baseline -0.001 -18"><span class='ocrx_word' id='word_1_256' title='bbox 868 2760 927 2811; x_wconf 90' lang='lat' dir='ltr'><strong>et</strong></span> <span class='ocrx_word' id='word_1_257' title='bbox 985 2750 1309 2828; x_wconf 87' lang='lat' dir='ltr'><strong>planetam,</strong></span> <span class='ocrx_word' id='word_1_258' title='bbox 1373 2752 1467 2812; x_wconf 86' lang='lat' dir='ltr'><strong>vel</strong></span> <span class='ocrx_word' id='word_1_259' title='bbox 1525 2752 1585 2809; x_wconf 89' lang='lat' dir='ltr'><strong>in</strong></span> <span class='ocrx_word' id='word_1_260' title='bbox 1632 2757 1830 2809; x_wconf 88' lang='lat' dir='ltr'><strong>centro</strong></span> <span class='ocrx_word' id='word_1_261' title='bbox 1877 2748 2120 2822; x_wconf 86' lang='lat' dir='ltr'><strong>Terrae,</strong></span> <span class='ocrx_word' id='word_1_262' title='bbox 2187 2749 2282 2808; x_wconf 88' lang='lat' dir='ltr'><strong>vel</strong></span> <span class='ocrx_word' id='word_1_263' title='bbox 2328 2756 2479 2807; x_wconf 90' lang='lat' dir='ltr'><strong>retro</strong></span> <span class='ocrx_word' id='word_1_264' title='bbox 2524 2747 2800 2829; x_wconf 88' lang='lat' dir='ltr'><strong>Terram,</strong></span> <span class='ocrx_word' id='word_1_265' title='bbox 2858 2750 2918 2807; x_wconf 89' lang='lat' dir='ltr'><strong>in</strong></span> <span class='ocrx_word' id='word_1_266' title='bbox 2974 2748 3214 2827; x_wconf 80' lang='lat' dir='ltr'><strong>plagam</strong></span> <span class='ocrx_word' id='word_1_267' title='bbox 3278 2766 3317 2809; x_wconf 87' lang='lat' dir='ltr'><strong>a</strong></span> <span class='ocrx_word' id='word_1_268' title='bbox 3359 2748 3588 2827; x_wconf 85' lang='lat' dir='ltr'><strong>planeta</strong></span> 
     </span>
     <span class='ocr_line' id='line_1_24' title="bbox 869 2834 3589 2915; baseline -0.001 -17"><span class='ocrx_word' id='word_1_269' title='bbox 869 2839 1204 2915; x_wconf 83' lang='lat' dir='ltr'><strong>diversam3</strong></span> <span class='ocrx_word' id='word_1_270' title='bbox 1251 2848 1391 2899; x_wconf 92' lang='lat' dir='ltr'><strong>tunc</strong></span> <span class='ocrx_word' id='word_1_271' title='bbox 1438 2856 1576 2899; x_wconf 87' lang='lat' dir='ltr'><strong>vero</strong></span> <span class='ocrx_word' id='word_1_272' title='bbox 1609 2836 1841 2897; x_wconf 85' lang='lat' dir='ltr'><strong>videtur</strong></span> <span class='ocrx_word' id='word_1_273' title='bbox 1887 2838 2296 2910; x_wconf 85' lang='lat' dir='ltr'><strong>stationarius,</strong></span> <span class='ocrx_word' id='word_1_274' title='bbox 2346 2834 2581 2912; x_wconf 86' lang='lat' dir='ltr'><strong>quando</strong></span> <span class='ocrx_word' id='word_1_275' title='bbox 2624 2835 2820 2896; x_wconf 89' lang='lat' dir='ltr'><strong>lineae</strong></span> <span class='ocrx_word' id='word_1_276' title='bbox 2867 2837 3020 2896; x_wconf 88' lang='lat' dir='ltr'><strong>duae</strong></span> <span class='ocrx_word' id='word_1_277' title='bbox 3066 2834 3263 2897; x_wconf 88' lang='lat' dir='ltr'><strong>dictae</strong></span> <span class='ocrx_word' id='word_1_278' title='bbox 3309 2846 3448 2895; x_wconf 88' lang='lat' dir='ltr'><strong>suut</strong></span> <span class='ocrx_word' id='word_1_279' title='bbox 3488 2854 3589 2915; x_wconf 87' lang='lat' dir='ltr'><strong>pa-</strong></span> 
     </span>
     <span class='ocr_line' id='line_1_25' title="bbox 867 2921 3585 3002; baseline -0.001 -17"><span class='ocrx_word' id='word_1_280' title='bbox 867 2925 1136 3001; x_wconf 85' lang='lat' dir='ltr'><strong>rallelae;</strong></span> <span class='ocrx_word' id='word_1_281' title='bbox 1197 2936 1334 2986; x_wconf 87' lang='lat' dir='ltr'><strong>tune</strong></span> <span class='ocrx_word' id='word_1_282' title='bbox 1381 2926 1632 3002; x_wconf 87' lang='lat' dir='ltr'><strong>denique</strong></span> <span class='ocrx_word' id='word_1_283' title='bbox 1692 2922 2098 3002; x_wconf 86' lang='lat' dir='ltr'><strong>retrogradus,</strong></span> <span class='ocrx_word' id='word_1_284' title='bbox 2163 2921 2399 2999; x_wconf 90' lang='lat' dir='ltr'><strong>quando</strong></span> <span class='ocrx_word' id='word_1_285' title='bbox 2445 2924 2626 2982; x_wconf 88' lang='lat' dir='ltr'><strong>sectio</strong></span> <span class='ocrx_word' id='word_1_286' title='bbox 2676 2922 2835 2983; x_wconf 89' lang='lat' dir='ltr'><strong>cadit</strong></span> <span class='ocrx_word' id='word_1_287' title='bbox 2894 2923 3047 2983; x_wconf 86' lang='lat' dir='ltr'><strong>ultra</strong></span> <span class='ocrx_word' id='word_1_288' title='bbox 3090 2922 3417 3000; x_wconf 86' lang='lat' dir='ltr'><strong>planetam.</strong></span> <span class='ocrx_word' id='word_1_289' title='bbox 3506 2923 3585 2983; x_wconf 83' lang='lat' dir='ltr'><strong>De</strong></span> 
     </span>
     <span class='ocr_line' id='line_1_26' title="bbox 868 3009 3372 3090; baseline -0.001 -18"><span class='ocrx_word' id='word_1_290' title='bbox 868 3014 1233 3075; x_wconf 77' lang='lat' dir='ltr'><strong>inferioribus</strong></span> <span class='ocrx_word' id='word_1_291' title='bbox 1280 3032 1389 3074; x_wconf 89' lang='lat' dir='ltr'><strong>suo</strong></span> <span class='ocrx_word' id='word_1_292' title='bbox 1431 3014 1564 3075; x_wconf 90' lang='lat' dir='ltr'><strong>loeo</strong></span> <span class='ocrx_word' id='word_1_293' title='bbox 1612 3019 1846 3090; x_wconf 82' lang='lat' dir='ltr'><strong>agetur3</strong></span> <span class='ocrx_word' id='word_1_294' title='bbox 1893 3011 2116 3070; x_wconf 88' lang='lat' dir='ltr'><strong>habent</strong></span> <span class='ocrx_word' id='word_1_295' title='bbox 2162 3012 2315 3069; x_wconf 89' lang='lat' dir='ltr'><strong>enim</strong></span> <span class='ocrx_word' id='word_1_296' title='bbox 2360 3009 2674 3087; x_wconf 85' lang='lat' dir='ltr'><strong>plerasque</strong></span> <span class='ocrx_word' id='word_1_297' title='bbox 2720 3013 2976 3071; x_wconf 87' lang='lat' dir='ltr'><strong>rationes</strong></span> <span class='ocrx_word' id='word_1_298' title='bbox 3022 3013 3372 3071; x_wconf 80' lang='lat' dir='ltr'><strong>contrarias.</strong></span> 
     </span>
    </p>
   </div>
   <div class='ocr_carea' id='block_1_6' title="bbox 865 3125 3587 5330">
    <p class='ocr_par' dir='ltr' id='par_1_6' title="bbox 1076 3125 3587 3203">
     <span class='ocr_line' id='line_1_27' title="bbox 1076 3125 3587 3203; baseline -0.002 -15"><span class='ocrx_word' id='word_1_299' title='bbox 1076 3133 1140 3188; x_wconf 92' lang='lat' dir='ltr'><strong>In</strong></span> <span class='ocrx_word' id='word_1_300' title='bbox 1189 3131 1440 3203; x_wconf 88' lang='lat' dir='ltr'><strong>apposito</strong></span> <span class='ocrx_word' id='word_1_301' title='bbox 1479 3130 1754 3188; x_wconf 89' lang='lat' dir='ltr'><strong>schemate</strong></span> <span class='ocrx_word' id='word_1_302' title='bbox 1791 3130 1863 3186; x_wconf 90' lang='lat' dir='ltr'><strong>sit</strong></span> <span class='ocrx_word' id='word_1_303' title='bbox 1900 3130 1948 3184; x_wconf 85' lang='lat' dir='ltr'><strong>E</strong></span> <span class='ocrx_word' id='word_1_304' title='bbox 1988 3128 2098 3198; x_wconf 90' lang='lat' dir='ltr'><strong>Sol,</strong></span> <span class='ocrx_word' id='word_1_305' title='bbox 2134 3128 2275 3184; x_wconf 89' lang='lat' dir='ltr'><strong>ABC</strong></span> <span class='ocrx_word' id='word_1_306' title='bbox 2313 3125 2460 3183; x_wconf 89' lang='lat' dir='ltr'><strong>orbis</strong></span> <span class='ocrx_word' id='word_1_307' title='bbox 2495 3144 2726 3196; x_wconf 85' lang='lat' dir='ltr'><strong>magnus</strong></span> <span class='ocrx_word' id='word_1_308' title='bbox 2764 3146 2863 3185; x_wconf 90' lang='lat' dir='ltr'><strong>seu</strong></span> <span class='ocrx_word' id='word_1_309' title='bbox 2899 3128 3075 3186; x_wconf 86' lang='lat' dir='ltr'><strong>orbita</strong></span> <span class='ocrx_word' id='word_1_310' title='bbox 3111 3126 3381 3194; x_wconf 84' lang='lat' dir='ltr'><strong>Telluris,</strong></span> <span class='ocrx_word' id='word_1_311' title='bbox 3428 3128 3587 3186; x_wconf 84' lang='lat' dir='ltr'><strong>divisa</strong></span> 
     </span>
    </p>

    <p class='ocr_par' dir='ltr' id='par_1_7' title="bbox 865 3205 3582 3356">
     <span class='ocr_line' id='line_1_28' title="bbox 865 3205 3581 3283; baseline -0.001 -19"><span class='ocrx_word' id='word_1_312' title='bbox 865 3211 919 3265; x_wconf 93' lang='lat' dir='ltr'><strong>in</strong></span> <span class='ocrx_word' id='word_1_313' title='bbox 958 3227 1115 3268; x_wconf 86' lang='lat' dir='ltr'><strong>arcus</strong></span> <span class='ocrx_word' id='word_1_314' title='bbox 1158 3211 1399 3283; x_wconf 89' lang='lat' dir='ltr'><strong>diurnos,</strong></span> <span class='ocrx_word' id='word_1_315' title='bbox 1439 3213 1582 3270; x_wconf 86' lang='lat' dir='ltr'><strong>OPK</strong></span> <span class='ocrx_word' id='word_1_316' title='bbox 1621 3213 1796 3269; x_wconf 82' lang='lat' dir='ltr'><strong>orbita</strong></span> <span class='ocrx_word' id='word_1_317' title='bbox 1832 3211 1992 3268; x_wconf 89' lang='lat' dir='ltr'><strong>unius</strong></span> <span class='ocrx_word' id='word_1_318' title='bbox 2037 3227 2068 3264; x_wconf 93' lang='lat' dir='ltr'><strong>e</strong></span> <span class='ocrx_word' id='word_1_319' title='bbox 2104 3208 2507 3278; x_wconf 76' lang='lat' dir='ltr'><strong>superioribuS,</strong></span> <span class='ocrx_word' id='word_1_320' title='bbox 2555 3211 2759 3265; x_wconf 87' lang='lat' dir='ltr'><strong>Terrae</strong></span> <span class='ocrx_word' id='word_1_321' title='bbox 2797 3209 3027 3263; x_wconf 87' lang='lat' dir='ltr'><strong>orbitam</strong></span> <span class='ocrx_word' id='word_1_322' title='bbox 3063 3205 3384 3272; x_wconf 82' lang='lat' dir='ltr'><strong>includens,</strong></span> <span class='ocrx_word' id='word_1_323' title='bbox 3424 3205 3581 3262; x_wconf 83' lang='lat' dir='ltr'><strong>divisa</strong></span> 
     </span>
     <span class='ocr_line' id='line_1_29' title="bbox 2437 3286 3582 3356; baseline -0.002 -14"><span class='ocrx_word' id='word_1_324' title='bbox 2437 3289 2491 3343; x_wconf 87' lang='lat' dir='ltr'><strong>in</strong></span> <span class='ocrx_word' id='word_1_325' title='bbox 2530 3304 2689 3343; x_wconf 87' lang='lat' dir='ltr'><strong>arcus</strong></span> <span class='ocrx_word' id='word_1_326' title='bbox 2726 3286 2978 3356; x_wconf 87' lang='lat' dir='ltr'><strong>planetae</strong></span> <span class='ocrx_word' id='word_1_327' title='bbox 3008 3287 3251 3354; x_wconf 88' lang='lat' dir='ltr'><strong>diurnos,</strong></span> <span class='ocrx_word' id='word_1_328' title='bbox 3290 3287 3475 3356; x_wconf 85' lang='lat' dir='ltr'><strong>plures</strong></span> <span class='ocrx_word' id='word_1_329' title='bbox 3498 3303 3582 3340; x_wconf 89' lang='lat' dir='ltr'><strong>nu·</strong></span> 
     </span>
    </p>

    <p class='ocr_par' dir='ltr' id='par_1_8' title="bbox 1549 3351 3585 3433">
     <span class='ocr_line' id='line_1_30' title="bbox 1549 3351 3585 3433; baseline -0.003 -12"><span class='ocrx_word' id='word_1_330' title='bbox 1549 3355 1646 3404; x_wconf 62' lang='lat'><strong>¹¹¹⁸·</strong></span> <span class='ocrx_word' id='word_1_331' title='bbox 1673 3351 1740 3395; x_wconf 74' lang='lat'><strong>⁸⁸·</strong></span> <span class='ocrx_word' id='word_1_332' title='bbox 2436 3382 2583 3421; x_wconf 89' lang='lat' dir='ltr'><strong>mero</strong></span> <span class='ocrx_word' id='word_1_333' title='bbox 2635 3380 2795 3433; x_wconf 82' lang='lat' dir='ltr'><strong>quam</strong></span> <span class='ocrx_word' id='word_1_334' title='bbox 2840 3366 3040 3420; x_wconf 80' lang='lat' dir='ltr'><strong>Terrae</strong></span> <span class='ocrx_word' id='word_1_335' title='bbox 3078 3364 3287 3419; x_wconf 89' lang='lat' dir='ltr'><strong>orbita.</strong></span> <span class='ocrx_word' id='word_1_336' title='bbox 3328 3365 3585 3431; x_wconf 78' lang='lat' dir='ltr'><strong>etiamque</strong></span> 
     </span>
    </p>

    <p class='ocr_par' dir='ltr' id='par_1_9' title="bbox 866 3439 3586 5330">
     <span class='ocr_line' id='line_1_31' title="bbox 2439 3439 3586 3500; baseline -0.003 0"><span class='ocrx_word' id='word_1_337' title='bbox 2439 3445 2674 3500; x_wconf 87' lang='lat' dir='ltr'><strong>minores</strong></span> <span class='ocrx_word' id='word_1_338' title='bbox 2700 3444 2994 3498; x_wconf 87' lang='lat' dir='ltr'><strong>seeundum</strong></span> <span class='ocrx_word' id='word_1_339' title='bbox 3019 3439 3322 3498; x_wconf 76' lang='lat' dir='ltr'><strong>doctrinam</strong></span> <span class='ocrx_word' id='word_1_340' title='bbox 3349 3444 3471 3498; x_wconf 86' lang='lat' dir='ltr'><strong>libri</strong></span> <span class='ocrx_word' id='word_1_341' title='bbox 3504 3443 3586 3497; x_wconf 68' lang='lat' dir='ltr'><strong>IV.</strong></span> 
     </span>
     <span class='ocr_line' id='line_1_32' title="bbox 2440 3520 3583 3578; baseline -0.003 0"><span class='ocrx_word' id='word_1_342' title='bbox 2440 3526 2530 3578; x_wconf 88' lang='lat' dir='ltr'><strong>fol.</strong></span> <span class='ocrx_word' id='word_1_343' title='bbox 2570 3524 2689 3578; x_wconf 76' lang='lat'><strong>346.</strong></span> <span class='ocrx_word' id='word_1_344' title='bbox 2764 3523 2837 3576; x_wconf 85' lang='lat' dir='ltr'><strong>Et</strong></span> <span class='ocrx_word' id='word_1_345' title='bbox 2885 3523 2992 3575; x_wconf 87' lang='lat' dir='ltr'><strong>sint</strong></span> <span class='ocrx_word' id='word_1_346' title='bbox 3041 3520 3203 3576; x_wconf 87' lang='lat' dir='ltr'><strong>simul</strong></span> <span class='ocrx_word' id='word_1_347' title='bbox 3242 3523 3415 3576; x_wconf 87' lang='lat' dir='ltr'><strong>Terra</strong></span> <span class='ocrx_word' id='word_1_348' title='bbox 3462 3524 3510 3575; x_wconf 90' lang='lat' dir='ltr'><strong>in</strong></span> <span class='ocrx_word' id='word_1_349' title='bbox 3546 3525 3583 3574; x_wconf 71' lang='lat' dir='ltr'>A</span> 
     </span>
     <span class='ocr_line' id='line_1_33' title="bbox 2438 3600 3586 3671; baseline -0.001 -16"><span class='ocrx_word' id='word_1_350' title='bbox 2438 3611 2494 3656; x_wconf 90' lang='lat' dir='ltr'><strong>et</strong></span> <span class='ocrx_word' id='word_1_351' title='bbox 2541 3603 2764 3671; x_wconf 81' lang='lat' dir='ltr'><strong>planeta</strong></span> <span class='ocrx_word' id='word_1_352' title='bbox 2811 3604 2866 3653; x_wconf 85' lang='lat' dir='ltr'><strong>in</strong></span> <span class='ocrx_word' id='word_1_353' title='bbox 2918 3601 2963 3653; x_wconf 92' lang='grc' dir='ltr'>Ο</span> <span class='ocrx_word' id='word_1_354' title='bbox 3017 3600 3257 3669; x_wconf 85' lang='lat' dir='ltr'><strong>indeque</strong></span> <span class='ocrx_word' id='word_1_355' title='bbox 3304 3601 3586 3655; x_wconf 76' lang='lat' dir='ltr'><strong>numeratis</strong></span> 
     </span>
     <span class='ocr_line' id='line_1_34' title="bbox 2437 3679 3585 3746; baseline -0.004 -11"><span class='ocrx_word' id='word_1_356' title='bbox 2437 3681 2643 3735; x_wconf 87' lang='lat' dir='ltr'><strong>diurnis</strong></span> <span class='ocrx_word' id='word_1_357' title='bbox 2680 3693 2905 3733; x_wconf 87' lang='lat' dir='ltr'><strong>numero</strong></span> <span class='ocrx_word' id='word_1_358' title='bbox 2942 3679 3199 3746; x_wconf 89' lang='lat' dir='ltr'><strong>utrinque</strong></span> <span class='ocrx_word' id='word_1_359' title='bbox 3236 3681 3481 3746; x_wconf 78' lang='lat' dir='ltr'><strong>aequali,</strong></span> <span class='ocrx_word' id='word_1_360' title='bbox 3524 3680 3585 3734; x_wconf 84' lang='lat' dir='ltr'><strong>sit</strong></span> 
     </span>
     <span class='ocr_line' id='line_1_35' title="bbox 2437 3757 3585 3828; baseline -0.003 -13"><span class='ocrx_word' id='word_1_361' title='bbox 2437 3761 2670 3827; x_wconf 83' lang='lat' dir='ltr'><strong>denique</strong></span> <span class='ocrx_word' id='word_1_362' title='bbox 2708 3757 2867 3813; x_wconf 88' lang='lat' dir='ltr'><strong>simul</strong></span> <span class='ocrx_word' id='word_1_363' title='bbox 2905 3767 2961 3811; x_wconf 90' lang='lat' dir='ltr'><strong>et</strong></span> <span class='ocrx_word' id='word_1_364' title='bbox 3001 3758 3172 3812; x_wconf 85' lang='lat' dir='ltr'><strong>Terra</strong></span> <span class='ocrx_word' id='word_1_365' title='bbox 3209 3758 3265 3811; x_wconf 88' lang='lat' dir='ltr'><strong>iu</strong></span> <span class='ocrx_word' id='word_1_366' title='bbox 3311 3761 3354 3808; x_wconf 84' lang='grc' dir='ltr'><strong>(ὶ</strong></span> <span class='ocrx_word' id='word_1_367' title='bbox 3398 3771 3451 3812; x_wconf 88' lang='lat' dir='ltr'><strong>et</strong></span> <span class='ocrx_word' id='word_1_368' title='bbox 3485 3759 3585 3828; x_wconf 88' lang='lat' dir='ltr'><strong>pla-</strong></span> 
     </span>
     <span class='ocr_line' id='line_1_36' title="bbox 2437 3837 3585 3893; baseline -0.001 0"><span class='ocrx_word' id='word_1_369' title='bbox 2437 3849 2565 3893; x_wconf 83' lang='lat' dir='ltr'><strong>neta</strong></span> <span class='ocrx_word' id='word_1_370' title='bbox 2582 3840 2636 3893; x_wconf 90' lang='lat' dir='ltr'><strong>iu</strong></span> <span class='ocrx_word' id='word_1_371' title='bbox 2658 3839 2727 3892; x_wconf 92' lang='lat' dir='ltr'><strong>K.</strong></span> <span class='ocrx_word' id='word_1_372' title='bbox 2778 3838 2855 3891; x_wconf 85' lang='lat' dir='ltr'><strong>Et</strong></span> <span class='ocrx_word' id='word_1_373' title='bbox 2877 3843 3273 3890; x_wconf 82' lang='lat' dir='ltr'><strong>connectantur</strong></span> <span class='ocrx_word' id='word_1_374' title='bbox 3307 3837 3585 3892; x_wconf 75' lang='lat' dir='ltr'><strong>divisiones</strong></span> 
     </span>
     <span class='ocr_line' id='line_1_37' title="bbox 2437 3915 3585 3983; baseline -0.002 -11"><span class='ocrx_word' id='word_1_375' title='bbox 2437 3919 2752 3973; x_wconf 89' lang='lat' dir='ltr'><strong>diurnorum</strong></span> <span class='ocrx_word' id='word_1_376' title='bbox 2790 3916 2951 3980; x_wconf 86' lang='lat' dir='ltr'><strong>hujus</strong></span> <span class='ocrx_word' id='word_1_377' title='bbox 2978 3931 3099 3968; x_wconf 91' lang='lat' dir='ltr'><strong>cum</strong></span> <span class='ocrx_word' id='word_1_378' title='bbox 3139 3915 3585 3983; x_wconf 79' lang='lat' dir='ltr'><strong>respondentibus</strong></span> 
     </span>
     <span class='ocr_line' id='line_1_38' title="bbox 2435 3993 3583 4066; baseline 0.001 -18"><span class='ocrx_word' id='word_1_379' title='bbox 2435 3994 2787 4050; x_wconf 76' lang='lat' dir='ltr'><strong>divisionibus</strong></span> <span class='ocrx_word' id='word_1_380' title='bbox 2836 3993 2995 4048; x_wconf 81' lang='lat' dir='ltr'><strong>illius,</strong></span> <span class='ocrx_word' id='word_1_381' title='bbox 3071 3993 3197 4047; x_wconf 85' lang='lat' dir='ltr'><strong>Fiet</strong></span> <span class='ocrx_word' id='word_1_382' title='bbox 3245 3995 3414 4062; x_wconf 83' lang='lat' dir='ltr'><strong>igitur</strong></span> <span class='ocrx_word' id='word_1_383' title='bbox 3449 3995 3583 4066; x_wconf 87' lang='lat' dir='ltr'><strong>apud</strong></span> 
     </span>
     <span class='ocr_line' id='line_1_39' title="bbox 2435 4072 3585 4142; baseline 0.002 -16"><span class='ocrx_word' id='word_1_384' title='bbox 2435 4074 2632 4127; x_wconf 84' lang='lat' dir='ltr'><strong>lineam</strong></span> <span class='ocrx_word' id='word_1_385' title='bbox 2682 4073 2905 4142; x_wconf 87' lang='lat' dir='ltr'><strong>primam</strong></span> <span class='ocrx_word' id='word_1_386' title='bbox 2958 4072 3184 4124; x_wconf 79' lang='lat' dir='ltr'><strong>visivam</strong></span> <span class='ocrx_word' id='word_1_387' title='bbox 3224 4072 3322 4126; x_wconf 73' lang='lat' dir='ltr'><strong>Ao</strong></span> <span class='ocrx_word' id='word_1_388' title='bbox 3369 4083 3421 4127; x_wconf 86' lang='lat' dir='ltr'><strong>et</strong></span> <span class='ocrx_word' id='word_1_389' title='bbox 3474 4075 3585 4128; x_wconf 84' lang='lat' dir='ltr'><strong>rici-</strong></span> 
     </span>
     <span class='ocr_line' id='line_1_40' title="bbox 2436 4153 3584 4216; baseline 0.002 -11"><span class='ocrx_word' id='word_1_390' title='bbox 2436 4168 2558 4206; x_wconf 82' lang='lat' dir='ltr'><strong>nam</strong></span> <span class='ocrx_word' id='word_1_391' title='bbox 2596 4168 2770 4216; x_wconf 83' lang='lat' dir='ltr'><strong>suam,</strong></span> <span class='ocrx_word' id='word_1_392' title='bbox 2809 4159 2870 4203; x_wconf 92' lang='lat' dir='ltr'><strong>ut</strong></span> <span class='ocrx_word' id='word_1_393' title='bbox 2905 4157 3091 4203; x_wconf 78' lang='lat' dir='ltr'><strong>secent</strong></span> <span class='ocrx_word' id='word_1_394' title='bbox 3132 4165 3191 4203; x_wconf 89' lang='lat' dir='ltr'><strong>se</strong></span> <span class='ocrx_word' id='word_1_395' title='bbox 3228 4161 3419 4206; x_wconf 83' lang='lat' dir='ltr'><strong>mutuo</strong></span> <span class='ocrx_word' id='word_1_396' title='bbox 3457 4154 3507 4206; x_wconf 90' lang='lat' dir='ltr'><strong>in</strong></span> <span class='ocrx_word' id='word_1_397' title='bbox 3530 4153 3584 4216; x_wconf 70' lang='lat' dir='ltr'><strong>F.</strong></span> 
     </span>
     <span class='ocr_line' id='line_1_41' title="bbox 2436 4227 3583 4299; baseline 0 -17"><span class='ocrx_word' id='word_1_398' title='bbox 2436 4239 2637 4299; x_wconf 86' lang='lat' dir='ltr'><strong>puncto</strong></span> <span class='ocrx_word' id='word_1_399' title='bbox 2676 4227 2994 4282; x_wconf 83' lang='lat' dir='ltr'><strong>intermedio</strong></span> <span class='ocrx_word' id='word_1_400' title='bbox 3032 4227 3241 4281; x_wconf 82' lang='lat' dir='ltr'><strong>interA</strong></span> <span class='ocrx_word' id='word_1_401' title='bbox 3282 4231 3503 4285; x_wconf 70' lang='lat' dir='ltr'><strong>&#39;l&#39;errsm</strong></span> <span class='ocrx_word' id='word_1_402' title='bbox 3538 4243 3583 4284; x_wconf 82' lang='lat' dir='ltr'><strong>et</strong></span> 
     </span>
     <span class='ocr_line' id='line_1_42' title="bbox 2436 4307 3579 4376; baseline 0.003 -17"><span class='ocrx_word' id='word_1_403' title='bbox 2436 4313 2480 4361; x_wconf 92' lang='lat'><strong>()</strong></span> <span class='ocrx_word' id='word_1_404' title='bbox 2530 4309 2834 4376; x_wconf 78' lang='lat' dir='ltr'><strong>planetam3</strong></span> <span class='ocrx_word' id='word_1_405' title='bbox 2890 4308 2968 4360; x_wconf 90' lang='lat' dir='ltr'><strong>sic</strong></span> <span class='ocrx_word' id='word_1_406' title='bbox 3016 4307 3179 4361; x_wconf 80' lang='lat' dir='ltr'><strong>etiam</strong></span> <span class='ocrx_word' id='word_1_407' title='bbox 3224 4309 3399 4364; x_wconf 86' lang='lat' dir='ltr'><strong>Terra</strong></span> <span class='ocrx_word' id='word_1_408' title='bbox 3446 4313 3495 4366; x_wconf 87' lang='lat' dir='ltr'><strong>in</strong></span> <span class='ocrx_word' id='word_1_409' title='bbox 3530 4311 3579 4374; x_wconf 64' lang='lat'><strong>(7,</strong></span> 
     </span>
     <span class='ocr_line' id='line_1_43' title="bbox 2433 4387 3579 4456; baseline 0.002 -16"><span class='ocrx_word' id='word_1_410' title='bbox 2433 4388 2655 4456; x_wconf 87' lang='lat' dir='ltr'><strong>planeta</strong></span> <span class='ocrx_word' id='word_1_411' title='bbox 2691 4388 2745 4440; x_wconf 92' lang='lat' dir='ltr'><strong>in</strong></span> <span class='ocrx_word' id='word_1_412' title='bbox 2784 4387 2829 4453; x_wconf 87' lang='lat' dir='ltr'>Q</span> <span class='ocrx_word' id='word_1_413' title='bbox 2868 4397 3149 4448; x_wconf 82' lang='lat' dir='ltr'><strong>versante,</strong></span> <span class='ocrx_word' id='word_1_414' title='bbox 3192 4390 3367 4442; x_wconf 82' lang='lat' dir='ltr'><strong>sectio</strong></span> <span class='ocrx_word' id='word_1_415' title='bbox 3404 4391 3503 4443; x_wconf 81' lang='lat' dir='ltr'><strong>erit</strong></span> <span class='ocrx_word' id='word_1_416' title='bbox 3534 4391 3579 4442; x_wconf 84' lang='lat' dir='ltr'><strong>in</strong></span> 
     </span>
     <span class='ocr_line' id='line_1_44' title="bbox 2434 4464 3579 4534; baseline 0 -14"><span class='ocrx_word' id='word_1_417' title='bbox 2434 4468 2500 4534; x_wconf 87' lang='lat' dir='ltr'><strong>ll,</strong></span> <span class='ocrx_word' id='word_1_418' title='bbox 2540 4468 2661 4520; x_wconf 91' lang='lat' dir='ltr'><strong>loco</strong></span> <span class='ocrx_word' id='word_1_419' title='bbox 2700 4481 2909 4519; x_wconf 85' lang='lat' dir='ltr'><strong>rursum</strong></span> <span class='ocrx_word' id='word_1_420' title='bbox 2948 4464 3269 4519; x_wconf 85' lang='lat' dir='ltr'><strong>intermedio</strong></span> <span class='ocrx_word' id='word_1_421' title='bbox 3308 4467 3450 4521; x_wconf 90' lang='lat' dir='ltr'><strong>inter</strong></span> <span class='ocrx_word' id='word_1_422' title='bbox 3474 4471 3579 4522; x_wconf 81' lang='lat' dir='ltr'><strong>Cet</strong></span> 
     </span>
     <span class='ocr_line' id='line_1_45' title="bbox 2436 4542 3579 4612; baseline 0.001 -14"><span class='ocrx_word' id='word_1_423' title='bbox 2436 4547 2500 4612; x_wconf 86' lang='lat' dir='ltr'><strong>Q.</strong></span> <span class='ocrx_word' id='word_1_424' title='bbox 2574 4547 2647 4599; x_wconf 87' lang='lat' dir='ltr'><strong>At</strong></span> <span class='ocrx_word' id='word_1_425' title='bbox 2684 4545 2853 4596; x_wconf 78' lang='lat' dir='ltr'><strong>&#39;l‘erra</strong></span> <span class='ocrx_word' id='word_1_426' title='bbox 2888 4542 2944 4596; x_wconf 90' lang='lat' dir='ltr'><strong>in</strong></span> <span class='ocrx_word' id='word_1_427' title='bbox 2980 4542 3031 4595; x_wconf 88' lang='lat'><strong>11</strong></span> <span class='ocrx_word' id='word_1_428' title='bbox 3069 4553 3443 4612; x_wconf 76' lang='lat' dir='ltr'><strong>transgressa,</strong></span> <span class='ocrx_word' id='word_1_429' title='bbox 3490 4545 3579 4598; x_wconf 82' lang='lat' dir='ltr'><strong>erit</strong></span> 
     </span>
     <span class='ocr_line' id='line_1_46' title="bbox 2436 4621 3577 4693; baseline 0 -16"><span class='ocrx_word' id='word_1_430' title='bbox 2436 4641 2543 4677; x_wconf 82' lang='lat' dir='ltr'><strong>una</strong></span> <span class='ocrx_word' id='word_1_431' title='bbox 2589 4624 2903 4678; x_wconf 79' lang='lat' dir='ltr'><strong>visoriarum</strong></span> <span class='ocrx_word' id='word_1_432' title='bbox 2960 4637 3027 4673; x_wconf 85' lang='lat' dir='ltr'><strong>ex</strong></span> <span class='ocrx_word' id='word_1_433' title='bbox 3076 4621 3273 4676; x_wconf 74' lang='lat' dir='ltr'><strong>vicinia</strong></span> <span class='ocrx_word' id='word_1_434' title='bbox 3328 4626 3497 4693; x_wconf 80' lang='lat' dir='ltr'><strong>ipsius</strong></span> <span class='ocrx_word' id='word_1_435' title='bbox 3536 4623 3577 4677; x_wconf 80' lang='lat' dir='ltr'><strong>u</strong></span> 
     </span>
     <span class='ocr_line' id='line_1_47' title="bbox 2435 4699 3575 4768; baseline 0.003 -13"><span class='ocrx_word' id='word_1_436' title='bbox 2435 4703 2773 4768; x_wconf 80' lang='lat' dir='ltr'><strong>exeuntium,</strong></span> <span class='ocrx_word' id='word_1_437' title='bbox 2844 4717 2983 4768; x_wconf 83' lang='lat' dir='ltr'><strong>quae</strong></span> <span class='ocrx_word' id='word_1_438' title='bbox 3054 4699 3295 4758; x_wconf 87' lang='lat' dir='ltr'><strong>Telluris</strong></span> <span class='ocrx_word' id='word_1_439' title='bbox 3368 4705 3575 4759; x_wconf 79' lang='lat' dir='ltr'><strong>orbitam</strong></span> 
     </span>
     <span class='ocr_line' id='line_1_48' title="bbox 2433 4780 3577 4851; baseline -0.003 -14"><span class='ocrx_word' id='word_1_440' title='bbox 2433 4790 2622 4849; x_wconf 83' lang='lat' dir='ltr'><strong>tangat</strong></span> <span class='ocrx_word' id='word_1_441' title='bbox 2660 4781 2741 4833; x_wconf 91' lang='lat' dir='ltr'><strong>vel</strong></span> <span class='ocrx_word' id='word_1_442' title='bbox 2780 4780 3023 4847; x_wconf 52' lang='lat' dir='ltr'><strong>&amp;erigenti</strong></span> <span class='ocrx_word' id='word_1_443' title='bbox 3070 4780 3429 4848; x_wconf 78' lang='lat' dir='ltr'><strong>aequidistet,</strong></span> <span class='ocrx_word' id='word_1_444' title='bbox 3472 4783 3577 4851; x_wconf 74' lang='lat' dir='ltr'><strong>ipsa</strong></span> 
     </span>
     <span class='ocr_line' id='line_1_49' title="bbox 2435 4858 3575 4928; baseline -0.004 -12"><span class='ocrx_word' id='word_1_445' title='bbox 2435 4876 2628 4916; x_wconf 84' lang='lat' dir='ltr'><strong>secans</strong></span> <span class='ocrx_word' id='word_1_446' title='bbox 2667 4876 2783 4913; x_wconf 83' lang='lat' dir='ltr'><strong>eam</strong></span> <span class='ocrx_word' id='word_1_447' title='bbox 2822 4868 2876 4913; x_wconf 87' lang='lat' dir='ltr'><strong>et</strong></span> <span class='ocrx_word' id='word_1_448' title='bbox 2914 4873 3009 4928; x_wconf 80' lang='lat' dir='ltr'><strong>per</strong></span> <span class='ocrx_word' id='word_1_449' title='bbox 3048 4858 3184 4912; x_wconf 88' lang='lat' dir='ltr'><strong>duas</strong></span> <span class='ocrx_word' id='word_1_450' title='bbox 3222 4861 3427 4915; x_wconf 83' lang='lat' dir='ltr'><strong>vicinas</strong></span> <span class='ocrx_word' id='word_1_451' title='bbox 3462 4860 3575 4915; x_wconf 81' lang='lat' dir='ltr'><strong>divi·</strong></span> 
     </span>
     <span class='ocr_line' id='line_1_50' title="bbox 2435 4939 3572 4996; baseline -0.004 -2"><span class='ocrx_word' id='word_1_452' title='bbox 2435 4942 2612 4995; x_wconf 84' lang='lat' dir='ltr'><strong>siones</strong></span> <span class='ocrx_word' id='word_1_453' title='bbox 2651 4940 2855 4994; x_wconf 77' lang='lat' dir='ltr'><strong>orbitae</strong></span> <span class='ocrx_word' id='word_1_454' title='bbox 2893 4939 3092 4991; x_wconf 79' lang='lat' dir='ltr'><strong>&#39;l&#39;errae</strong></span> <span class='ocrx_word' id='word_1_455' title='bbox 3132 4939 3424 4996; x_wconf 76' lang='lat' dir='ltr'><strong>transiens,</strong></span> <span class='ocrx_word' id='word_1_456' title='bbox 3468 4949 3572 4995; x_wconf 71' lang='lat' dir='ltr'><strong>est-:-</strong></span> 
     </span>
     <span class='ocr_line' id='line_1_51' title="bbox 866 5017 3569 5091; baseline -0.002 -18"><span class='ocrx_word' id='word_1_457' title='bbox 866 5023 967 5078; x_wconf 83' lang='lat'>111.</span> <span class='ocrx_word' id='word_1_458' title='bbox 1019 5031 1073 5075; x_wconf 89' lang='lat' dir='ltr'><strong>et</strong></span> <span class='ocrx_word' id='word_1_459' title='bbox 1109 5032 1238 5077; x_wconf 87' lang='lat' dir='ltr'><strong>tunc</strong></span> <span class='ocrx_word' id='word_1_460' title='bbox 1279 5024 1554 5088; x_wconf 84' lang='lat' dir='ltr'><strong>sequentis</strong></span> <span class='ocrx_word' id='word_1_461' title='bbox 1594 5023 1698 5076; x_wconf 84' lang='lat' dir='ltr'><strong>diei</strong></span> <span class='ocrx_word' id='word_1_462' title='bbox 1736 5025 1930 5078; x_wconf 79' lang='lat' dir='ltr'><strong>visoria</strong></span> <span class='ocrx_word' id='word_1_463' title='bbox 1975 5024 2207 5091; x_wconf 83' lang='lat' dir='ltr'><strong>priorem</strong></span> <span class='ocrx_word' id='word_1_464' title='bbox 2262 5020 2468 5076; x_wconf 75' lang='lat' dir='ltr'><strong>secabit</strong></span> <span class='ocrx_word' id='word_1_465' title='bbox 2514 5020 2566 5071; x_wconf 91' lang='lat' dir='ltr'><strong>in</strong></span> <span class='ocrx_word' id='word_1_466' title='bbox 2604 5019 2725 5086; x_wconf 73' lang='lat' dir='ltr'><strong>ipso</strong></span> <span class='ocrx_word' id='word_1_467' title='bbox 2772 5023 2955 5071; x_wconf 86' lang='lat' dir='ltr'><strong>centro</strong></span> <span class='ocrx_word' id='word_1_468' title='bbox 2993 5017 3213 5071; x_wconf 86' lang='lat' dir='ltr'><strong>Terrae.</strong></span> <span class='ocrx_word' id='word_1_469' title='bbox 3290 5019 3569 5086; x_wconf 66' lang='lat' dir='ltr'><strong>Sequente-s</strong></span> 
     </span>
     <span class='ocr_line' id='line_1_52' title="bbox 870 5099 3569 5171; baseline 0 -22"><span class='ocrx_word' id='word_1_470' title='bbox 870 5101 1096 5154; x_wconf 82' lang='lat' dir='ltr'><strong>visoriae.</strong></span> <span class='ocrx_word' id='word_1_471' title='bbox 1152 5100 1449 5168; x_wconf 79' lang='lat' dir='ltr'><strong>productae.</strong></span> <span class='ocrx_word' id='word_1_472' title='bbox 1505 5117 1623 5154; x_wconf 72' lang='lat' dir='ltr'><strong>sese</strong></span> <span class='ocrx_word' id='word_1_473' title='bbox 1680 5103 1941 5156; x_wconf 82' lang='lat' dir='ltr'><strong>secabunt</strong></span> <span class='ocrx_word' id='word_1_474' title='bbox 1994 5106 2044 5156; x_wconf 89' lang='lat' dir='ltr'><strong>in</strong></span> <span class='ocrx_word' id='word_1_475' title='bbox 2083 5103 2268 5171; x_wconf 59' lang='lat' dir='ltr'><strong>plaga,</strong></span> <span class='ocrx_word' id='word_1_476' title='bbox 2323 5118 2463 5170; x_wconf 75' lang='lat' dir='ltr'><strong>quae.</strong></span> <span class='ocrx_word' id='word_1_477' title='bbox 2501 5116 2531 5154; x_wconf 81' lang='lat' dir='ltr'><strong>a</strong></span> <span class='ocrx_word' id='word_1_478' title='bbox 2579 5101 2835 5169; x_wconf 77' lang='lat' dir='ltr'><strong>planeta,</strong></span> <span class='ocrx_word' id='word_1_479' title='bbox 2895 5113 3083 5153; x_wconf 76' lang='lat' dir='ltr'><strong>versus</strong></span> <span class='ocrx_word' id='word_1_480' title='bbox 3121 5099 3168 5152; x_wconf 88' lang='lat' dir='ltr'><strong>T</strong></span> <span class='ocrx_word' id='word_1_481' title='bbox 3206 5113 3394 5155; x_wconf 80' lang='lat' dir='ltr'><strong>eume.</strong></span> <span class='ocrx_word' id='word_1_482' title='bbox 3446 5099 3569 5151; x_wconf 78' lang='lat' dir='ltr'><strong>ultra</strong></span> 
     </span>
     <span class='ocr_line' id='line_1_53' title="bbox 873 5177 3563 5249; baseline 0 -21"><span class='ocrx_word' id='word_1_483' title='bbox 873 5177 1032 5232; x_wconf 80' lang='lat' dir='ltr'><strong>situm</strong></span> <span class='ocrx_word' id='word_1_484' title='bbox 1068 5181 1268 5233; x_wconf 81' lang='lat' dir='ltr'><strong>Terrae</strong></span> <span class='ocrx_word' id='word_1_485' title='bbox 1307 5178 1448 5231; x_wconf 89' lang='lat' dir='ltr'><strong>inter</strong></span> <span class='ocrx_word' id='word_1_486' title='bbox 1486 5181 1560 5242; x_wconf 77' lang='lat'><strong>1),</strong></span> <span class='ocrx_word' id='word_1_487' title='bbox 1600 5182 1674 5247; x_wconf 86' lang='lat' dir='ltr'><strong>H,</strong></span> <span class='ocrx_word' id='word_1_488' title='bbox 1716 5183 1886 5246; x_wconf 62' lang='lat' dir='ltr'><strong>vergit</strong></span> <span class='ocrx_word' id='word_1_489' title='bbox 1921 5188 1975 5234; x_wconf 85' lang='lat' dir='ltr'><strong>in</strong></span> <span class='ocrx_word' id='word_1_490' title='bbox 2014 5190 2223 5249; x_wconf 84' lang='lat' dir='ltr'><strong>partem</strong></span> <span class='ocrx_word' id='word_1_491' title='bbox 2262 5179 2589 5249; x_wconf 81' lang='lat' dir='ltr'><strong>oppositam,</strong></span> <span class='ocrx_word' id='word_1_492' title='bbox 2638 5180 2795 5246; x_wconf 84' lang='lat' dir='ltr'><strong>quasi</strong></span> <span class='ocrx_word' id='word_1_493' title='bbox 2835 5194 3023 5231; x_wconf 84' lang='lat' dir='ltr'><strong>versus</strong></span> <span class='ocrx_word' id='word_1_494' title='bbox 3062 5177 3130 5232; x_wconf 90' lang='grc' dir='ltr'><strong>Ο.</strong></span> <span class='ocrx_word' id='word_1_495' title='bbox 3202 5179 3461 5233; x_wconf 75' lang='lat' dir='ltr'><strong>omnibus</strong></span> <span class='ocrx_word' id='word_1_496' title='bbox 3494 5179 3563 5230; x_wconf 74' lang='lat' dir='ltr'><strong>hit</strong></span> 
     </span>
     <span class='ocr_line' id='line_1_54' title="bbox 871 5254 3561 5330; baseline 0.001 -22"><span class='ocrx_word' id='word_1_497' title='bbox 871 5254 1268 5313; x_wconf 85' lang='lat' dir='ltr'><strong>conditionibus</strong></span> <span class='ocrx_word' id='word_1_498' title='bbox 1317 5255 1438 5312; x_wconf 86' lang='lat' dir='ltr'><strong>dico</strong></span> <span class='ocrx_word' id='word_1_499' title='bbox 1490 5271 1753 5327; x_wconf 83' lang='lat' dir='ltr'><strong>apparere</strong></span> <span class='ocrx_word' id='word_1_500' title='bbox 1800 5256 2072 5327; x_wconf 82' lang='lat' dir='ltr'><strong>planetam</strong></span> <span class='ocrx_word' id='word_1_501' title='bbox 2122 5257 2407 5322; x_wconf 83' lang='lat' dir='ltr'><strong>directam,</strong></span> <span class='ocrx_word' id='word_1_502' title='bbox 2457 5257 2513 5313; x_wconf 86' lang='lat' dir='ltr'><strong>id</strong></span> <span class='ocrx_word' id='word_1_503' title='bbox 2556 5265 2646 5315; x_wconf 84' lang='lat' dir='ltr'><strong>est</strong></span> <span class='ocrx_word' id='word_1_504' title='bbox 2693 5259 2749 5316; x_wconf 88' lang='lat' dir='ltr'><strong>iu</strong></span> <span class='ocrx_word' id='word_1_505' title='bbox 2788 5259 2865 5328; x_wconf 73' lang='lat' dir='ltr'><strong>Q,</strong></span> <span class='ocrx_word' id='word_1_506' title='bbox 2916 5257 2972 5312; x_wconf 90' lang='lat' dir='ltr'><strong>in</strong></span> <span class='ocrx_word' id='word_1_507' title='bbox 3006 5258 3058 5330; x_wconf 74' lang='lat' dir='ltr'>Q</span> <span class='ocrx_word' id='word_1_508' title='bbox 3106 5265 3165 5315; x_wconf 80' lang='lat' dir='ltr'><strong>et</strong></span> <span class='ocrx_word' id='word_1_509' title='bbox 3212 5261 3359 5318; x_wconf 76' lang='lat' dir='ltr'><strong>eirea</strong></span> <span class='ocrx_word' id='word_1_510' title='bbox 3404 5259 3443 5315; x_wconf 86' lang='lat'><strong>1.</strong></span> <span class='ocrx_word' id='word_1_511' title='bbox 3502 5259 3561 5312; x_wconf 76' lang='lat' dir='ltr'><strong>At</strong></span> 
     </span>
    </p>
   </div>
   <div class='ocr_carea' id='block_1_7' title="bbox 1278 3511 2319 4857">
    <p class='ocr_par' dir='ltr' id='par_1_10' title="bbox 1278 3511 2319 4857">
     <span class='ocr_line' id='line_1_55' title="bbox 1278 3511 2319 4857; baseline 0 0"><span class='ocrx_word' id='word_1_512' title='bbox 1278 3511 2319 4857; x_wconf 95' lang='lat' dir='ltr'><strong> </strong></span> 
     </span>
    </p>
   </div>
  </div>
 </body>
</html>
