4459 6275
1009 762 1224 852 ursernrmur.
1730 797 1788 857 rar

433 972 584 1031 adfinem
614 971 703 1046 hrrjus
733 974 827 1047 partis
855 971 1073 1048 philosophiae,
1105 988 1161 1032 uec
1188 975 1244 1032 uisi
1271 973 1310 1032 ab
1338 979 1505 1032 astronomo
1536 973 1630 1049 possit
1662 972 1789 1031 absolsi.

433 1061 503 1119 Nou
526 1061 604 1119 enim
626 1077 707 1121 mera
730 1058 818 1118 debet
840 1076 905 1120 esse
924 1060 1047 1123 licentia
1061 1063 1248 1133 mnonomts,
1270 1059 1398 1134 fingendi
1420 1059 1564 1135 quidlibet
1584 1062 1647 1120 sinc
1665 1063 1787 1132 ratione,

433 1150 507 1222 qntn
530 1154 647 1223 oportet
675 1156 709 1206 ut
730 1147 819 1205 ctiam
849 1164 953 1207 causas
974 1147 1094 1211 reddere
1124 1149 1220 1223 possis
1243 1147 1408 1223 probabiles
1432 1146 1638 1224 hypothesium
1661 1156 1790 1220 tuarum,

434 1252 510 1310 ques
532 1251 587 1310 pro
604 1235 681 1295 veris
695 1235 932 1309 apparentiarum
954 1237 1051 1295 causis
1066 1234 1209 1308 venditas,
1233 1243 1262 1295 et
1279 1237 1322 1295 sic
1337 1231 1540 1295 astrmmmiae
1556 1245 1623 1295 tuae
1646 1237 1790 1311 principia

434 1325 516 1398 prius
538 1325 569 1380 in
592 1321 691 1382 altiori
713 1322 851 1395 scientia,
881 1329 954 1399 puta
981 1322 1105 1399 physica
1121 1322 1176 1381 ‘vel
1199 1322 1415 1400 metaphysica,
1439 1322 1589 1395 stabilias,
1617 1325 1790 1390 nonistor-

434 1409 536 1469 clusus
563 1420 662 1470 nmen
694 1425 747 1480 nec
778 1410 816 1468 ab
846 1411 883 1468 iis
906 1413 1084 1485 argumentis
1106 1411 1307 1484 geometricis,
1338 1409 1468 1487 physicis
1501 1411 1549 1469 vel
1570 1411 1790 1488 metaphysicis,
1885 1441 1910 1466 „

434 1515 513 1573 quae
537 1497 592 1557 tibi
613 1497 838 1573 suppeditantur
860 1498 898 1556 ab
920 1497 985 1572 ipsa
1008 1496 1133 1557 diexodo
1157 1495 1328 1574 disciplinae
1350 1500 1484 1575 propriae
1510 1515 1600 1574 super
1621 1499 1725 1571 rebus,
1754 1498 1791 1556 ad

435 1586 557 1645 altiores
587 1583 653 1644 illas
680 1583 850 1659 disciplinas
876 1585 1105 1661 pertinentibus.
1137 1583 1294 1644 dummodo
1324 1584 1436 1645 nullam
1462 1584 1596 1661 principii
1619 1586 1791 1661 petitionem

436 1672 610 1732 admisceas
654 1671 721 1731 Hoc
745 1674 822 1731 euim
843 1678 933 1747 pacto
954 1671 1001 1743 lit,
1025 1680 1058 1731 ut
1080 1678 1265 1732 astronomus
1287 1671 1418 1751 (compos
1439 1673 1534 1732 laetus
1555 1673 1699 1732 hacteuus
1719 1690 1791 1750 pro·

435 1761 525 1837 positi
547 1762 610 1833 sui,
641 1767 671 1817 ut
698 1777 803 1819 causas
834 1761 1201 1835 motuumexcogitaverit
1227 1763 1333 1820 rationi
1356 1768 1566 1820 corraentaneas
1589 1768 1725 1835 ereptas
1749 1758 1786 1819 ad

437 1846 592 1909 efficienda
615 1849 725 1917 omnia,
755 1864 833 1922 quae
856 1846 946 1907 babet
968 1847 1207 1907 observationum
1230 1847 1366 1921 historia)
1390 1849 1453 1923 Jam
1475 1849 1506 1904 in
1527 1864 1618 1906 unum
1641 1856 1792 1923 aspectum

436 1934 575 2007 adducat,
599 1950 675 2017 quae
697 1933 897 2009 particulatim
919 1943 1008 1995 autea
1028 1941 1187 2009 statuerat,
1220 1943 1250 1995 et
1271 1933 1454 1995 dissimulato
1476 1933 1534 1993 line
1558 1934 1699 1994 hactenus
1720 1952 1792 2011 pro·

435 2024 532 2097 posito
564 2023 628 2096 (qui
652 2031 715 2081 erat
736 2021 946 2082 demonstratio
969 2021 1192 2099 phaenomeuon
1214 2032 1244 2082 et
1265 2021 1333 2082 inde
1353 2020 1521 2082 redundans
1542 2023 1572 2080 in
1596 2025 1688 2082 sitam
1710 2040 1793 2081 com·

436 2127 554 2170 murram
578 2107 702 2179 utilitas)
725 2110 861 2169 altiorem
883 2113 948 2186 ipso
969 2110 1057 2169 linem
1072 2124 1186 2170 summa
1208 2128 1276 2170 oum
1297 2109 1494 2185 gratulatione
1517 2109 1789 2186 philosophantium

436 2199 562 2267 affectet,
585 2195 624 2257 ad
646 2195 729 2256 illum
751 2196 840 2257 finem
862 2199 961 2257 omnia
982 2215 1037 2257 sua
1060 2198 1177 2273 placita,
1201 2215 1315 2257 rursum
1338 2215 1397 2273 qua
1410 2193 1604 2273 geometricis,
1628 2215 1687 2274 qua
1709 2198 1788 2274 phy·

437 2287 504 2345 sicis
533 2285 714 2362 argumentis
740 2285 862 2362 referat,
891 2279 1004 2345 scilicet
1034 2294 1067 2343 ut
1093 2287 1252 2362 genuinam
1279 2285 1401 2345 sormam
1431 2294 1458 2344 et
1483 2284 1710 2362 ,dispositionem
1738 2298 1791 2344 seu

437 2374 659 2432 exornationem
682 2373 773 2433 totius
789 2370 889 2432 mundi
911 2379 1003 2448 ponat
1026 2373 1064 2430 ob
1080 2373 1192 2454 oculos.
1237 2371 1379 2447 Adeoque
1402 2373 1450 2431 hic
1473 2380 1518 2432 est
1538 2374 1703 2449 ipsissimus
1718 2374 1794 2431 libor

439 2469 569 2529 naturae,
593 2456 624 2519 in
648 2478 706 2535 quo
730 2460 812 2519 Dens
836 2459 970 2519 conditor
991 2477 1076 2518 suam
1098 2460 1256 2519 essentiam
1278 2477 1421 2535 suamque
1443 2461 1624 2520 uoluntatem
1647 2478 1717 2535 erga
1738 2460 1794 2518 ho-

437 2549 543 2606 minem
560 2565 595 2606 err
612 2556 704 2623 parte,
729 2555 758 2607 et
773 2546 872 2628 u'lqur
895 2546 1024 2624 quodam
1047 2548 1214 2622 scriptionis
1235 2564 1341 2623 genere
1356 2546 1523 2623 propalavit
1545 2555 1636 2623 atquc
1651 2547 1791 2624 depinxit.

1004 2729 1054 2800 lle
1082 2727 1220 2798 tabulis.

525 2893 611 2972 Quid
632 2902 743 2970 quarto
766 2898 830 2958 loco
852 2900 951 2973 opilat
972 2896 1187 2957 ethonomus?
1210 2894 1330 2971 Quarta
1360 2904 1389 2955 et
1412 2897 1514 2972 quinta
1536 2903 1634 2971 partes
1658 2895 1696 2955 ad
1718 2897 1793 2972 inle-

438 2986 541 3043 riorem
563 2981 648 3041 illurn
669 2982 756 3043 linem
778 2985 950 3057 referuntur,
974 3000 1079 3058 nempe
1100 2983 1140 3042 ad
1155 2983 1319 3043 utilitatem
1341 2984 1371 3041 in
1393 2987 1456 3042 vita
1479 2985 1634 3043 communi.
1680 2982 1793 3058 Quarta

438 3063 528 3144 enim,
539 3086 631 3147 qnam
646 3070 916 3132 arithmeticam
928 3070 1085 3150 appellavi,
1103 3088 1208 3130 causas
1220 3084 1353 3131 motuum
1366 3075 1501 3131 iuventas
1514 3074 1640 3130 numeris
1653 3071 1791 3147 applicat,
1833 3132 1835 3139 ,

438 3159 545 3220 docens
567 3156 747 3231 methodum,
771 3177 831 3235 qua
854 3159 893 3219 ad
915 3160 1068 3236 quodlibet
1078 3167 1208 3238 'tempus
1230 3178 1283 3220 seu
1305 3162 1493 3236 praeteritum
1511 3177 1563 3219 sen
1586 3160 1715 3217 interum
1737 3176 1793 3234 ap·

437 3265 540 3323 parens
564 3243 640 3306 coeli
662 3244 752 3306 lacios
775 3257 805 3305 ct
837 3247 1029 3322 configuratio
1051 3246 1179 3306 siderum
1201 3255 1393 3323 computetur.
1439 3246 1517 3306 Hinc
1545 3252 1704 3306 nascuntur
1731 3245 1793 3304 'la-

437 3333 522 3394 bnlae
547 3333 787 3407 decemminas,
820 3336 927 3411 quibus
955 3334 1143 3394 methodus
1129 3352 1193 3409 yam
1216 3334 1294 3394 dicta
1316 3335 1430 3394 facilior
1451 3342 1481 3393 et
1510 3335 1628 3394 brevior
1655 3328 1792 3406 sllicitum

436 3437 525 3498 quare
548 3419 655 3480 Graeci
678 3436 728 3479 aaa
751 3422 903 3497 appellant
927 3425 1060 3490 Κιυοιας
1082 3443 1269 3499 apuysrpoop,
1287 3421 1452 3497 cujusmodi
1473 3428 1543 3480 sunt
1564 3420 1696 3480 Tabulae
1720 3420 1794 3479 Pto·
1812 3486 1817 3497 ,

436 3509 551 3579 hmaei,
574 3523 650 3583 quas
666 3508 858 3568 emendarunt
874 3518 941 3568 ante
965 3510 1029 3567 400
1052 3525 1145 3568 anuos
1159 3507 1293 3584 Tabulae
1308 3504 1462 3586 Alphonsi,
1487 3517 1516 3568 et
1531 3517 1599 3568 ante
1616 3489 1657 3566 sb
1673 3507 1792 3567 tabulae

436 3592 604 3672 Cepernici,
636 3611 710 3670 quas
733 3594 915 3655 Reiuholdus
946 3596 1109 3656 exactiores
1140 3598 1378 3672 copiosioresque
1407 3596 1500 3658 lactas
1531 3591 1694 3672 appellavit
1714 3595 1792 3653 Prn-

436 3686 557 3742 tenicas.
603 3680 749 3741 Omnibus
773 3699 843 3742 vero
866 3692 1082 3743 autecessorum
1105 3682 1227 3755 tabulis,
1252 3700 1319 3742 cum
1341 3699 1480 3743 erroneae
1503 3678 1576 3756 siut,
1600 3683 1792 3760 colophonem

436 3773 588 3845 inponere
605 3763 783 3844 pollicentur
806 3770 982 3831 Tabulae
1004 3725 1291 3845 Rudolphiriae,
1315 3771 1358 3831 sie
1373 3770 1586 3846 indigetataea
1608 3770 1793 3847 Tychone

436 3857 583 3916 Braheo
606 3857 797 3932 effectaeque,
822 3874 898 3933 quae
921 3875 998 3917 nuno
1021 3856 1117 3916 lucem
1140 3865 1320 3933 exspectant.

520 3943 628 4003 Haec
620 3945 707 4019 igitur
723 3962 791 4021 pars
806 3943 977 4045 suppeditat
992 3934 1188 4020 chronologis,
1211 3944 1376 4020 cacologia,
1400 3946 1638 4022 meteoroscopis,
1662 3943 1792 4015 medicis,

435 4033 543 4105 nautis,
565 4030 713 4107 agricolis,
736 4028 880 4108 principia
900 4031 939 4092 ad
953 4039 1045 4093 artem
1068 4034 1175 4108 cuique
1196 4050 1280 4092 snam
1304 4035 1479 4093 necessaria.

639 4211 689 4283 lie
715 4213 962 4297 instrumentis,
991 4212 1141 4302 sphaera
1169 4214 1340 4285 materiali
1369 4219 1405 4285 et
1432 4213 1587 4284 theoriis.

533 4382 664 4442 Errorra
702 4383 794 4440 etiam
829 4385 972 4456 quintam
1005 4384 1142 4441 munera
1176 4385 1371 4442 astronomici
1400 4357 1555 4458 puchra.¹
1585 4379 1695 4457 Quinta
1727 4401 1795 4459 pars

435 4470 657 4530 mechanica
683 4466 761 4527 idem
783 4469 843 4528 lere
875 4479 1005 4545 praestat
1026 4465 1243 4542 instrumentis,
1275 4469 1354 4546 qnod
1385 4477 1490 4546 quarta
1518 4472 1661 4542 numeris,
1692 4480 1794 4545 estque

435 4556 599 4633 multiplex.
644 4555 719 4613 Nam
734 4550 829 4632 primo
855 4556 1013 4616 famulatur
1034 4560 1111 4634 parti
1136 4557 1300 4630 historicae,
1325 4559 1395 4633 quia
1416 4566 1449 4616 ut
1464 4558 1694 4631 observationes,
1718 4575 1795 4632 quae
1897 4604 1898 4607 ,

434 4654 501 4704 snut
524 4645 724 4704 astronomiae
746 4643 950 4717 fundamenta,
975 4647 1034 4704 sint
1056 4648 1221 4719 exquisitae
1243 4645 1472 4721 subtilitatisque
1493 4640 1685 4716 sufficientis,
1717 4645 1793 4703 oculi

435 4742 502 4792 suut
532 4732 735 4789 irretrumentis
763 4730 940 4809 adjuvandi,
973 4734 1080 4808 quibus
1111 4740 1140 4791 et
1169 4734 1275 4791 certius
1308 4731 1480 4804 collineant,
1515 4742 1543 4792 et
1572 4735 1636 4792 sinc
1668 4732 1794 4791 halluci-

434 4821 554 4879 natione
582 4820 780 4894 minutiusque
809 4827 977 4893 numerent3
1014 4822 1043 4877 in
1072 4817 1129 4879 hoc
1156 4822 1255 4896 itaque
1283 4837 1389 4894 genere
1417 4828 1512 4879 exstat
1538 4819 1612 4880 liber
1643 4819 1793 4897 Tychouis

434 4908 558 4979 Brabei,
588 4907 792 4967 muonomtae
813 4914 994 4966 restauratae
1017 4907 1193 4968 hleohanica
1216 4908 1326 4981 dictus,
1356 4924 1491 4983 magnam
1515 4911 1629 4984 copiam
1652 4906 1793 4967 exhibens

436 4995 728 5069 exquisitissimorum
749 4996 1020 5066 instrumentorum,
1052 5011 1176 5069 quorum
1198 5005 1356 5071 apparatus
1379 4994 1465 5055 iidem
1488 5012 1631 5055 summam
1654 4992 1793 5053 conciliat

436 5081 692 5142 observationibus
715 5098 766 5157 per
787 5080 839 5142 illa
860 5082 970 5142 habitis
994 5090 1023 5141 et
1044 5099 1063 5141 a
1085 5082 1201 5142 Braheo
1225 5085 1405 5158 conscriptis.

522 5168 594 5230 Janr
616 5184 686 5232 vcro
703 5167 781 5244 quod
804 5171 909 5230 attinet
928 5176 1028 5245 partes
1042 5170 1266 5246 subsequentes,
1288 5178 1341 5229 aut
1356 5171 1491 5247 exempla
1513 5168 1646 5229 iacienda
1667 5176 1735 5227 sunt
1758 5185 1795 5227 ex

436 5256 688 5334 maenalignea,
713 5256 868 5333 metallica,
893 5249 1049 5336 dhmtacm
1071 5265 1100 5319 st
1121 5258 1281 5334 similibus,
1309 5259 1417 5340 quibus
1445 5257 1625 5338 hypotheses
1657 5262 1794 5320 mneno-
