4459 6275
438 805 501 868 aaa
938 799 1080 871 Epitomes
1096 798 1288 855 Astrommlae

439 996 508 1041 nom
529 986 627 1040 mouns
649 977 737 1040 medii
759 979 790 1036 iu
813 979 964 1040 contradis
984 976 1098 1055 periodi
1120 979 1285 1052 momentis,
1309 975 1436 1055 deniquo
1458 993 1512 1058 pro
1534 976 1665 1056 simplici
1684 980 1781 1058 prin·

436 1071 545 1129 riorum
568 1066 750 1144 digressione
771 1063 810 1126 ad
832 1065 925 1127 latera
948 1070 1037 1126 etiam
1060 1065 1216 1142 duplicem.

529 1157 631 1233 Ωιιαηι
660 1171 787 1216 cautum
816 1154 905 1213 babet
934 1153 1044 1214 Mune
1073 1156 1379 1213 commuuimus
1412 1152 1619 1229 quantitatis?
1654 1151 1782 1213 lullae

439 1245 560 1304 moniois
591 1240 772 1315 demonstro,
805 1244 977 1302 vanoutem
1006 1249 1138 1301 motuum
1165 1241 1268 1301 Lunae
1297 1239 1490 1301 detenniuare
1522 1241 1658 1317 maasias
1686 1238 1783 1303 dista

438 1347 538 1405 amon,
573 1329 654 1406 quod
682 1329 854 1392 affluitatem
880 1329 989 1389 hebere
1017 1329 1133 1390 videtur
1164 1346 1229 1389 curu
1258 1327 1377 1404 quadris
1406 1336 1437 1390 ct
1467 1326 1583 1404 copulis
1613 1327 1784 1405 Ῑιιιιιιιςιι

438 1420 525 1497 igitur
555 1417 611 1477 hoc
641 1417 826 1478 intervallum
855 1419 1066 1495 repraesentari
1095 1426 1197 1494 posset
1226 1417 1389 1493 composito
1417 1423 1512 1493 motu,
1545 1423 1631 1507 taum
1653 1422 1700 1479 est
1719 1416 1784 1478 uss

438 1506 651 1567 ccceutricitas.

529 1592 693 1672 Quodnam
725 1593 886 1651 discrimen
913 1592 1148 1669 deprehenditur
1176 1594 1256 1650 iuter
1283 1608 1457 1651 communes
1486 1592 1556 1653 illus
1587 1590 1702 1651 lunae
1728 1608 1783 1652 ιιιι

437 1682 568 1759 ρισιιιιίι
589 1689 618 1739 et
639 1683 719 1738 inter
740 1681 795 1740 bos
810 1679 921 1739 Lunae
941 1683 1086 1756 proprius
1104 1678 1361 1754 inaequalitates?
1384 1683 1411 1740 l.
1429 1676 1690 1755 Quemadmodum
1703 1687 1784 1739 moin

440 1768 544 1830 Lunae
567 1770 644 1828 circa
666 1767 786 1827 Terram
810 1769 838 1825 in
862 1766 1061 1844 superioribus
1084 1766 1143 1825 duo
1166 1765 1259 1825 voluti
1281 1765 1428 1826 elementa
1450 1767 1583 1840 iuetuut,
1614 1767 1742 1827 altem
1757 1783 1785 1827 or

441 1855 568 1930 Tellure,
591 1854 695 1914 voluta
717 1857 825 1915 circum
847 1871 941 1927 exem,
966 1853 1088 1914 alterum
1112 1871 1149 1913 ex
1171 1852 1370 1932 applicatione
1391 1853 1509 1915 luminis
1518 1854 1640 1929 ,animis
1662 1854 1703 1914 ad
1724 1854 1785 1915 brut

440 1942 568 2004 'l'elluris
590 1944 718 2020 speciem
740 1944 899 2016 moiricem,
923 1959 1047 2019 quorum
1070 1939 1143 1999 illud
1166 1941 1292 2001 liberum
1314 1949 1378 2001 orat
1398 1960 1418 2002 a
1439 1943 1543 2004 Lunae
1564 1942 1721 2020 pinosus,
1742 1942 1786 2001 iot

438 2030 594 2108 alligatum
621 2029 661 2089 ad
689 2030 814 2108 phasee:
847 2032 890 2090 sic
919 2046 996 2089 nuuc
1026 2031 1114 2091 etism
1138 2028 1260 2088 duarum
1284 2029 1546 2110 inaequalitatum,
1575 2031 1659 2108 prior
1681 2027 1787 2108 quiden

439 2116 491 2177 ilia
519 2120 622 2196 prioris
654 2117 789 2177 elementi
817 2133 871 2177 seu
899 2126 996 2176 motus
1024 2115 1112 2177 medii
1142 2115 1290 2191 accidens,
1321 2126 1416 2177 metas
1443 2135 1511 2178 suas
1534 2120 1671 2198 proprias
1693 2117 1788 2179 bullat

440 2203 683 2284 deprehenditur,
707 2221 782 2281 quas
803 2221 968 2284 apogaeum
992 2204 1094 2264 Lunae
1117 2204 1264 2278 dicemus;
1287 2204 1377 2264 babet
1399 2213 1429 2264 et
1450 2208 1544 2284 prima
1564 2205 1663 2264 torma
1684 2204 1788 2283 digre-

439 2294 532 2351 sionis
556 2291 596 2353 ad
618 2291 711 2351 latera
733 2308 803 2351 suas
825 2309 935 2368 easque
958 2291 1111 2352 distinctas
1134 2291 1173 2350 ab
1194 2294 1321 2370 apogaci
1343 2295 1438 2367 metis,
1461 2309 1536 2370 quas
1558 2293 1672 2352 limites
1693 2302 1725 2353 et
1742 2308 1789 2351 uo·

437 2378 492 2438 dos
517 2378 703 2458 appellitant,
738 2381 881 2457 posterior
906 2396 976 2439 voro
1005 2378 1202 2455 inaequalitas
1235 2382 1404 2456 posterioris
1435 2379 1589 2456 elementi,
1621 2396 1677 2441 seu
1707 2396 1790 2459 oopu-

437 2465 506 2526 luris
538 2468 715 2527 incitationis
737 2465 889 2539 accidens,
922 2465 1093 2527 Ptolemaeo
1115 2475 1242 2526 auuutus
1266 2467 1388 2545 eplcycli
1412 2466 1506 2539 dicta,
1537 2483 1711 2528 commuue·
1732 2482 1788 2529 tn

437 2570 537 2615 meuse
561 2555 668 2614 liuuuri
697 2553 897 2632 pirasibusque
924 2562 1018 2614 metas
1041 2553 1146 2628 babet,
1173 2561 1207 2613 ut
1229 2563 1259 2613 et
1280 2551 1409 2615 secunda
1431 2556 1526 2615 torma
1547 2554 1741 2633 digresslouh
1758 2552 1790 2614 td

366 2654 369 2659 ·
435 2640 540 2703 latera.

525 2732 554 2787 2.
591 2729 673 2788 Prior
701 2728 769 2802 ilia,
800 2738 860 2788 tarn
886 2727 1080 2804 longitudinis
1110 2745 1201 2804 quam
1229 2725 1407 2803 latitudiuis,
1436 2747 1552 2807 semper
1582 2739 1726 2792 coutens
1753 2738 1790 2791 est

437 2833 488 2894 per
517 2833 619 2875 omues
648 2815 800 2895 periodos,
832 2818 1004 2892 quantitatis
1035 2832 1076 2874 sc.
1107 2824 1247 2893 perpetuo
1277 2814 1425 2892 ejusdem3
1455 2819 1654 2896 posteriorum
1677 2826 1789 2894 utraqu

438 2907 467 2961 in
489 2921 547 2963 uuo
578 2913 691 2964 tantum
718 2903 950 2980 uuiuscujusque
971 2905 1119 2962 semestris
1141 2919 1241 2962 mense
1268 2901 1301 2961 iit
1322 2905 1466 2975 maxima,
1498 2908 1528 2963 in
1550 2905 1676 2983 reliquis
1697 2906 1789 2975 misor,

437 2993 465 3047 in
490 2991 680 3067 quibusdam,
711 2993 762 3069 qui
785 3008 894 3051 anuum
917 2993 947 3049 lu
969 2990 1043 3049 duas
1066 2998 1164 3067 partes
1187 2988 1341 3066 dirimunt,
1363 3009 1438 3070 pene
1460 2991 1557 3067 nulia,
1586 2995 1726 3053 nimirum
1746 2992 1787 3051 ubl

437 3078 606 3140 affectiones
636 3082 789 3159 oppositae
817 3077 906 3155 hujus
929 3077 1076 3139 secundae
1099 3076 1321 3138 accelerationis
1343 3088 1373 3139 et
1396 3078 1618 3156 retardationis,
1650 3083 1722 3141 item
1740 3081 1787 3140 bo·

436 3167 524 3226 realis
553 3178 582 3227 st
608 3167 745 3228 australis
767 3166 945 3240 latitudiuis,
976 3167 1120 3243 incipiunt
1150 3168 1274 3244 migrare
1301 3169 1331 3224 in
1355 3170 1492 3230 semisses
1515 3167 1705 3230 lunationum
1726 3184 1788 3230 coa·

438 3256 553 3315 trorios.

524 3344 553 3400 3.
577 3341 681 3416 ltaque
705 3345 815 3418 priores
840 3341 908 3401 illae
933 3339 1159 3417 inaequalitates
1182 3351 1211 3401 et
1232 3344 1426 3418 quantitatem
1441 3352 1470 3403 et
1486 3343 1704 3404 distributionis
1719 3344 1787 3422 legs

438 3446 456 3485 a
484 3431 545 3487 suis
577 3431 700 3505 propriis
728 3431 824 3488 causis
855 3430 981 3500 habeut,
1012 3428 1159 3489 secundae
1187 3446 1257 3488 vero
1284 3446 1355 3489 suas
1385 3433 1533 3509 accipiunt
1562 3434 1787 3508 quantitatetet

438 3515 608 3574 affectiones
630 3535 649 3573 a
671 3520 836 3593 praesentia
859 3520 1016 3594 primarum
1041 3517 1068 3572 in
1094 3515 1286 3593 unoquolibet
1309 3515 1470 3577 lucrationis
1492 3519 1698 3595 semicirculo;
1720 3519 1788 3580 solat

439 3601 652 3662 distributionis
683 3602 764 3679 leges
792 3614 944 3681 separatas
968 3604 1065 3679 adque
1090 3605 1273 3663 lunationum
1297 3607 1434 3665 circuitus
1456 3607 1698 3668 accommodatas
1718 3609 1788 3687 pric-

438 3691 519 3749 ribus
545 3704 642 3750 tamen
664 3690 775 3750 similes
797 3692 916 3752 habeut.

526 3782 553 3835 4.
579 3781 744 3854 Cognatum
767 3788 794 3837 et
818 3779 873 3839 boe
897 3790 955 3852 est,
988 3778 1066 3855 quod
1092 3778 1336 3856 deprehendimus
1360 3782 1388 3837 iu
1414 3780 1499 3840 Luna
1521 3791 1635 3841 motum
1660 3781 1785 3860 apsidum

375 3877 381 3886 ·
439 3866 467 3920 in
492 3869 700 3942 consequentia
731 3867 913 3943 limitemque
942 3869 971 3925 in
998 3866 1201 3926 arrieeedentia
1231 3866 1322 3925 multo
1349 3867 1517 3928 celeriorem
1548 3886 1638 3945 quam
1671 3872 1701 3928 iu
1733 3871 1786 3948 pri·

438 3957 554 4026 mariis,
586 3971 644 4012 non
667 3962 779 4012 tantum
805 3956 832 4010 iu
857 3957 1043 4032 proportione
1067 3953 1214 4013 celerioris
1236 3953 1348 4014 reditus
1371 3954 1487 4030 Lunae,
1512 3956 1565 4016 sed
1588 3957 1680 4034 plane
1703 3958 1788 4018 sensi·

437 4038 548 4112 biliter,
573 4051 601 4101 ei
625 4040 749 4099 limitum
773 4041 890 4117 quidem
915 4045 1155 4102 retrocessionem
1178 4043 1305 4119 amplius
1327 4059 1415 4119 quam
1439 4043 1529 4121 drrplo
1552 4044 1714 4106 tardiorem
1728 4061 1789 4124 pro·

435 4144 536 4201 gressu
564 4128 708 4207 apsidum.

526 4215 618 4274 Luna
640 4235 704 4276 non
726 4220 863 4275 emetitur
886 4219 1011 4276 ulter-ms
1034 4236 1118 4276 nunc
1140 4218 1219 4275 bunc
1242 4235 1326 4275 nunc
1340 4221 1509 4294 oppositum
1525 4224 1665 4295 corporis
1678 4230 1788 4298 portas

435 4302 479 4359 ud
507 4303 632 4361 Tenum
663 4312 849 4363 conuertere:
877 4323 995 4381 semper
1023 4310 1103 4364 enim
1127 4304 1245 4363 cottion
1266 4306 1357 4380 sotici
1382 4305 1491 4364 Lunae
1513 4308 1655 4365 mactatus
1678 4311 1789 4385 coaspi-

436 4392 542 4448 eimue.
593 4391 696 4467 Quare
723 4392 794 4449 ltine
821 4410 881 4449 uon
904 4401 1048 4469 poterisnt
1069 4397 1131 4469 peti
1153 4409 1263 4451 musae
1285 4411 1418 4452 uocemue
1439 4402 1466 4451 et
1490 4412 1620 4453 recessus
1643 4395 1789 4455 Lttnotu

443 4473 559 4535 Temo?
587 4483 611 4537 l.
635 4478 700 4537 Nou
724 4488 767 4538 esi
792 4495 919 4549 trecesse,
942 4491 975 4540 ut
999 4482 1086 4539 librae
1109 4482 1290 4555 uraguetieae
1308 4480 1437 4540 Lunares
1461 4484 1489 4537 in
1513 4481 1631 4540 duobus
1654 4484 1789 4561 oppositis

437 4562 549 4635 periodi
580 4566 760 4642 temporibus
791 4576 870 4625 reeta
898 4567 1059 4643 dirigantur
1087 4586 1189 4627 sersus
1212 4567 1347 4627 Terram:
1377 4568 1485 4627 sufficit
1513 4579 1544 4627 ui
1577 4570 1614 4627 iis
1639 4571 1789 4631 momentis

328 4727 333 4735 Ι
435 4646 541 4704 saitem
574 4653 729 4713 inclinatae
760 4656 817 4711 sini
847 4654 966 4713 altemis
994 4655 1091 4732 plagis
1122 4672 1223 4716 versus
1245 4655 1364 4715 Terram
1396 4658 1481 4732 isque
1508 4657 1600 4716 fibrae
1628 4658 1704 4718 situs
1734 4666 1789 4717 toto

436 4733 539 4792 Lunae
569 4740 688 4798 circuitu
719 4751 835 4800 moneat
859 4742 1025 4817 parallelus.
1073 4743 1145 4801 Nam
1170 4745 1259 4801 etiam
1282 4746 1324 4802 sic
1347 4745 1408 4803 lieri
1432 4752 1546 4821 potest,
1579 4751 1612 4803 ut
1635 4763 1716 4805 nuuc
1736 4761 1788 4804 uus

433 4821 523 4879 fibrae
547 4821 632 4898 plaga
656 4831 775 4905 propius
799 4828 836 4885 ad
861 4827 980 4887 'lernam
1003 4840 1123 4890 annuat.
1149 4848 1224 4889 nuuc
1247 4832 1392 4908 opposita.
1439 4831 1521 4891 Haeo
1546 4849 1618 4891 vero
1642 4831 1787 4892 iuciimtio

433 4911 457 4964 si
481 4926 571 4984 parra
593 4914 639 4970 sir.
662 4916 721 4986 jam
745 4920 826 4974 visus
850 4926 1028 4975 nosternon
1051 4927 1094 4975 est
1118 4929 1177 4975 tam
1201 4927 1371 4980 accuratus.
1395 4928 1427 4977 ut
1451 4922 1480 4976 in
1504 4918 1587 4978 disco
1612 4918 1717 4982 Lunae
1738 4936 1786 4979 ex·

433 4999 580 5056 attissime
597 5003 688 5075 possit
704 5003 868 5072 obseruare,
892 5020 1080 5079 nunquamne
1096 5006 1125 5061 in
1142 5006 1324 5080 marginibus
1339 5005 1419 5082 globi
1438 5006 1573 5078 Lunaris,
1592 5010 1644 5083 qui
1661 5017 1785 5086 spectaui

435 5098 533 5140 versus
556 5085 640 5161 polos
661 5087 821 5164 eclipticas,
846 5090 1006 5167 particulae
1022 5090 1141 5166 aliquae
1157 5095 1288 5153 minutae
1302 5111 1367 5153 sese
1384 5093 1609 5173 conspiciendus
1623 5096 1783 5158 exhibeant,

434 5183 510 5239 quae
532 5171 590 5231 aiio
614 5185 744 5249 tempore
767 5194 823 5235 uou
844 5176 1006 5237 videantur.
1047 5178 1121 5239 Nam
1144 5191 1172 5239 et
1197 5179 1329 5242 devexae
1352 5191 1421 5241 sunt
1444 5181 1513 5242 iliae
1536 5192 1636 5261 partes
1659 5183 1740 5262 globi
1759 5191 1782 5237 st
