4459 6275
440 784 500 843 ite
936 781 1077 852 epitome
1095 781 1285 839 nuouoruiee

533 954 618 1015 Num
641 958 736 1032 icitur
756 956 850 1034 piune
871 966 913 1017 cet
933 961 1070 1035 inponite
1090 961 1192 1037 (tyreu
1214 958 1432 1036 epioerieeem?
1459 959 1593 1037 Ingeniin
1621 958 1729 1039 elicitur
1746 978 1786 1023 re·

440 1051 544 1119 epeciu
568 1042 725 1119 figurarum
740 1052 917 1119 ceterarum,
949 1048 1020 1122 quie
1039 1045 1122 1107 nuile
1143 1046 1259 1107 illorum
1281 1045 1433 1106 modorum
1454 1048 1591 1125 gignitur,
1622 1046 1677 1109 κά
1698 1048 1788 1127 poth

442 1138 553 1208 puucte
575 1138 605 1190 et
626 1128 722 1191 locum
745 1140 874 1209 precetet
896 1132 1050 1209 giguendie
1072 1135 1193 1210 ceterie3
1216 1150 1320 1213 pereo
1341 1132 1686 1213 verobebetquenilere
1706 1150 1789 1213 geet-

436 1219 557 1278 retlouie
580 1216 698 1278 modum
721 1217 808 1295 longe
830 1219 1075 1297 diversissimum,
1106 1238 1163 1281 nou
1186 1223 1225 1282 eb
1248 1221 1323 1295 elio,
1352 1219 1405 1282 ectl
1427 1238 1447 1281 e
1468 1238 1523 1283 euo
1545 1224 1649 1283 inbuto
1673 1232 1787 1300 puuete,

437 1304 473 1367 de
496 1320 555 1382 quo
578 1305 659 1364 inire

525 1391 627 1452 Probe
657 1392 849 1467 sphaericum
878 1397 971 1452 etium
991 1394 1167 1471 iiqururum
1194 1396 1446 1472 eiorplicieeimum
1481 1403 1509 1455 et
1539 1396 1787 1473 persedieeieeen

436 1496 502 1539 eeec.
548 1476 649 1539 Omnie
673 1482 701 1537 iu
725 1478 941 1558 multiplicitate
963 1481 1142 1559 imperiectio
1164 1490 1218 1556 eet,
1241 1484 1271 1540 in
1293 1481 1479 1558 simplicitate
1497 1481 1697 1559 pulchritudo.
1734 1481 1788 1543 (ie-

436 1575 516 1627 teree
538 1564 657 1643 liguree,
680 1583 757 1643 quee
780 1568 925 1645 periectee
947 1566 1090 1643 dicuutur,
1115 1568 1290 1629 clauduntur
1311 1567 1415 1647 pleuie,
1438 1585 1493 1629 euo
1508 1585 1645 1647 queeque
1660 1584 1787 1641 numero,

437 1656 465 1712 iu
489 1669 565 1730 quee
588 1661 618 1713 et
638 1652 825 1714 reeolvuntur
846 1672 899 1715 eeu
923 1653 1107 1731 dividuntur3
1141 1672 1217 1732 quae
1239 1655 1345 1733 plene,
1377 1672 1444 1716 cum
1465 1658 1524 1715 eiut
1554 1659 1631 1715 inter
1651 1674 1685 1717 ee
1707 1656 1790 1715 uniee

436 1742 534 1801 omniu
555 1738 671 1813 eimilie,
693 1740 879 1818 perieuionis
902 1758 1008 1802 nomeu
1030 1744 1156 1820 pariunt.
1201 1742 1392 1820 Spbeerieum
1406 1744 1571 1803 continetur
1584 1744 1675 1805 unice
1690 1758 1790 1821 eriper-

436 1828 510 1900 iieic,
533 1820 723 1904 undiqueque
746 1829 802 1888 eibi
825 1828 986 1904 simillime,
1010 1832 1098 1906 inque
1122 1846 1156 1890 ee
1178 1832 1270 1907 ipsam
1293 1828 1432 1890 redeunte
1458 1847 1550 1908 eoque
1573 1831 1671 1909 ipeem
1691 1832 1789 1891 terd-

435 1922 541 1990 nente;
562 1931 617 1975 nec
638 1915 858 1993 ullumuepiem
881 1924 925 1976 cet
948 1919 1118 1994 vestigium,
1150 1916 1228 1994 quod
1256 1915 1294 1976 eil
1326 1916 1500 1977 divisionem
1527 1918 1641 1995 rigum
1660 1924 1789 1996 preeeel.

436 2000 523 2078 Quod
546 2011 644 2063 eutem
674 2003 704 2060 in
727 2013 824 2078 pertee
853 2012 898 2064 eet
919 2002 1057 2079 dividua,
1088 2003 1119 2064 ld
1140 2007 1168 2065 el
1198 2004 1320 2077 eccidit,
1353 2012 1387 2063 ut
1414 2007 1563 2082 queuiitee
1585 2014 1646 2080 cet,
1679 2020 1742 2065 nou
1760 2012 1790 2065 nt

435 2090 537 2167 ligure
1370 2092 1381 2113 “

524 2174 641 2237 Deinde
664 2182 778 2235 ceterae
799 2175 909 2251 figurae
930 2194 990 2237 uon
1013 2186 1081 2237 eunt
1103 2178 1263 2256 perlectae,
1291 2178 1348 2236 niel
1370 2178 1453 2236 trinio
1475 2184 1609 2237 contient
1631 2176 1790 2237 dirreeeeio-

437 2264 524 2322 uibue
553 2264 690 2339 intusque
721 2263 780 2321 eint
809 2263 913 2340 pleuee
944 2272 974 2324 et
999 2266 1084 2341 queei
1118 2266 1306 2335 meteriutee,
1337 2262 1415 2324 unde
1444 2272 1475 2325 et
1502 2280 1626 2341 corpore
1647 2264 1789 2325 tlictmtu.

437 2349 628 2428 sphaericum
651 2351 835 2410 immeterleti
858 2354 999 2412 reticueru
1021 2351 1121 2425 hebet,
1145 2353 1215 2429 quie
1236 2349 1408 2431 intelligitur
1429 2350 1656 2412 eineeoliditete
1670 2354 1790 2413 iuteree.

438 2437 581 2497 Diiieruut
610 2453 736 2513 nemque
764 2436 870 2514 globus
900 2447 929 2498 et
957 2438 1150 2518 epheericum.
1200 2437 1278 2498 llluil
1308 2440 1384 2499 enim
1413 2437 1519 2513 globus
1545 2447 1604 2513 eet,
1638 2438 1722 2518 quoti
1752 2436 1787 2499 ile

436 2523 531 2585 eolltlo
554 2541 675 2602 corpore
698 2524 881 2600 sphaericum
903 2528 981 2586 intuo
1002 2525 1137 2586 exhaurit
1159 2536 1188 2586 et
1209 2528 1286 2585 intre
1307 2542 1340 2586 ee
1363 2523 1470 2585 condit

523 2616 565 2671 At
586 2611 737 2672 immobile
766 2629 830 2673 non
859 2612 936 2672 dicer
963 2613 1171 2688 epbuericum,
1204 2631 1274 2671 cum
1303 2613 1346 2672 uui
1365 2619 1482 2673 motum
1506 2612 1597 2671 nullu
1616 2612 1723 2690 tipum
1753 2614 1789 2672 di

437 2699 561 2778 aptior?
602 2697 703 2759 Mutuo
725 2701 754 2758 ln
776 2700 961 2776 geometricis
983 2716 1042 2759 uon
1064 2708 1143 2760 recte
1165 2700 1301 2759 tribuitur
1321 2699 1437 2776 liguris,
1462 2700 1571 2777 quippe
1592 2700 1678 2760 nulle
1698 2698 1790 2777 flm

436 2789 706 2865 pureqecmctrice
733 2786 869 2846 mobilior
898 2797 943 2847 eet
965 2785 1065 2847 altere.
1110 2786 1236 2864 Phyeiee
1263 2802 1332 2846 vero
1360 2788 1386 2846 ei
1408 2785 1589 2859 concideree,
1622 2802 1728 2849 rerum
1748 2794 1791 2847 eet

438 2872 598 2935 ”cundum
621 2871 702 2950 quid.
747 2872 822 2933 llum
844 2875 870 2933 ei
892 2890 996 2951 corpur
1018 2871 1174 2934 rotundum
1197 2881 1323 2951 ponetur
1344 2876 1374 2933 in
1388 2874 1478 2952 pleno
1500 2872 1683 2951 eeeeiietqne
1697 2882 1791 2935 motet

438 2971 609 3022 extreneuer
644 2959 761 3020 ‹luebue
793 2960 838 3021 bie
872 2959 1087 3021 conditionibus
1119 2963 1224 3038 poeitie
1256 2961 1371 3021 mobiiie
1404 2961 1497 3038 ligure
1524 2969 1580 3022 cet.
1623 2960 1676 3023 Sic
1702 2964 1790 3023 etin

436 3049 547 3126 ligurire
569 3046 731 3124 enguloeue
754 3047 914 3108 secuudum
936 3046 1007 3125 quid
1028 3056 1098 3108 euut
1118 3048 1247 3121 etebilee,
1271 3050 1445 3108 ninimirum
1468 3047 1649 3108 collocentur
1670 3050 1702 3107 iu
1723 3046 1791 3129 ple·

437 3139 508 3196 nitie
530 3152 618 3214 cuper
639 3133 793 3214 plenorum
823 3152 941 3196 suorum
970 3152 1039 3197 uno.
1084 3134 1136 3196 Sin
1160 3144 1258 3197 eutem
1289 3134 1378 3197 telem
1404 3135 1527 3215 ligurem
1554 3134 1683 3198 colioeee
1705 3151 1792 3215 super

436 3240 522 3283 cuum
544 3223 685 3301 euqulum
703 3223 791 3299 juxte
812 3223 1004 3300 epheerlcum,
1025 3221 1104 3300 quod
1126 3229 1220 3283 totum
1243 3222 1368 3300 ungulus
1383 3232 1442 3298 eet,
1465 3222 1650 3301 epheericum
1671 3223 1790 3302 quien

437 3313 582 3388 quiescet,
613 3309 756 3387 enguloee
786 3327 855 3372 vero
886 3328 919 3371 ee
941 3313 1005 3390 ipre
1033 3312 1199 3384 movebitur
1227 3312 1317 3388 inque
1344 3328 1433 3370 unum
1463 3327 1582 3370 suerum
1603 3309 1790 3387 plenitierete

439 3397 619 3475 procumbet.
664 3396 768 3473 Itaque
791 3415 826 3458 eo
850 3401 914 3475 ipro
936 3398 1086 3459 immobile
1108 3401 1198 3458 etiem
1219 3397 1403 3475 sphaericum
1425 3397 1538 3471 elicitur,
1560 3400 1633 3474 quie
1654 3397 1741 3459 nulle
1760 3399 1790 3458 h

435 3493 519 3562 perte
541 3469 660 3545 c'trueem
683 3484 774 3543 ullum
797 3486 873 3544 intre
894 3483 927 3545 'ee
949 3485 1039 3546 hebet
1061 3483 1098 3544 ed
1121 3493 1241 3559 urcium,
1265 3502 1330 3544 eum
1345 3486 1383 3542 eit
1405 3483 1594 3561 undiqueque
1613 3484 1714 3546 eimlle
1735 3485 1789 3546 eei

433 3571 493 3632 Sed
517 3589 570 3632 nec
592 3579 674 3631 extra
697 3589 728 3631 ee
752 3574 781 3631 ln
805 3572 865 3632 elie
887 3573 987 3649 ulique
1009 3574 1172 3649 quantitate
1195 3589 1314 3632 oeueem
1336 3572 1502 3644 metricum,
1531 3580 1582 3631 eut
1604 3573 1790 3649 geometri&

432 3660 658 3739 proprietatibus
682 3658 720 3718 ed
743 3667 854 3719 motum
877 3660 1029 3739 physicum
1052 3660 1227 3736 diepueitem
1248 3661 1370 3733 invertit,
1392 3676 1458 3720 cum
1474 3658 1630 3737 probetum
1653 3661 1702 3735 eir,
1725 3675 1789 3722 ene

432 3749 555 3825 primum
577 3746 734 3823 ngurarum
756 3750 894 3807 omnium.

522 3834 583 3912 Qui
603 3834 757 3910 probabit,
780 3835 972 3909 ephocricum
994 3833 1050 3892 eibi
1072 3836 1130 3911 ipsi
1159 3834 1287 3909 utileque
1308 3831 1465 3909 mffleere?
1507 3833 1634 3909 Figuree
1662 3841 1787 3908 oetan

433 3930 466 3982 ut
489 3919 560 3997 diri,
584 3921 697 3998 plenie,
728 3920 818 3997 piune
840 3916 938 3990 iiuele,
970 3920 1065 3981 llneee
1088 3921 1203 3998 puuetie
1226 3918 1427 3979 describuntur
1450 3926 1481 3980 et
1502 3917 1789 3997 comprehenduntur

432 4018 460 4069 et
483 4011 681 4081 terminentur,
705 4016 814 4084 puncta
836 4026 907 4069 nero
929 4009 1017 4067 eitum
1040 4010 1190 4084 requirunt
1212 4008 1241 4065 in
1264 4005 1377 4084 epittio,
1400 4015 1430 4066 ut
1454 4008 1581 4084 eputium
1603 4005 1669 4066 vult
1690 4007 1788 4069 deur·

432 4099 535 4157 mineri
557 4095 658 4173 ulique
681 4097 837 4157 embleute.
883 4094 1072 4173 sphaericum
1100 4112 1133 4155 ee
1155 4096 1219 4170 ipso
1244 4095 1374 4152 innixum
1401 4093 1475 4153 ninii
1496 4095 1617 4171 requirit
1639 4101 1724 4156 extre
1746 4111 1787 4168 ee,

434 4182 514 4260 quod
536 4200 595 4242 uon
618 4186 713 4259 ipsum
735 4184 788 4258 eit,
811 4199 844 4243 ee
866 4183 931 4261 ipeo
954 4183 1030 4241 eninr
1053 4183 1223 4241 terminetur
1244 4197 1338 4258 eoque
1353 4184 1417 4257 ipee
1439 4180 1536 4240 iocum
1559 4183 1636 4240 intre
1657 4198 1691 4242 ee
1715 4197 1787 4242 ecee·

432 4269 532 4343 eludit,
556 4272 585 4327 iu
602 4286 660 4346 quo
672 4277 789 4346 punctu,
805 4269 909 4341 lineec,
924 4268 1099 4346 euperticiee,
1117 4281 1239 4345 corpore
1254 4269 1391 4328 conentui
1406 4270 1547 4346 principio
1563 4267 1632 4327 <leto
1647 4255 1801 4346 puerunt·

522 4360 574 4418 An
595 4374 666 4417 vero
692 4364 720 4416 et
741 4359 914 4415 creatricem
936 4359 1095 4416 wnetituce
1121 4356 1255 4431 aprorum
1276 4355 1357 4413 bunc
1383 4363 1552 4415 aterumm
1582 4363 1611 4414 ct
1631 4363 1786 4418 eume·

432 4443 559 4503 tricem?
604 4442 638 4502 lul
662 4443 780 4520 quidem
802 4451 908 4503 noruut
929 4450 1108 4520 geometrae,
1138 4458 1253 4502 omnem
1275 4440 1473 4501 eimiiiturlinie
1495 4445 1524 4500 iu
1548 4444 1654 4503 ceterle
1676 4443 1788 4522 ilperie,

432 4547 548 4591 omnem
570 4533 700 4604 retionie,
724 4545 839 4591 omnem
860 4530 1046 4608 perfectionis
1061 4528 1305 4606 pulchritudinem
1328 4529 1509 4605 eepbeerieo
1529 4528 1694 4590 deriveteru
1716 4533 1789 4610 ipffl

432 4620 537 4679 lneeee.
582 4617 657 4676 Nem
679 4617 768 4694 plene
790 4620 875 4678 uuiue
899 4620 1026 4696 corporis
1050 4619 1149 4677 omnie
1164 4616 1271 4677 debent
1292 4614 1436 4692 quedrere
1450 4618 1480 4674 in
1496 4614 1636 4676 circulum
1651 4617 1788 4690 eundem

432 4706 556 4767 circulus
580 4723 650 4765 vero
673 4723 709 4764 er
731 4705 882 4782 epireerieo
904 4715 958 4778 eet,
982 4713 1015 4766 ot
1036 4704 1156 4765 dictum.
1200 4702 1277 4762 Tum
1304 4711 1403 4762 eumue
1433 4702 1558 4780 clieujue
1585 4703 1699 4780 iiguree
1720 4721 1789 4784 pee-

432 4794 527 4854 ieciee
549 4792 650 4872 eupuli
674 4791 760 4851 solidi
783 4808 883 4852 omnes
905 4791 1012 4853 debent
1033 4791 1197 4869 ecquelitcr
1218 4809 1237 4849 e
1259 4799 1358 4850 centro
1381 4790 1490 4867 tlguree
1512 4791 1634 4862 ebeeee,
1666 4791 1726 4852 boc
1745 4803 1789 4854 eet

434 4883 461 4938 in
485 4879 587 4940 eodem
610 4880 762 4956 sphaerico
784 4889 870 4939 utere.
917 4879 969 4938 Bet
990 4881 1078 4956 igitur
1100 4878 1283 4955 epheericum
1312 4879 1416 4938 ceterie
1437 4877 1537 4955 ligurio
1560 4893 1652 4939 ceuee
1674 4879 1789 4958 periet·

434 4969 522 5027 tionie
544 4978 574 5026 et
596 4982 707 5040 norme,
730 4964 809 5043 quod
831 4966 921 5026 hebet
942 4969 1086 5025 rationem
1108 4967 1226 5026 formee.

520 5053 708 5131 Comperetlo
738 5071 808 5113 vcro
837 5052 961 5113 luterum
989 5052 1099 5128 liguree
1127 5060 1158 5113 et
1187 5051 1225 5111 eil
1254 5059 1365 5111 eetcrm
1391 5053 1520 5129 corporis
1542 5051 1730 5115 cimeteria
1759 5065 1789 5116 et

433 5141 558 5220 plurium
589 5155 741 5218 corporum
771 5141 845 5202 iuter
867 5157 899 5200 ee
930 5139 962 5198 tit
984 5155 1042 5198 uou
1065 5139 1151 5201 eliter
1179 5155 1268 5216 quem
1290 5155 1326 5199 ex
1353 5141 1451 5214 poeito
1473 5139 1643 5218 epbeerico,
1674 5142 1707 5202 ire
1727 5157 1788 5220 qee

435 5231 532 5291 omnie
555 5229 644 5288 ineint
666 5242 796 5305 corpere,
819 5228 942 5305 ejueque
964 5225 1108 5304 epbeerici
1130 5225 1274 5288 (tiemone
1296 5226 1383 5286 certio
1405 5226 1567 5288 reticuibue
1582 5225 1690 5290 diriee.
1737 5227 1789 5290 Fet
