4459 6275
522 757 586 819 sot
1021 750 1163 823 Epitoures
1180 752 1372 809 astronomiae

520 932 664 1010 superiori
686 930 766 1005 editi,
789 946 856 990 cum
878 930 959 989 libris
979 929 1147 990 Aristotelis
1170 928 1206 990 de
1230 929 1320 991 Cocio
1343 940 1371 991 ει
1394 930 1682 1012 Meiaphysicorum,
1707 934 1755 997 rei
1779 934 1876 1015 pbilo-

520 1019 629 1099 sophis
650 1038 668 1079 a
691 1018 869 1077 curiositatis
892 1025 922 1078 et
944 1019 1112 1077 novationis
1134 1020 1264 1095 protritis
1287 1018 1539 1080 criminationibus
1562 1021 1740 1084 vindicatur.

610 1104 675 1177 Hae
698 1113 767 1164 sunt
790 1106 878 1182 igitur
901 1122 937 1164 ex
960 1103 1087 1182 epistola
1109 1104 1189 1165 dicta
1210 1107 1366 1183 pericopae
1389 1107 1427 1165 ad
1450 1110 1614 1169 institutum
1635 1114 1829 1188 pertinentes

607 1194 654 1253 lle
670 1191 828 1252 Aristotele
851 1191 922 1250 mihi
939 1192 1041 1252 videor
1063 1210 1129 1252 esse
1152 1209 1284 1253 securus:
1307 1192 1517 1254 screnissimus
1540 1198 1569 1253 in
1591 1196 1784 1275 philosophia
1806 1198 1875 1259 l'ia·

521 1283 637 1341 ionicus
660 1288 721 1354 esi,
746 1282 774 1337 in
797 1278 939 1357 religione
963 1279 1162 1339 Christianus:
1193 1279 1333 1356 quicquid
1356 1284 1476 1358 propius
1500 1286 1657 1359 convincit,
1680 1285 1730 1345 sel
1753 1288 1876 1362 primum

521 1385 540 1428 a
562 1378 642 1428 certo
665 1370 804 1444 temporis
827 1369 911 1427 initio
934 1366 1083 1427 conditum
1107 1384 1171 1427 esso
1193 1366 1334 1425 mundum
1364 1365 1414 1449 (ιιι
1435 1380 1480 1429 est
1501 1386 1576 1446 opus
1597 1387 1696 1431 meum
1718 1372 1876 1433 [immoni-

520 1454 616 1533 cum),
640 1455 688 1515 vel
712 1455 782 1514 olim
806 1454 988 1515 interiturum
1010 1462 1063 1514 aut
1084 1454 1189 1513 saltem
1212 1454 1372 1513 obnoxium
1395 1474 1460 1516 esse
1483 1458 1612 1517 interitui
1638 1458 1683 1536 (ut
1710 1465 1781 1517 aaut
1803 1459 1876 1521 aite-

518 1546 647 1603 rationes
668 1559 758 1602 aurae
781 1540 937 1602 aethereae
960 1551 990 1602 et
1012 1539 1175 1620 coelestis),
1203 1540 1233 1599 id
1255 1540 1464 1602 Serenissimus
1486 1544 1584 1604 odisse
1606 1561 1665 1603 noa
1686 1551 1803 1621 potest,
1824 1562 1875 1605 aec

519 1632 691 1709 magistrum
713 1628 902 1689 Aristotelem
927 1630 1052 1702 ceritati,
1076 1646 1166 1705 quam
1189 1630 1337 1703 ignoravit
1360 1630 1417 1703 iile,
1440 1633 1583 1707 praeierat
1605 1650 1746 1708 unquam.

607 1715 720 1793 Quodsi
744 1716 917 1777 Aristoteles
941 1715 1020 1793 apud
1043 1716 1268 1776 serenissimum
1291 1727 1336 1776 est
1357 1719 1386 1774 iu
1409 1720 1523 1793 pretio,
1553 1720 1647 1779 sicubi
1669 1718 1874 1796 philosophiae

519 1804 622 1884 pandit
645 1807 800 1882 mysteria,
825 1808 850 1863 si
873 1804 944 1880 quid
966 1813 1019 1863 aut
1040 1807 1170 1882 graviter
1188 1812 1296 1876 aronet,
1320 1811 1371 1864 ant
1393 1803 1582 1865 laudabiliter
1604 1814 1716 1867 tentat:
1739 1806 1874 1884 equidem

523 1896 547 1952 is
571 1902 632 1965 est,
657 1895 707 1969 qui
736 1894 850 1969 quaerit
873 1892 923 1951 iib.
948 1889 987 1951 il.
1018 1891 1054 1952 de
1078 1891 1172 1952 Coelo
1200 1909 1265 1969 cup.
1290 1894 1324 1951 b:
1348 1911 1450 1969 paam
1480 1894 1517 1952 ab
1542 1912 1668 1953 canaam
1690 1895 1799 1970 plures
1818 1898 1875 1953 sint

518 1980 643 2041 motus?
665 1982 741 2040 sicat
764 1996 819 2058 ego
842 1996 962 2056 quaero,
986 1998 1066 2055 quae
1087 1982 1150 2039 sint
1170 1996 1281 2039 casem
1301 1984 1426 2039 numeri
1440 1980 1660 2055 planetarum?
1680 1980 1806 2057 Quaerit
1828 1980 1873 2041 iiie

518 2086 581 2144 seq.
605 2084 669 2144 cap.
695 2068 732 2126 5:
764 2085 858 2143 quam
886 2067 923 2127 ob
952 2084 1078 2125 causam
1101 2067 1216 2127 coelum
1235 2068 1342 2142 potius
1362 2068 1402 2126 ab
1424 2076 1507 2139 ortu¹
1520 2070 1644 2145 feratur
1665 2072 1701 2129 in
1723 2086 1873 2147 oceasum,

519 2174 613 2233 quam
637 2154 676 2213 ab
699 2171 807 2213 occasu
831 2158 862 2212 in
885 2154 1011 2214 omum?
1032 2156 1108 2214 sicut
1131 2170 1187 2230 ego
1210 2170 1329 2230 quaero,
1352 2172 1446 2230 quam
1470 2155 1507 2215 ob
1526 2173 1592 2215 rem
1607 2156 1734 2233 quilibet
1745 2158 1872 2233 maneta

517 2246 641 2323 seratur
662 2248 750 2301 tanta
773 2242 932 2321 eeleritate,
954 2258 1016 2301 non
1039 2243 1157 2316 maiore
1177 2258 1233 2301 nee
1253 2242 1397 2300 minore?
1418 2242 1540 2317 Quaerit
1562 2260 1627 2321 cap.
1652 2246 1682 2315 9,
1705 2262 1750 2303 aa
1772 2244 1872 2303 stellae

517 2348 606 2393 renos
627 2328 719 2389 εᾰαιιι
741 2329 917 2390 barrnonice
938 2336 1186 2405 contemperatus,
1210 2338 1366 2405 negatque.
1400 2328 1462 2405 Ego
1485 2334 1661 2390 sententiam
1685 2327 1800 2403 divido,
1823 2348 1871 2391 so·

518 2434 574 2478 nos
595 2418 673 2478 euim
695 2416 825 2477 concedo
847 2415 944 2477 nullos
967 2416 1031 2487 cdi,
1059 2424 1089 2476 at
1113 2426 1211 2476 motuis
1232 2415 1345 2476 aiiinuo
1368 2425 1399 2476 et
1423 2415 1589 2478 demonstro
1612 2434 1678 2477 esse
1700 2426 1870 2495 contemps-

518 2514 598 2565 ratos
619 2503 857 2583 proportionibus
878 2503 1064 2564 harmonicis.
1111 2502 1234 2579 Quaerit
1255 2520 1320 2583 cap.
1339 2504 1388 2563 10.
1404 2503 1440 2563 de
1461 2505 1666 2581 sphaerarum
1688 2502 1813 2578 ordine,
1835 2504 1869 2561 dr

518 2592 703 2667 taumatia,
729 2592 765 2651 de
782 2595 985 2669 proportione
1006 2599 1147 2651 motuum
1170 2590 1213 2649 ad
1233 2591 1333 2665 orbes,
1367 2590 1418 2651 sed
1442 2594 1556 2667 quaerit
1579 2599 1693 2651 tantum
1717 2590 1871 2667 deficitque

487 2744 490 2751 ,
518 2684 549 2740 ιιι
578 2688 695 2740 conatu.
739 2680 804 2758 Ego
833 2696 892 2739 uon
922 2682 979 2739 ista
1008 2688 1122 2739 tantum
1153 2678 1278 2755 expedio
1310 2678 1607 2739 demonstrationibus
1630 2678 1871 2740 luculentissimis

517 2786 569 2848 per
584 2770 714 2845 quinque
730 2783 853 2844 corpora
867 2768 1021 2844 regularia,
1045 2766 1097 2827 sed
1120 2768 1240 2843 insuper
1260 2772 1291 2826 et
1311 2784 1462 2826 numerum
1477 2766 1660 2844 planetamm
1676 2764 1801 2843 adjicio,
1820 2766 1872 2827 de·

517 2854 637 2916 ductum
659 2872 696 2915 ex
723 2854 896 2933 archetypo,
929 2865 961 2914 ut
984 2862 1112 2925 constet,
1141 2853 1281 2913 mundum
1305 2871 1368 2913 esse
1392 2864 1532 2915 creatum.
1576 2852 1699 2930 Quaerit
1722 2872 1789 2935 cap.
1817 2856 1872 2915 ta:

518 2962 613 3021 quemn
636 2942 673 3003 ob
696 2960 758 3003 rem
781 2960 847 3001 non
870 2950 968 3002 motus
991 2946 1023 3002 in
1045 2942 1174 3018 sinpulis
1194 2942 1327 3017 manetis
1348 2960 1418 3001 cum
1441 2946 1505 3020 ipso
1525 2942 1666 3001 descensu
1688 2958 1710 3001 o
1731 2946 1872 3019 ruperim

494 3031 602 3093 ¹ribus
624 3030 668 3089 ad
688 3033 848 3108 inferiores
869 3032 1049 3089 inueniatur
1069 3028 1294 3104 multiplicior?
1314 3036 1345 3089 et
1366 3028 1448 3089 addit
1470 3032 1644 3090 senteutiam
1668 3046 1706 3089 ex
1725 3029 1871 3090 modestis

520 3119 713 3180 confessionis
735 3125 765 3178 ci
788 3136 822 3179 ex
846 3118 991 3197 sapientia
1014 3118 1183 3177 assertionis
1206 3118 1390 3178 ornatissime
1412 3125 1621 3196 temperatam:
1644 3124 1805 3191 uniemur,
1827 3120 1872 3176 in·

516 3210 596 3284 quit,
627 3206 723 3266 dicere
746 3207 779 3265 id
798 3207 918 3280 saltem,
942 3205 1025 3283 quod
1044 3223 1103 3281 pro
1126 3223 1198 3263 cero
1221 3212 1371 3281 apparet,-
1400 3206 1594 3266 arbitramur
1622 3209 1706 3264 emm
1734 3207 1870 3282 promti·

519 3295 655 3354 tudinem
678 3298 767 3353 istam
791 3294 976 3368 (verisimilia
999 3296 1086 3352 etiam
1109 3289 1291 3372 proferendi)
1314 3293 1475 3352 modestiae
1492 3297 1597 3370 potius
1618 3294 1714 3370 elapio
1733 3293 1871 3370 dianam,

517 3400 613 3458 quam
635 3381 795 3454 audaciae,
819 3384 845 3438 si
867 3384 934 3456 quis
956 3381 998 3439 ari
1011 3381 1179 3439 sedandam
1196 3380 1402 3457 philosophiae
1416 3385 1506 3454 sitini,
1529 3385 1561 3439 ιιι
1578 3381 1674 3452 rebus,
1698 3383 1783 3439 eirca
1798 3399 1873 3458 quos

516 3472 673 3529 maa-imae
695 3468 897 3527 dubitationes
919 3471 1059 3540 erutuet,
1085 3471 1176 3527 etiam
1199 3469 1361 3526 minutulis
1383 3471 1445 3527 istis
1466 3469 1701 3528 discussionibus
1715 3475 1873 3528 contentus

516 3561 562 3616 sit.
600 3555 664 3632 Ego
687 3573 757 3616 vero
781 3554 882 3616 eadem
906 3554 957 3613 iila
979 3554 1121 3615 laudabili
1136 3555 1342 3633 philosophiae
1365 3558 1413 3614 siti
1440 3554 1584 3616 adductus
1606 3557 1733 3633 primum
1749 3553 1872 3616 nabars

515 3646 589 3704 istas
617 3642 841 3720 multiplicitatis
873 3651 1003 3702 motuum
1033 3646 1061 3700 in
1097 3644 1223 3720 planetis
1244 3643 1369 3720 singuiis
1399 3643 1438 3701 ab
1469 3644 1561 3703 oculis
1594 3645 1795 3704 astronomiae
1817 3642 1872 3703 ab·

516 3733 610 3804 stersi,
635 3729 739 3791 deinde
762 3731 818 3790 boc
841 3729 1070 3790 demonstratum
1092 3729 1222 3790 reddidi:
1246 3747 1304 3790 non
1326 3728 1512 3807 aequabilem
1528 3749 1592 3791 esse
1606 3739 1720 3790 motum
1734 3731 1872 3808 planetae

517 3829 581 3881 toto
604 3821 735 3892 circuitu,
760 3817 839 3896 quod
863 3819 911 3878 illc
935 3835 998 3895 cap.
1025 3820 1052 3877 6.
1078 3828 1106 3878 et
1133 3823 1160 3876 i.
1184 3816 1388 3889 contenderat,
1415 3817 1467 3877 sed
1490 3837 1520 3878 re
1542 3836 1613 3878 sera
1636 3817 1749 3879 intendi
1772 3827 1802 3878 et
1824 3835 1871 3878 re-

515 3910 629 3968 mittere
653 3907 741 3984 idque
770 3906 846 3966 iocis
867 3905 980 3984 periodi
1004 3908 1088 3964 statis
1112 3909 1245 3982 interque
1268 3923 1300 3966 se
1330 3906 1488 3984 oppositis3
1519 3917 1548 3966 et
1570 3923 1675 3966 causas
1699 3907 1871 3966 intensionis

517 3995 678 4056 efficientes
701 4011 754 4056 seu
776 3993 1012 4054 instrumentales
1036 3993 1197 4072 explicari,
1229 3992 1450 4053 diminutionem
1475 3993 1619 4053 interraiii
1642 4012 1661 4053 a
1683 3991 1772 4068 Soio,
1795 3991 1870 4054 uude

517 4082 601 4144 reiut
625 4101 660 4142 ex
682 4083 763 4144 ioute
786 4081 835 4143 illc
858 4094 955 4142 motus
972 4084 1071 4141 oritur.
1112 4083 1246 4158 Denique
1264 4098 1330 4140 cum
1343 4082 1374 4138 in
1391 4097 1567 4158 unoquoque
1582 4080 1704 4159 planeta
1718 4085 1758 4141 sit
1773 4093 1869 4140 motus

517 4171 721 4231 velocissimus
749 4179 778 4230 et
809 4178 906 4229 motus
936 4169 1120 4229 tardissimus
1151 4183 1229 4228 certa
1262 4170 1466 4246 proportione,
1502 4186 1560 4227 non
1590 4171 1725 4245 quaesivi
1755 4179 1868 4228 mutum

516 4275 637 4319 causam
659 4258 748 4335 hujus
769 4259 975 4336 proportionis,
1000 4275 1065 4316 cum
1089 4259 1117 4314 in
1141 4256 1264 4332 singuiis
1286 4259 1418 4328 seorsim,
1442 4266 1503 4315 tum
1525 4259 1653 4317 interae
1676 4259 1818 4330 omnium,
1841 4265 1868 4316 et

517 4362 607 4422 quare
631 4345 774 4406 Satumns
804 4355 832 4404 et
855 4344 973 4423 Jupiter
1001 4344 1161 4405 mediocres
1189 4343 1316 4403 habeant
1343 4347 1587 4416 eccentricitates,
1616 4343 1697 4403 biars
1721 4361 1868 4420 mamista,

517 4433 569 4492 Sol
593 4433 736 4494 etl'enus
759 4436 896 4506 minutas,
920 4431 1081 4492 Mercurius
1103 4435 1277 4491 maximam:
1300 4430 1352 4492 sed
1375 4430 1460 4490 attuli
1484 4433 1571 4491 eiiam
1595 4430 1791 4492 dubitationis
1814 4431 1870 4490 bu·

513 4519 564 4598 jus
586 4522 732 4581 maximae
754 4522 934 4581 solutionem
956 4531 986 4580 et
1007 4518 1217 4580 discussionem
1240 4536 1299 4578 non
1323 4519 1471 4592 viliorem,
1493 4520 1546 4578 sed
1570 4521 1688 4579 omnino
1711 4518 1869 4598 legitimam

516 4624 552 4667 ex
575 4607 735 4688 archetypo
756 4609 917 4668 hamtonici
940 4621 1068 4674 ornatus.
1092 4607 1169 4668 unde
1193 4616 1322 4678 constat,
1345 4624 1400 4666 nec
1422 4606 1570 4666 meliorem
1593 4625 1659 4667 esse
1681 4623 1772 4684 posse
1794 4607 1870 4667 huuc

516 4705 659 4768 ornatum,
683 4714 772 4773 quam
794 4705 847 4768 est,
871 4713 925 4754 nec
948 4695 1007 4754 lieri
1027 4713 1124 4771 posse,
1147 4706 1179 4754 ut
1202 4713 1260 4754 noo
1284 4713 1303 4753 a
1324 4705 1403 4754 certo
1425 4697 1564 4772 temporis
1587 4696 1669 4754 initio
1692 4695 1868 4756 creaturali

514 4783 650 4846 mundus.
688 4783 746 4859 Qui
769 4802 851 4844 meus
874 4791 996 4843 conatus
1021 4783 1196 4842 verecundia
1219 4783 1347 4842 cobiberi
1370 4799 1427 4841 non
1443 4781 1553 4842 debuit.
1577 4779 1747 4842 tortitudine
1771 4783 1869 4850 animi,

514 4874 626 4950 quippe
650 4873 679 4929 ia
701 4889 815 4931 summa
838 4869 946 4930 flducia
968 4887 1088 4946 operum
1113 4870 1169 4929 Dei
1192 4873 1415 4946 conspicuomm
1438 4873 1477 4934 tsi
1501 4873 1548 4929 eui
1570 4876 1657 4929 vacet
1679 4869 1869 4946 cognoscas)

514 4957 705 5037 proferendus
736 4962 765 5016 ιιι
795 4958 890 5019 lucem
921 4959 989 5028 init,
1023 4958 1068 5016 rei
1102 4959 1166 5033 ipsa
1190 4957 1347 5017 Aristotele
1372 4957 1534 5026 hortatore,
1564 4961 1615 5033 qui
1637 4975 1674 5016 ne
1698 4955 1870 5018 verisimilis

516 5046 651 5123 quidem,
684 5045 790 5106 nedum
821 5057 899 5107 certa
928 5058 956 5106 ιι
986 5044 1220 5124 exploratissima
1249 5045 1285 5106 dc
1315 5045 1395 5104 bisce
1423 5048 1646 5121 qutrestionibus
1668 5043 1819 5108 reticenda
1841 5055 1869 5104 et

515 5131 724 5213 supprimenda
756 5143 865 5194 censet.
910 5133 1045 5210 Denique
1074 5131 1122 5192 bic
1144 5146 1188 5193 est
1210 5133 1259 5192 illc
1283 5133 1472 5208 Aristoteles,
1501 5135 1552 5212 qui
1574 5133 1626 5193 lib.
1650 5131 1725 5192 xit.
1772 5131 1868 5192 lieta-

514 5219 628 5302 pltpaie.
650 5239 715 5302 cap.
741 5221 775 5298 8,
804 5238 864 5300 qno
892 5220 959 5284 loco
990 5219 1230 5284 sublimissimam
1257 5219 1464 5300 philosophiae
1486 5239 1558 5284 suae
1579 5229 1711 5301 partera,
1742 5217 1783 5284 de
1804 5219 1868 5280 iiiia
