4459 6275
892 785 1110 843 coenemus.
1145 787 1212 843 rra
1229 785 1330 846 roma.
1359 760 1361 765 ’
1718 753 1788 857 646

522 962 607 1025 Num
634 982 738 1026 omaso
766 965 828 1026 dies
848 969 1007 1029 emacules
1032 986 1088 1046 per
1109 976 1207 1029 totum
1230 983 1350 1028 mom
1380 960 1510 1025 inuicem
1531 974 1603 1045 aaut
1623 967 1788 1044 6666661661

437 1055 463 1111 1.
492 1051 707 1114 Resolutiones
729 1053 847 1130 quidem
869 1057 1000 1131 integrae
1023 1054 1151 1115 Telluris
1181 1053 1219 1116 sd
1245 1053 1366 1133 plenum
1388 1070 1440 1132 per
1467 1050 1590 1113 eandem
1612 1053 1701 1114 fixam
1723 1062 1785 1115 tra·
1845 1102 1855 1127 ,

433 1140 565 1213 ductum
588 1146 622 1199 ut
643 1140 718 1200 libro
740 1143 833 1221 primo
857 1141 982 1216 dictum,
1005 1151 1073 1202 sunt
1096 1143 1135 1203 sd
1157 1159 1272 1202 omnem
1295 1158 1399 1202 sensus
1421 1139 1613 1200 subtilitatem
1636 1141 1787 1219 aequalis-

432 1230 537 1300 simae,
560 1244 698 1288 numerus
720 1236 817 1288 tamen
841 1227 948 1306 aliquis
969 1229 1096 1308 plurium
1118 1230 1336 1290 revolutionum
1358 1227 1525 1288 accumulat
1546 1244 1583 1287 ex
1597 1229 1788 1290 insensilibus

432 1313 606 1376 differentiis
628 1314 740 1392 aliquid
762 1316 910 1389 sensibile,
934 1320 1121 1377 utaestirae
1143 1316 1342 1378 revolutiones
1364 1316 1479 1391 aliquot
1501 1313 1634 1376 differant
1656 1323 1786 1394 tempore

432 1403 472 1462 ab
503 1401 633 1462 hibernis
659 1401 791 1463 totidem.
836 1407 864 1481 2.
899 1404 962 1463 Etsi
991 1421 1059 1465 vero
1088 1404 1176 1482 plaoc
1206 1412 1304 1464 essent
1331 1402 1557 1480 aequalissimae
1587 1402 1786 1465 revolutiones

432 1490 528 1566 ipsius
549 1487 677 1549 Telluris
705 1488 743 1548 ad
765 1489 885 1568 planum
907 1508 959 1568 per
986 1509 1070 1551 axem
1098 1492 1163 1569 ejus
1186 1500 1216 1552 et
1238 1490 1368 1568 aliquam
1389 1490 1478 1548 fixam
1500 1487 1684 1565 traductum,
1711 1482 1788 1551 nori-

432 1576 504 1637 dum
527 1584 626 1636 tamen
648 1586 827 1653 sequeretur,
850 1578 912 1638 dies
934 1578 1082 1638 naturales
1099 1580 1173 1639 inter
1196 1596 1227 1639 se
1243 1577 1329 1655 plane
1352 1575 1390 1637 ad
1405 1592 1534 1654 unguem
1556 1577 1696 1653 aequales
1711 1594 1786 1639 esse.

522 1667 573 1723 Aa
594 1667 690 1741 ipitnr
710 1664 771 1724 dics
793 1668 948 1725 naturalis
969 1684 1034 1726 non
1057 1673 1098 1726 est
1121 1667 1258 1744 aequalis
1279 1669 1415 1742 inteprae
1435 1664 1621 1723 revolutione·
1637 1665 1790 1727 Telluris?

434 1752 488 1811 Est
510 1750 601 1830 paulo
622 1751 746 1827 longior,
770 1753 850 1828 quod
873 1762 954 1831 patet
976 1770 1010 1813 ex
1034 1753 1158 1814 diversis
1180 1756 1333 1829 utriusque
1355 1753 1450 1812 metis.
1494 1749 1570 1810 Nam
1592 1759 1687 1828 meta,
1711 1769 1788 1830 quae

433 1837 612 1899 determinat
633 1838 846 1917 revolutionem
867 1844 998 1919 ¹corporis
1020 1840 1147 1920 Telluris
1170 1844 1313 1917 integram
1336 1841 1412 1899 ciros
1433 1853 1520 1898 suum
1537 1854 1631 1911 arem,
1655 1846 1699 1899 est
1720 1839 1787 1917 pla-

433 1942 504 1986 num
526 1918 648 2002 aliquod
670 1942 722 2002 per
743 1943 829 1985 axam
851 1927 976 1988 Telluris
1005 1926 1125 1988 ductum
1147 1926 1371 2000 invariabiliter,
1402 1942 1455 1986 seu
1477 1925 1558 2002 quod
1585 1942 1684 1986 annuo
1706 1934 1789 1988 motu

432 2012 482 2093 (de
505 2028 566 2089 quo
589 2011 664 2072 libro
689 2008 757 2094 Vl.)
780 2029 846 2073 cum
868 2016 933 2093 ipso
956 2033 1010 2076 are
1033 2015 1159 2076 Telluris
1182 2013 1383 2076 circumlatum
1405 2029 1465 2073 nou
1487 2020 1583 2073 mutat
1607 2014 1696 2073 situm
1718 2032 1789 2092 par·

434 2102 518 2171 tium,
542 2098 595 2160 sed
617 2106 717 2159 manet
738 2101 795 2159 sibl
818 2103 875 2178 lpsl
897 2100 1079 2179 parallelum,
1103 2107 1133 2162 ln
1156 2111 1298 2180 quantum
1319 2100 1431 2161 scilicet
1447 2101 1511 2160 axis
1532 2102 1596 2177 ipse
1612 2100 1668 2161 slbl
1690 2100 1790 2178 paral-

433 2186 510 2247 lelus
533 2194 641 2259 manet,
663 2194 696 2246 ut
719 2187 802 2248 rides
824 2190 903 2266 apud
926 2190 976 2249 PL
999 2192 1028 2249 in
1052 2190 1187 2250 omnibns
1210 2196 1337 2268 quatuor
1357 2187 1473 2250 sitibus.
1518 2187 1555 2247 Et
1577 2185 1660 2248 locus
1682 2188 1790 2266 aliquis

434 2276 464 2333 in
496 2273 651 2351 superficie
685 2273 792 2335 Terrae
819 2282 889 2337 tunc
928 2285 1060 2338 censetur
1098 2280 1242 2354 integram
1281 2276 1412 2353 aliquam
1443 2274 1657 2336 revolutionem
1684 2276 1788 2337 absol-

434 2362 527 2434 61666,
560 2378 626 2420 eom
654 2362 684 2419 iu
707 2360 765 2422 boc
785 2360 905 2438 planum
928 2364 1002 2425 Psu
1025 2364 1209 2448 eandemque
1231 2364 1296 2441 ejus
1319 2370 1433 2440 partem
1456 2363 1585 2423 recurrit.
1630 2362 1671 2421 At
1702 2370 1790 2439 meta,
1900 2368 1906 2382 '

433 2466 513 2524 quae
540 2447 714 2509 determinat
735 2452 879 2526 integram
903 2451 978 2511 diem
1001 2452 1182 2527 naturalem,
1215 2461 1248 2510 ut
1267 2451 1330 2527 jam
1353 2448 1479 2522 dictum,
1508 2458 1552 2510 est
1576 2448 1696 2526 planum
1719 2449 1793 2510 PSL

433 2552 486 2613 per
520 2552 607 2595 arem
639 2534 756 2613 quidem
787 2537 913 2597 Telluris
943 2538 993 2598 PL
1024 2538 1156 2612 ductum,
1185 2538 1237 2599 sed
1268 2536 1403 2597 variabili
1431 2538 1505 2611 situ;
1536 2538 1605 2613 quia
1633 2535 1702 2596 dum
1733 2539 1790 2596 cir·

434 2622 594 2684 cumiertur
616 2640 682 2682 eom
704 2641 759 2684 axe
781 2623 908 2684 Telluris
931 2643 1029 2686 annuo
1053 2634 1150 2699 motu,
1179 2643 1269 2685 uuum
1298 2625 1362 2705 eius
1385 2624 1666 2701 punctumradixum
1689 2622 1790 2684 haeret

435 2715 536 2770 centro
559 2708 681 2770 SolisS
712 2711 870 2786 immobili,
898 2716 998 2789 ltaque
1026 2715 1113 2772 sltum
1145 2713 1270 2790 partium
1293 2714 1374 2770 varie
1396 2717 1506 2784 mutat,
1536 2709 1611 2771 adeo
1641 2717 1673 2770 ut
1695 2729 1791 2788 neque

433 2795 609 2875 parallelum
631 2799 689 2857 sibi
712 2800 767 2875 lpsi
790 2805 917 2870 maneat,
939 2817 1035 2876 nequo
1058 2817 1173 2878 semper
1194 2798 1297 2859 eodem
1320 2797 1428 2874 angulo
1447 2803 1528 2858 secet
1550 2797 1702 2875 eclipticas
1725 2798 1793 2875 pla-

436 2902 517 2943 num.
561 2883 667 2960 Itaque
688 2901 848 2960 ponamus,
874 2885 964 2947 Terra
985 2890 1015 2945 in
1039 2888 1216 2965 Capricorno
1239 2887 1413 2963 constituta,
1443 2883 1521 2944 uode
1544 2884 1596 2945 Sol
1618 2896 1741 2965 apparet
1763 2888 1792 2945 iu

436 2971 562 3046 Cancro,
586 2971 749 3032 coincidere
772 2973 846 3033 baec
867 2973 938 3033 bine
960 2962 1065 3052 plani,
1094 2981 1178 3035 erunt
1199 2976 1288 3049 igitur
1309 2980 1434 3050 utraque
1457 2971 1495 3032 ad
1517 2972 1681 3050 eclipticam
1703 2982 1792 3050 recta,

436 3076 474 3119 ex
495 3074 550 3132 eo,
583 3056 674 3118 Terra
695 3076 797 3119 versus
820 3061 949 3122 Arietem
972 3069 1127 3140 pergente,
1159 3062 1238 3141 prlus
1261 3060 1379 3139 quidem
1407 3059 1527 3140 planum
1549 3058 1600 3119 PL
1622 3058 1736 3120 deseret
1758 3060 1789 3135 S,

438 3155 570 3207 anuum
592 3144 680 3219 Solis,
704 3152 733 3206 et
746 3148 887 3228 *manebit
908 3156 1018 3209 rectum
1042 3150 1079 3210 ad
1102 3150 1268 3229 eclipticam
1291 3149 1406 3225 albique
1427 3145 1617 3224 parallelum3
1648 3150 1793 3225 posterius

435 3251 508 3294 vero
531 3232 652 3310 planum
674 3232 759 3306 Pus,
783 3234 907 3296 haerens
930 3244 1029 3298 contro
1051 3237 1148 3312 Solis,
1180 3236 1365 3315 separabitur
1388 3255 1406 3296 a
1428 3235 1517 3313 plano
1541 3237 1628 3313 priori
1650 3234 1739 3310 Plss,
1764 3242 1794 3295 et

436 3328 537 3399 partes
559 3320 625 3398 ejus
648 3323 814 3396 exteriores,
838 3322 915 3383 ultra
937 3342 1022 3386 axem
1044 3324 1171 3385 Telluris
1193 3341 1296 3385 versus
1318 3323 1392 3383 liras
1414 3329 1575 3400 porrectae,
1598 3330 1795 3403 praecurrent,
1921 3319 1924 3324 ’

438 3415 469 3470 et
489 3407 604 3485 fugient
627 3424 645 3467 a
667 3409 866 3470 consimilibus
898 3413 1001 3489 prioris
1025 3412 1103 3490 planl
1126 3412 1273 3492 partibus,
1304 3412 1477 3487 interimque
1503 3410 1652 3470 etiamad
1675 3409 1795 3489 planum

438 3494 594 3575 eclipticas
611 3495 805 3558 ¹inclinabitur
822 3497 879 3559 lroc
901 3498 1020 3577 planum
1036 3498 1119 3571 PLS,
1141 3507 1176 3559 ut
1197 3506 1280 3576 parts
1302 3496 1432 3560 secanda
1446 3498 1565 3573 dictum,
1588 3498 1686 3574 quoad
1702 3514 1795 3576 usque

438 3582 532 3643 Terra
553 3584 583 3641 in
606 3582 707 3645 Ariete
730 3585 897 3659 constituta,
921 3585 990 3646 Sole
1012 3588 1042 3645 in
1058 3586 1149 3647 Libra
1169 3592 1312 3664 spectato,
1334 3589 1449 3662 integro
1471 3585 1633 3663 quadrante
1655 3603 1796 3665 praerur-

437 3671 506 3730 terlt
528 3676 558 3729 et
580 3687 640 3730 una
663 3688 728 3731 cum
750 3671 840 3748 plano
863 3674 958 3751 priore
981 3673 1139 3752 parallelos
1154 3673 1281 3734 Telluris
1304 3675 1333 3731 in
1350 3676 1368 3732 t
1384 3670 1561 3749 quadrantes
1582 3676 1716 3744 secuerit,
1740 3691 1795 3733 au·

438 3756 510 3834 gulo
533 3756 607 3817 SPL
630 3765 708 3819 reeto
730 3758 817 3819 tacto.
863 3760 948 3820 Tunc
970 3763 1069 3839 itaque
1084 3762 1168 3822 locus
1191 3760 1298 3837 aliquis
1314 3762 1344 3818 in
1367 3759 1519 3838 superlicio
1534 3758 1670 3832 Telluris,
1692 3777 1794 3821 rever-

439 3853 504 3905 tens
527 3842 566 3904 ad
589 3843 707 3922 planum
729 3849 810 3922 prius
833 3847 893 3919 PL,
916 3848 1001 3909 abest
1022 3847 1120 3909 adbuc
1142 3865 1200 3908 uuo
1224 3846 1386 3922 quadrante
1409 3846 1602 3906 revolutionis
1624 3847 1796 3923 integraea

438 3932 530 4009 plano
552 3932 713 4009 posteriore
736 3932 825 4007 Pus,
852 3933 943 4011 litque
972 3936 1030 3996 boo
1052 3944 1139 4014 pacto
1168 3936 1197 3993 iu
1221 3935 1357 3995 omnibus
1380 3936 1399 3993 4
1423 3935 1491 3993 anui
1522 3934 1654 4011 partibus
1673 3934 1814 4010 junctis,

438 4026 473 4079 ut
495 4018 560 4079 dies
589 4018 707 4097 quidem
740 4019 888 4081 naturales
918 4024 1093 4099 provenient
1116 4023 1178 4083 365
1203 4038 1268 4082 oum
1291 4022 1469 4099 quadrante,
1500 4019 1794 4082 revolutionessero

438 4105 569 4167 Telluris
590 4122 650 4166 uos
671 4106 747 4185 plus,
770 4124 810 4170 sc.
836 4110 898 4168 366
922 4126 988 4169 cum
1012 4110 1182 4188 quadrante.
1849 4175 1858 4188 ,

530 4192 690 4270 memorio
705 4195 760 4255 ltoc
773 4195 815 4254 ud
827 4196 988 4270 sphaeram
999 4195 1256 4259 accommodabo?
1278 4191 1320 4276 Ut
1334 4196 1430 4273 prius3
1453 4194 1574 4274 planum
1585 4192 1709 4254 alterum
1723 4191 1796 4254 PLS

438 4298 492 4361 per
512 4279 613 4341 Solem
643 4288 673 4341 et
701 4298 787 4342 arem
809 4281 936 4343 Telluris
964 4292 1198 4361 repraesentatur
1228 4285 1258 4341 ln
1280 4281 1406 4360 spbssra
1428 4299 1481 4360 per
1503 4280 1641 4342 circulum
1664 4279 1796 4341 declina-

440 4367 531 4428 tionis
553 4368 718 4428 traductum
742 4387 793 4447 per
815 4378 944 4431 centrum
960 4371 1038 4432 Solis
1061 4379 1090 4434 et
1112 4370 1197 4451 polos
1215 4370 1368 4450 sphaeras,
1391 4368 1516 4429 alterum
1532 4367 1605 4428 Pus
1620 4384 1794 4448 repraesen-

440 4463 520 4516 tatur
534 4472 588 4532 per
609 4456 747 4517 circulum
763 4456 967 4518 declinationis
989 4459 1089 4530 alium,
1114 4461 1163 4537 qui
1178 4475 1231 4536 per
1252 4458 1340 4517 daem
1361 4465 1390 4516 et
1410 4455 1495 4535 polos
1518 4454 1661 4533 sphaerae
1684 4457 1795 4515 transit.

439 4541 529 4620 Quod
552 4543 641 4620 igitur
662 4560 722 4604 uua
744 4542 806 4603 dies
829 4545 971 4607 naturalls
993 4548 1060 4624 plus
1076 4548 1124 4619 sit,
1148 4563 1236 4623 quam
1259 4561 1319 4604 una
1339 4543 1485 4604 revolutio
1501 4542 1637 4617 Telluris,
1660 4541 1796 4619 adeoque

440 4638 471 4690 et
492 4632 664 4706 sequstoris
686 4632 840 4709 sphaerae,
865 4633 895 4692 id
918 4635 961 4695 sio
983 4634 1198 4696 demonstratur
1219 4649 1269 4710 per
1290 4630 1454 4708 sphaeram.
1499 4629 1602 4691 Posito
1627 4627 1704 4691 enim
1727 4627 1797 4691 Sole

441 4720 472 4777 in
492 4718 638 4796 principio
663 4716 766 4779 Cancri
790 4727 820 4780 et
842 4720 1018 4796 meridiano,
1052 4724 1164 4783 interea
1193 4719 1261 4778 dum
1291 4707 1417 4798 sphaera
1446 4724 1476 4778 at
1497 4719 1670 4798 principium
1694 4717 1798 4777 Cancri

442 4803 620 4876 revolvitur,
644 4804 695 4865 Sol
715 4806 778 4882 jam
801 4825 820 4866 a
843 4810 985 4886 principio
1008 4808 1111 4869 Cancri
1135 4808 1252 4867 discesit
1274 4806 1313 4866 ad
1334 4806 1422 4866 finem
1443 4806 1529 4884 primi
1551 4805 1659 4883 gradem
1682 4803 1797 4878 Cancri,

441 4893 543 4969 itaque
564 4899 680 4970 praeter
701 4892 913 4956 revolutionem
937 4897 1079 4973 integram
1101 4912 1176 4974 opus
1198 4900 1244 4954 est
1257 4893 1353 4954 adhue
1375 4910 1448 4970 pena
1462 4909 1522 4953 uuo
1544 4890 1637 4971 gradu
1651 4890 1796 4966 revoluto,

443 4978 538 5039 donec
560 4978 613 5039 Sol
634 4982 665 5039 iu
686 4981 880 5042 meridianum
901 4983 1011 5043 redeat.

533 5066 625 5144 Quod
644 5086 757 5129 nomen
777 5078 820 5129 est
841 5072 888 5131 ilii
904 5070 1136 5148 portiunculae,
1160 5087 1238 5146 quoe
1259 5085 1356 5144 supra
1378 5068 1491 5143 intepri
1512 5068 1687 5144 sequuturis
1708 5082 1797 5125 revo-

444 5152 590 5215 mosen
622 5155 750 5232 cecedit,
788 5164 816 5219 ct
850 5158 1002 5236 quomodo
1030 5156 1197 5233 delinitur?
1237 5155 1411 5234 Appellatur
1448 5151 1688 5217 additamentum.
1745 5151 1798 5212 Est
