4459 6275
879 480 963 539 Liber
979 482 1095 540 Primus.
1137 485 1205 542 Para
1223 484 1336 554 Quane.
1731 492 1792 554 165

433 662 605 739 merit,
627 662 728 725 stadm
750 663 860 724 extima
881 659 1067 741 portiuncula
1087 661 1230 740 spbaarus
1250 659 1480 741 stellataeque
1502 654 1596 743 vergit
1609 682 1709 743 grave,
1732 667 1794 728 vim

432 750 506 811 sibl
519 748 630 811 factm
651 757 682 813 et
707 767 782 811 ouus
804 751 942 827 ingruens
970 749 1161 828 persentiscat
1190 766 1281 828 seque
1303 745 1342 809 ad
1370 750 1400 811 id
1428 749 1628 830 repellendum
1656 755 1792 831 accingat

434 854 564 915 eumque
585 839 690 899 ceteris
711 837 854 915 spbaaraa
876 837 1061 915 portionibus
1091 838 1203 896 viribus
1225 835 1384 898 contendat
1405 839 1435 896 ln
1458 854 1546 901 onera
1569 839 1742 919 expellendo
1764 848 1794 903 et

433 941 553 985 rursum
576 941 766 1003 prorsumque
789 922 942 984 trudendo.
988 922 1082 983 Multo
1106 922 1261 983 absurdius
1284 931 1366 984 tants
1389 923 1536 986 subtilitas
1558 920 1702 988 tribuatur
1723 946 1794 1005 gra·

434 1012 523 1089 vibus
548 1015 629 1091 ipsis,
652 1012 866 1073 internoscendi
889 1011 965 1070 lrauc
987 1014 1123 1071 virtutem
1146 1011 1269 1087 ejusque
1292 1010 1399 1086 radios,
1422 1011 1500 1073 uude
1522 1014 1646 1090 quilibet
1669 1013 1792 1076 descen·
1860 1080 1865 1084 ,
1896 1081 1898 1085 ,

434 1097 513 1160 derit
541 1107 572 1160 et
598 1101 719 1176 quinam
741 1118 777 1161 ex
799 1099 835 1156 iis
858 1099 987 1176 longior,
1016 1100 1046 1157 iu
1069 1104 1151 1157 tauta
1173 1102 1302 1158 omnium
1333 1097 1525 1177 longitudine.
1569 1101 1646 1161 Nam
1669 1104 1793 1164 virtutes

433 1188 620 1264 magnatium
635 1187 744 1247 babent
765 1202 835 1246 suos
851 1188 936 1247 orbes
959 1186 1195 1264 proportionatos
1216 1184 1376 1246 secundum
1401 1187 1576 1248 densitatem
1599 1206 1751 1267 corpomm
1774 1207 1794 1251 a

434 1274 545 1352 qulbus
568 1273 707 1359 defluunt,
732 1281 844 1333 utnon
867 1275 896 1331 in
919 1274 1062 1332 inlinitum
1086 1273 1287 1332 extendantur.
1488 1286 1491 1291 ·

523 1361 578 1420 Est
607 1363 696 1421 etiam
724 1362 795 1440 iuga
824 1378 976 1437 corporum
1006 1378 1058 1437 per
1079 1378 1111 1421 se
1136 1363 1280 1420 contraria
1302 1370 1438 1434 naturae,
1472 1363 1496 1421 si
1526 1379 1583 1423 nou
1614 1364 1653 1422 sit
1674 1371 1794 1441 propter

433 1447 535 1524 uliud3
566 1450 709 1526 appetitio
733 1465 802 1508 vero
824 1457 926 1507 mutua
948 1465 1101 1525 corporum
1124 1464 1177 1507 seu
1201 1450 1303 1520 unitio,
1332 1451 1562 1509 conservationis
1587 1449 1792 1525 rudimentum,

433 1543 559 1596 naturae
582 1536 681 1613 potius
702 1543 748 1595 est
763 1543 968 1596 consentanee.
1013 1535 1135 1595 Rectius
1151 1536 1239 1610 igitur
1262 1534 1498 1613 philosophatur,
1518 1538 1569 1614 qui
1590 1544 1702 1597 motum
1724 1555 1793 1615 gra-

434 1626 516 1682 vium
549 1621 649 1683 definit
675 1640 728 1700 per
755 1629 816 1683 vim
840 1625 978 1682 unitionis
1002 1639 1155 1699 corporum
1178 1623 1307 1683 interae
1338 1622 1496 1698 similium,
1528 1642 1616 1701 quam
1648 1626 1699 1701 qui
1721 1626 1791 1704 iuga

434 1712 654 1771 conbariorum.
1780 1716 1787 1732 ‘

523 1796 636 1875 Quodsi
660 1815 706 1858 res
729 1795 766 1857 ad
797 1799 920 1856 virtutes
942 1813 958 1855 c
981 1798 1151 1872 corporibus
1175 1798 1296 1857 emissas
1318 1796 1494 1870 revolvitur,
1526 1804 1596 1858 tunc
1618 1806 1792 1877 suppetente

434 1886 491 1947 buc
513 1902 605 1946 causa
627 1894 724 1945 motus
746 1887 880 1962 gravium
902 1884 931 1941 in
955 1899 1075 1959 corpore
1098 1886 1263 1961 propinquo
1286 1883 1420 1957 Telluris,
1444 1902 1503 1944 non
1528 1903 1602 1962 opus
1624 1895 1669 1946 cst
1692 1904 1792 1947 accer-

433 1991 499 2034 sere
521 1972 611 2033 aliern
634 1993 654 2032 a
675 1989 795 2048 corpore
825 1970 946 2031 coelesti
973 1973 1178 2031 remotissimo.
1223 1971 1261 2030 Et
1289 1988 1430 2031 concessa
1458 1972 1510 2032 tali
1535 1977 1642 2034 virtute
1671 1976 1701 2033 iu
1724 1992 1792 2035 cor·

433 2078 505 2138 pora
526 2060 650 2134 Terrae,
672 2058 836 2119 attrahendi
858 2060 978 2134 grevia,
1002 2057 1166 2119 detenditur
1188 2065 1284 2117 motus
1308 2062 1442 2134 gravium
1467 2059 1504 2119 ad
1528 2069 1657 2120 centrum
1673 2060 1790 2137 Terrae,

434 2150 551 2209 uiamsi
574 2147 665 2207 Terra
686 2163 744 2207 nou
769 2149 797 2205 in
821 2154 919 2207 centro
942 2145 1045 2204 muudi
1066 2146 1160 2218 luerit,
1185 2144 1237 2205 sed
1260 2145 1318 2204 alio
1342 2163 1518 2223 quocunque
1541 2147 1642 2206 mundi
1664 2148 1740 2208 loco.

521 2238 565 2296 At
590 2236 711 2313 [rapient
740 2236 852 2310 gravio
873 2233 913 2292 ab
935 2233 1088 2308 extremis,
1120 2240 1155 2291 ut
1176 2251 1196 2290 a
1218 2233 1281 2293 loco
1303 2232 1465 2311 nerbilicri,
1494 2235 1726 2311 transierantque
1748 2237 1792 2297 ad

433 2326 561 2398 infimo,
590 2329 626 2381 ut
654 2322 697 2381 cd
716 2321 816 2381 locum
847 2320 1056 2397 ipnodilt'orem
1087 2328 1221 2378 naturae
1243 2319 1385 2396 inpendo?
1417 2320 1501 2381 Haec
1519 2337 1641 2398 quoquc
1663 2325 1738 2383 ratio
1762 2325 1792 2382 in

433 2409 636 2490 superioribus
658 2416 703 2468 est
724 2409 859 2482 refutata,
882 2425 950 2467 nam
973 2414 1025 2466 aut
1046 2408 1075 2464 in
1099 2406 1269 2484 corporibus
1285 2408 1418 2467 consistit
1441 2407 1515 2466 boec
1536 2408 1675 2468 nobilitas
1699 2417 1728 2469 ct
1750 2412 1792 2470 sic

433 2500 464 2556 in
487 2499 596 2558 emissa
619 2497 736 2569 virtute,
759 2503 810 2554 aut
833 2498 862 2553 in
885 2495 1006 2571 figura„
1027 2494 1092 2552 Non
1115 2497 1145 2552 in
1168 2494 1338 2571 corporibus
1359 2503 1390 2554 et
1411 2512 1510 2554 eorum
1534 2496 1650 2567 virtute,
1673 2505 1707 2556 ut
1726 2496 1789 2573 J‘am

434 2585 605 2663 prebutum3
629 2600 687 2643 non
710 2585 740 2642 in
761 2581 864 2658 figura,
888 2583 958 2658 quia
978 2581 1091 2657 figurae
1112 2581 1195 2641 nulla
1210 2590 1255 2641 est
1275 2582 1407 2642 efficacia
1421 2584 1484 2643 sine
1507 2584 1635 2661 corporis
1657 2592 1792 2662 respectu

435 2681 465 2732 et
488 2675 561 2749 quia
582 2673 695 2748 gravia,
720 2678 752 2728 ut
774 2670 856 2743 talia,
879 2675 978 2728 carent
1000 2668 1160 2744 intellectu,
1184 2686 1243 2744 quo
1265 2667 1388 2746 figuram
1410 2671 1581 2748 percipiant.

525 2756 645 2819 Gravia
667 2761 762 2835 ipitur
783 2757 826 2815 od
846 2764 982 2816 centrum
1005 2756 1121 2815 mundi
1135 2757 1351 2834 ferentur‘per
1372 2757 1523 2831 euidens,
1556 2759 1630 2834 quia
1651 2758 1793 2817 uaturdi

433 2853 547 2906 medua
568 2849 749 2906 &coctione
768 2846 915 2923 seruntur·
936 2843 978 2903 od
1004 2842 1140 2917 Terram,
1164 2860 1242 2920 quoe
1264 2851 1306 2903 eat
1327 2847 1362 2903 iu
1383 2845 1507 2905 centro?
1528 2842 1686 2905 Manifesta
1710 2845 1791 2923 prin·

434 2936 544 3012 eipium
568 2922 685 3011 patitur.
729 2932 827 2992 Locus
850 2931 957 2992 Terrae
986 2929 1155 3008 probandus
1184 2931 1240 2990 luit
1267 2949 1286 2990 a
1313 2938 1395 2991 motu
1418 2933 1570 3007 gravium,
1600 2933 1663 3008 jam
1692 2939 1790 2994 motus

395 3018 402 3035 '
434 3023 572 3100 gravium
594 3038 632 3080 cx
652 3020 719 3081 loco
740 3019 864 3092 Terrae,
896 3017 986 3079 veluti
1009 3019 1122 3093 evicto,
1153 3016 1312 3077 deducitur.
1358 3018 1435 3079 Sane
1458 3019 1497 3079 ad
1520 3021 1640 3080 Terram
1662 3020 1793 3080 feruutur

433 3110 540 3190 gravia
564 3107 689 3170 naturali
721 3107 891 3167 attractoria
924 3106 1030 3166 virtute
1053 3122 1148 3183 caque
1171 3112 1288 3180 mutua,
1318 3106 1349 3166 id
1372 3114 1470 3169 autem
1500 3107 1532 3168 fit
1555 3106 1637 3169 nullo
1665 3107 1722 3168 loci
1744 3125 1792 3169 re·
1819 3183 1823 3190 Ι

433 3205 548 3277 spectu,
572 3204 673 3275 posset
695 3196 772 3255 enim
794 3195 865 3269 fieri,
887 3195 912 3253 si
935 3193 1026 3253 Terra
1048 3201 1126 3254 esset
1148 3196 1177 3252 iu
1200 3192 1300 3253 mundi
1324 3202 1433 3271 centro,
1456 3202 1626 3273 potestque,
1655 3194 1724 3256 dum
1748 3204 1793 3256 est

434 3287 527 3347 Terra
550 3293 633 3345 extra
655 3290 794 3345 centrum.

527 3372 672 3433 Probabit
691 3370 869 3442 Aristoteles,
884 3376 1008 3429 'motum
1030 3370 1185 3452 prurn'utn¹
1199 3369 1242 3429 cd
1254 3368 1364 3428 mundi
1386 3377 1524 3428 centrum
1538 3371 1670 3444 undere,
1690 3389 1726 3431 cs
1749 3390 1791 3446 eo,

434 3461 517 3539 quod
536 3466 637 3519 motus
651 3460 764 3519 leuium
783 3458 818 3533 {it
839 3457 882 3516 ad
901 3455 1087 3531 superficiem
1109 3456 1228 3530 mundi,
1251 3474 1321 3515 cum
1342 3460 1487 3532 proeium
1509 3464 1537 3515 et
1559 3458 1671 3517 butum
1695 3466 1793 3518 motus

434 3548 563 3609 undmt
590 3546 634 3606 od
661 3546 771 3622 pupas
801 3546 981 3605 contradas
1026 3542 1139 3602 Gravia
1168 3552 1197 3603 et
1226 3543 1306 3603 levia
1335 3550 1448 3603 tantum
1471 3561 1522 3623 per
1545 3547 1791 3622 comparationem

435 3637 582 3709 dicuntur,
604 3650 663 3693 uon
686 3631 831 3693 absolute.
875 3630 908 3690 Si
930 3633 1015 3708 ignis,
1039 3631 1063 3689 si
1079 3631 1176 3708 sumus
1199 3629 1333 3691 absolute
1348 3628 1427 3690 levia
1450 3641 1547 3692 essent
1562 3648 1693 3708 corpora,
1718 3649 1792 3692 evo·

436 3724 533 3785 latent
556 3720 680 3781 aTerra
702 3736 816 3779 sumum
839 3735 933 3795 usque
957 3722 985 3778 in
1009 3720 1148 3779 extimum
1172 3717 1295 3778 coelum.
1342 3718 1432 3795 Atqui
1455 3718 1599 3778 tumorum
1615 3719 1717 3792 nubes,
1742 3719 1793 3778 ubi

435 3810 639 3890 superaverint
668 3806 789 3867 densum
819 3805 896 3865 bunc
917 3810 1029 3881 adrem,
1060 3812 1215 3865 cernuntur
1237 3808 1386 3882 quiescere
1408 3804 1566 3884 pendulae,
1601 3805 1679 3881 quod
1703 3823 1793 3882 argu·

435 3906 535 3958 mento
559 3903 613 3968 est,
636 3911 694 3955 non
718 3895 797 3970 ipsos
819 3910 871 3971 per
893 3909 924 3953 se
947 3911 1002 3953 sua
1024 3901 1128 3953 natura
1145 3891 1192 3952 vel
1214 3895 1323 3952 extima
1346 3899 1444 3970 petere
1459 3893 1571 3972 mundi,
1594 3892 1643 3953 vel
1660 3913 1679 3952 a
1694 3902 1793 3953 centro

434 3988 524 4047 etiam
546 3983 655 4044 Terrae
676 3982 785 4059 lugere,
807 3980 860 4041 scd
881 3982 977 4055 urgeri
998 3999 1018 4041 a
1039 3980 1224 4057 gravioribus
1247 3982 1342 4057 iisque
1366 3980 1483 4053 cedere,
1514 3989 1546 4040 ut
1566 3981 1660 4041 librae
1682 3980 1791 4054 lances,

435 4081 562 4148 utraque
585 4071 701 4147 gravis,
732 4068 825 4128 altera
847 4075 943 4127 tamen
966 4070 1117 4146 superiora
1139 4070 1220 4144 petit,
1244 4072 1353 4147 quippe
1376 4076 1469 4128 tracta
1490 4086 1509 4128 a
1531 4069 1669 4144 graviori.
1715 4069 1793 4144 Ergo

434 4159 542 4220 iaborn
566 4165 628 4231 est,
661 4157 764 4232 gravia
792 4172 823 4215 se
845 4155 917 4233 ipsis
939 4163 1038 4234 petere
1060 4156 1226 4234 superiora,
1261 4155 1381 4230 salsum,
1410 4163 1509 4234 petere
1531 4158 1626 4234 ipsam
1657 4159 1794 4216 extimam

435 4246 538 4308 muudi
564 4242 755 4322 superficiem.
1206 4277 1212 4286 ·

524 4333 590 4393 Etsi
623 4347 693 4391 vero
716 4347 818 4390 verum
841 4336 899 4402 est,
930 4348 966 4389 ex
994 4330 1087 4392 altera
1115 4338 1198 4407 parte
1229 4336 1339 4390 motum
1361 4329 1472 4390 levium
1496 4347 1559 4392 esse
1583 4335 1668 4406 quasi
1693 4348 1794 4392 versus

440 4420 626 4501 superficiem
640 4418 740 4478 muudi
764 4419 911 4491 extimam,
935 4417 964 4475 id
981 4425 1075 4477 tamen
1100 4426 1144 4477 est
1166 4435 1218 4494 per
1233 4416 1377 4491 accidens,
1400 4416 1500 4493 fitque,
1524 4419 1611 4477 etiam
1628 4418 1719 4479 Terra
1735 4435 1793 4479 nou

439 4514 469 4570 in
494 4516 596 4574 centro
620 4508 794 4578 constituta,
823 4505 873 4564 ubi
896 4522 915 4563 a
936 4512 1019 4581 parte
1042 4509 1187 4565 contraria
1209 4514 1305 4565 motus
1327 4504 1435 4565 levium
1458 4505 1546 4581 plane
1570 4523 1672 4566 versus
1694 4505 1794 4565 muudi

435 4606 569 4659 centrum
584 4594 686 4666 tandit,
711 4594 736 4654 s'i
758 4593 788 4653 id
804 4600 930 4669 ponatur
944 4608 1034 4668 supra
1055 4595 1201 4668 verticem,
1225 4593 1314 4669 idque
1330 4595 1418 4652 etiam
1440 4609 1492 4669 per
1506 4593 1651 4667 accidens,
1674 4601 1793 4670 propter

437 4687 528 4746 situm
551 4681 679 4744 Telluris
711 4687 740 4741 ct
761 4681 874 4757 plagas.
921 4678 1025 4755 Neque
1048 4687 1145 4740 umen
1174 4681 1241 4740 ideo
1263 4680 1343 4741 levia
1371 4697 1407 4739 cx
1428 4678 1481 4739 illa
1502 4680 1591 4757 plaga
1613 4680 1793 4741 descendunt

439 4775 470 4832 in
492 4770 619 4842 eoelum,
642 4783 738 4845 neque
760 4769 865 4844 gravia
887 4765 1048 4828 ascendunt
1070 4784 1173 4828 versus
1195 4768 1332 4829 interiore
1353 4766 1469 4842 Terrae,
1493 4785 1546 4828 seu
1569 4775 1715 4843 centrum,
1737 4768 1790 4829 sad

441 4858 494 4919 ills
516 4854 680 4920 ascendunt
710 4872 811 4915 versus
839 4872 908 4914 suas
930 4853 1050 4931 plagas,
1080 4856 1150 4931 quia
1178 4854 1336 4917 accudere
1358 4860 1403 4913 est
1425 4872 1444 4914 a
1466 4862 1565 4915 centro
1588 4855 1695 4916 Terrae
1718 4855 1790 4935 (nou
1910 4906 1914 4915 .

439 4953 582 5010 resumo
605 4942 720 5020 mundi)
751 4942 866 5024 lugere,
896 4941 1072 5007 descendere
1100 4952 1146 5007 est
1167 4950 1296 5009 centrum
1319 4941 1425 5006 Terrae
1456 4939 1526 5029 (non
1549 4950 1679 5009 cestuum
1702 4946 1792 5008 totius
1893 4943 1899 4957 '
