4459 6275
889 791 974 849 Liuor
989 790 1107 849 Tatius.
1142 792 1210 848 Pars
1226 790 1327 849 Prima
1715 796 1779 857 tls

515 968 672 1049 Quomodo
702 988 773 1049 erpo
799 972 1012 1049 phaenomena
1040 976 1100 1033 isto
1129 974 1231 1035 aliter·
1248 988 1343 1051 qinom
1373 969 1561 1032 obseruando
1577 978 1708 1049 ponam
1729 972 1780 1030 in-

426 1060 578 1145 pastiaari,
601 1066 636 1119 ut
645 1065 760 1136 posteo,
782 1060 963 1137 inumtipota
981 1078 1054 1131 cum
1067 1062 1146 1121 coelo
1160 1062 1235 1135 ipeo,
1257 1061 1321 1119 mis
1336 1058 1476 1137 quodque
1496 1058 1682 1137 temporibus
1695 1074 1778 1119 cosa·

422 1144 575 1223 wuito?
603 1144 686 1224 Opus
716 1146 801 1207 uobis
830 1154 876 1206 est
906 1148 1095 1223 inquisitione
1120 1145 1283 1209 altitudinis
1305 1146 1368 1225 poli
1390 1148 1419 1204 in
1443 1146 1549 1222 qaovls
1572 1145 1679 1206 Terrae
1702 1145 1779 1221 loco,

425 1230 587 1293 altitudinis
617 1236 801 1310 aequatoris,
832 1234 995 1295 altitudinis
1026 1235 1169 1312 cujusquo
1196 1235 1300 1295 stellae
1322 1232 1501 1295 meridianae
1524 1238 1554 1293 et
1576 1231 1781 1295 declinationis

427 1320 557 1399 ejusdem
579 1320 619 1381 ah
642 1328 812 1398 aequatore.

513 1425 597 1503 Quid
615 1433 659 1487 eet
679 1426 808 1487 altitudo
820 1426 896 1501 poli,
918 1429 1093 1501 comatoria
1107 1426 1154 1487 ool
1168 1427 1269 1487 stollas
1282 1424 1481 1485 mamiliano?
1506 1424 1560 1486 list
1573 1442 1658 1486 meaa
1680 1423 1782 1487 circuli

425 1511 590 1662 ppppiliappi
613 1514 798 1661 ⁸ipptlppppptus
829 1515 904 1573 inter
925 1512 1085 1573 horizontis
1107 1521 1220 1592 partem
1243 1515 1368 1575 vicinam
1391 1517 1422 1575 et
1442 1512 1558 1592 polum,
1591 1512 1641 1575 vel
1666 1530 1781 1591 aequa-

519 1701 604 1764 [nde
617 1704 691 1763 hooc
710 1705 811 1765 nullm
826 1704 955 1766 altitudo
977 1705 1089 1766 &citur
1112 1703 1307 1766 meridiano?
1327 1703 1393 1763 Non
1409 1719 1523 1780 semper
1544 1703 1667 1784 apiago
1689 1704 1779 1764 meri·

426 1790 492 1865 dial,
517 1789 570 1851 sed
592 1797 612 1850 'a
633 1791 741 1852 circulo
763 1792 935 1867 meridiano,
959 1792 998 1852 ad
1012 1794 1095 1870 cnjus
1118 1801 1230 1872 partem
1247 1794 1335 1851 etiam
1357 1789 1613 1870 septentrionalem
1635 1789 1780 1869 quaedam

424 1876 526 1940 stellae
549 1876 685 1953 videntur
706 1878 863 1957 applicare,
888 1879 985 1940 ethis
1007 1881 1126 1958 quidem
1148 1880 1272 1953 illarum,
1297 1896 1373 1955 quae
1401 1895 1459 1938 non
1483 1876 1627 1954 occidant,
1651 1877 1779 1955 aliquae,

427 1964 504 2027 uude
527 1964 636 2044 duplex
657 1971 701 2026 cst
724 1966 849 2027 altitudo
871 1966 1034 2028 meridiana
1057 1966 1249 2048 quarundam,
1273 1984 1332 2025 una
1354 1968 1490 2040 maxima,
1514 1965 1606 2027 altera
1628 1967 1758 2027 minima.

509 2052 643 2130 Explica
662 2054 742 2117 hauc
763 2054 963 2114 altitudinum
985 2056 1231 2117 meridianarum
1253 2054 1433 2113 vamtatem
1457 2055 1692 2131 particularius.
1744 2052 1778 2112 Iu

424 2139 577 2203 altitudine
601 2140 661 2221 poli
691 2137 757 2217 45⁰,
787 2159 869 2219 quae
886 2144 1036 2221 quantitas
1059 2150 1103 2203 est
1127 2141 1237 2203 dimidii
1261 2140 1450 2219 quadrantis,
1478 2140 1582 2201 stellae
1604 2141 1780 2215 stringentes

424 2226 605 2289 horizontem
627 2234 778 2290 nauseant
799 2232 887 2293 etlam
909 2248 961 2309 per
984 2232 1141 2309 verticem3
1173 2232 1210 2291 ab
1233 2231 1269 2289 iis
1298 2230 1386 2306 igitur
1409 2245 1510 2289 omnes
1532 2226 1601 2305 polo
1626 2230 1779 2288 viciniores

425 2316 467 2377 hls
496 2316 620 2377 veniunt
645 2317 676 2376 la
705 2315 896 2379 meridlaoom
923 2336 958 2378 ex
981 2319 1071 2398 plaga
1093 2320 1244 2396 conspicui
1267 2316 1344 2394 poli;
1368 2315 1450 2376 nulla
1472 2332 1588 2388 aarum,
1613 2330 1689 2392 qaae
1711 2323 1780 2373 sunt

424 2403 534 2485 apolo
550 2406 728 2480 remotiores,
751 2404 797 2464 bis
819 2404 857 2464 ad
874 2404 1065 2466 meridianum
1088 2404 1239 2484 applicare
1255 2400 1379 2473 videtur,
1403 2402 1567 2464 inferiorem
1589 2404 1666 2463 enim
1684 2402 1781 2479 appli-

426 2492 570 2552 tationem
591 2490 711 2553 horizon
735 2488 878 2569 oooaltat;
905 2492 987 2553 nulla
1015 2494 1103 2553 etiam
1133 2492 1236 2552 harum
1265 2492 1454 2552 remotiorum
1483 2509 1503 2550 a
1524 2489 1593 2569 polo
1623 2491 1781 2569 conspicuo

425 2578 555 2661 applicat
576 2578 616 2639 ad
638 2579 829 2640 meridianum
852 2596 954 2639 versas
977 2580 1036 2660 poli
1060 2581 1212 2659 conspicui
1234 2578 1362 2657 plagam.

510 2666 547 2728 Ia
570 2664 724 2727 altitudine
746 2665 807 2746 poll
830 2667 942 2743 minori,
967 2685 1043 2744 quae
1065 2676 1134 2727 sunt
1156 2668 1231 2727 inter
1252 2665 1353 2726 stellas
1376 2636 1531 2724 verticulas
1553 2671 1583 2723 ct
1596 2665 1781 2740 stringentes,

425 2754 575 2834 applicant
597 2752 635 2814 ad
658 2754 846 2814 meridianum
869 2772 905 2815 ex
928 2754 1017 2834 plaga
1039 2754 1100 2834 poli
1123 2754 1228 2829 semel,
1253 2771 1329 2830 quae
1352 2753 1508 2812 viciniores
1530 2762 1599 2811 sunt
1621 2751 1705 2829 polo,
1737 2752 1781 2815 bis
1888 2812 1898 2827 ,

428 2858 462 2902 ex
507 2840 549 2902 oli
592 2839 669 2919 lega.

485 2860 546 2990 pIu
570 2858 729 2990 ¹:liltudlne
759 2927 821 3007 poli
848 2928 954 3006 majori
983 2944 1176 3007 quaecuuque
1207 2935 1276 2988 sont
1307 2928 1462 2989 viciniores
1488 2924 1557 3003 polo
1580 2942 1670 3003 quam
1691 2926 1783 2985 stria-

425 3022 528 3095 gsotes
551 3015 748 3091 horizontem,
772 3017 818 3078 hls
841 3016 988 3097 applicare
1011 3017 1162 3092 vldentar;
1191 3015 1260 3077 illae
1283 3014 1418 3093 quidem,
1441 3030 1518 3092 quaa
1540 3022 1609 3073 suut
1629 3016 1782 3094 propiores

425 3103 494 3184 polo
523 3122 613 3182 quam
642 3102 811 3181 vmticales,
846 3104 890 3166 bis
913 3121 949 3165 ax
972 3104 1075 3167 eadem
1098 3104 1205 3185 plaga,
1234 3120 1311 3183 qaae
1343 3120 1412 3165 vero
1441 3109 1510 3163 sunt
1531 3103 1606 3162 luter
1630 3099 1785 3162 verticales

426 3199 454 3254 et
486 3194 664 3270 stringentes
697 3192 895 3270 horizontem,
926 3191 1018 3257 semel
1051 3210 1070 3253 a
1103 3192 1191 3273 plaga
1224 3193 1302 3273 poli,
1341 3190 1432 3253 semel
1464 3209 1483 3251 a
1515 3189 1605 3269 plaga
1638 3190 1784 3250 matrarla

426 3279 589 3342 meridiani.

515 3385 674 3466 Quomodo
697 3387 894 3462 oo'ynosoituv,
917 3393 1052 3461 quantas
1065 3388 1103 3444 ait
1126 3401 1217 3444 ormo
1239 3388 1292 3443 iola
1314 3379 1487 3443 altitudinis
1504 3381 1572 3458 poli
1592 3382 1627 3440 iu
1650 3379 1782 3458 qemliliot

426 3471 511 3534 loeo?
536 3473 631 3548 Vario,
656 3470 708 3533 sed
731 3469 835 3532 modos
857 3470 947 3550 hujus
969 3472 1026 3532 loci
1047 3473 1183 3549 proprius
1207 3477 1251 3530 est
1272 3472 1343 3530 istoc
1376 3469 1495 3548 quando
1518 3485 1577 3529 nox
1600 3476 1645 3529 ast
1667 3468 1783 3546 longior

427 3577 515 3636 quam
539 3558 610 3634 dies,
633 3561 677 3621 slc
691 3567 724 3620 ut
746 3561 822 3619 intra
845 3577 934 3618 unam
956 3568 1071 3619 noctem
1095 3559 1190 3638 possit
1211 3557 1274 3617 lieri
1297 3557 1475 3637 plusquam
1498 3556 1620 3616 dimidia
1638 3555 1784 3618 revolutio

425 3645 562 3722 Telluris,
585 3654 654 3708 tunc
669 3648 803 3724 eligimus
826 3645 941 3707 stellam
959 3663 1049 3724 prope
1071 3647 1172 3725 polum
1194 3645 1304 3719 mundi,
1328 3662 1404 3724 quae
1426 3661 1484 3705 non
1509 3644 1632 3717 occidat,
1656 3651 1686 3703 et
1707 3659 1784 3720 quae

427 3734 455 3791 ln
479 3736 623 3814 principio
646 3742 676 3795 et
697 3733 755 3794 ilua
777 3734 872 3794 noctis
890 3741 1038 3812 spectetur
1060 3735 1088 3790 in
1104 3732 1276 3808 meridiano,
1299 3733 1390 3793 semel
1406 3749 1472 3793 cum
1494 3739 1617 3811 apparet
1632 3729 1784 3804 altissima,

428 3823 535 3881 iterum
557 3838 622 3882 com
645 3829 767 3902 apparet
782 3819 955 3880 humillima.
999 3819 1070 3880 Jarn
1092 3819 1250 3899 parallelos
1267 3822 1365 3900 puncti
1389 3817 1536 3881 verticalis
1559 3835 1594 3877 ex
1619 3815 1787 3877 delinitione

427 3907 636 3986 parallelorum
665 3909 756 3970 habet
787 3908 906 3970 eosdem
935 3925 1000 3969 crim
1023 3907 1148 3986 sphaera
1170 3906 1270 3984 polos,
1303 3907 1429 3986 ideoque
1452 3904 1576 3966 chculus
1599 3904 1785 3978 meridianus,

429 3998 538 4077 quippe
562 4015 613 4075 per
634 3996 734 4075 polum
757 3997 917 4069 transiens,
947 4002 1029 4056 socat
1059 3994 1137 4054 hunc
1158 3993 1332 4073 parallelum
1362 3995 1390 4054 in
1414 3995 1530 4073 punctis
1553 3990 1668 4051 duobus
1690 4006 1786 4070 oppo-

429 4085 505 4158 eltla,
529 4100 653 4161 quorum
674 4083 799 4145 altemm
829 4082 958 4165 (veracis
980 4089 1121 4160 punctum
1143 4083 1173 4140 in
1197 4080 1227 4140 id
1248 4073 1392 4162 incidens)
1420 4083 1583 4158 prozimum
1606 4087 1651 4137 eet
1672 4077 1785 4152 stellae,

428 4171 553 4233 altarum
573 4172 611 4232 ab
634 4188 669 4232 eo
685 4173 919 4232 remotissimum
959 4165 1176 4247 Quanmngo
1198 4185 1263 4228 me-
1491 4167 1493 4172 '

426 4260 534 4321 ridiaoi
556 4259 606 4319 ille
627 4260 840 4333 semicirculus,
871 4261 923 4335 qui
945 4275 996 4336 per
1019 4260 1158 4319 verticem
1179 4264 1272 4317 traa··

427 4349 481 4423 sit,
515 4346 630 4409 stellam
662 4348 798 4424 attingit,
832 4345 919 4407 stella
951 4354 1075 4424 apparet
1104 4344 1261 4416 dtissima,

427 4434 547 4513 quando
570 4436 733 4495 contrarios
755 4434 972 4507 semicirculus,
1004 4441 1074 4495 tunc
1094 4432 1183 4494 stella
1205 4450 1261 4510 ap-

428 4530 512 4600 paret
535 4521 708 4582 humillima.
744 4523 783 4581 Et
805 4530 873 4582 tuno
896 4521 1024 4582 medium
1045 4520 1260 4582 arithmeticum

426 4613 501 4672 iuter
535 4616 688 4685 utramque
715 4609 820 4671 stellae
853 4609 1039 4670 altitudinem
1068 4607 1260 4670 meridianam

428 4705 473 4760 est
493 4696 620 4758 altitudo
644 4697 715 4775 poli.

496 4797 539 4854 eit
555 4797 580 4851 V
597 4803 706 4864 remex,
731 4797 752 4852 P
770 4796 864 4868 polae,
889 4795 922 4852 81
946 4795 1071 4852 circellua
1089 4803 1180 4854 notar
1197 4794 1262 4852 stei-

425 4875 467 4930 laa
477 4874 644 4946 appareatis,
662 4875 737 4931 verhi
746 4890 831 4932 musa
844 4873 946 4945 polaris
964 4875 1114 4942 (schemata
1126 4873 1197 4930 enim
1213 4889 1261 4930 er·

426 4954 547 5024 pumuat
564 4961 667 5011 motam
686 4954 837 5018 stellamm,
863 4970 917 5010 non
942 4958 1045 5008 motum
1068 4952 1163 5022 puncti
1180 4952 1260 5006 verti-

426 5031 500 5100 calis,
517 5033 597 5103 cujus
609 5041 700 5089 motus
712 5033 866 5111 praeivit),
884 5032 921 5088 sit
932 5031 1048 5088 altitudo
1060 5031 1178 5086 maxima
1195 5027 1259 5086 stel-

425 5107 468 5166 lae
485 5109 514 5182 S,
532 5127 612 5167 arcus
631 5109 684 5183 SR,
700 5111 749 5167 51⁰
766 5113 805 5179 3¹,
830 5111 939 5166 minima
961 5111 999 5166 lii
1016 5111 1063 5167 45⁰
1089 5109 1141 5168 29⁴.
1175 5107 1260 5166 Aufer

424 5189 464 5245 itt
482 5191 518 5245 eh
536 5189 594 5258 SR,
617 5197 704 5247 restat
722 5190 803 5246 815⁰
825 5191 876 5260 el‘,
901 5189 979 5260 cujue
1003 5189 1141 5246 dimidium
1164 5195 1207 5246 est
1221 5187 1259 5243 ΡΙ

426 5267 457 5325 2·
473 5267 525 5324 li‘.
562 5267 641 5326 Adde
659 5268 696 5326 Pl
712 5269 747 5327 ad
764 5269 815 5334 lit.
834 5269 973 5339 comurgit
988 5267 1049 5340 PR,
1068 5267 1185 5326 altitudo
1202 5265 1259 5341 poll
