4459 6275
506 783 567 847 Μ
1004 779 1148 853 Epltcmet
1163 779 1355 840 mutuamina

347 1024 350 1031 ,
455 1030 459 1036 ,
504 959 626 1022 hersen
648 959 748 1021 nuilus
762 953 857 1032 'uest
879 962 907 1020 si
928 967 958 1021 et
980 959 1072 1022 Terra
1092 962 1222 1039 periente
1242 958 1369 1023 rotunda
1395 965 1427 1020 et
1445 964 1588 1040 pandum
1614 961 1694 1023 oculi
1715 961 1860 1024 mutu

503 1050 534 1107 in
556 1049 706 1125 ipsissima
729 1047 839 1110 Teneo
865 1047 1019 1127 superficie
1050 1057 1136 1110 emet.
1182 1049 1288 1127 ltaque
1316 1049 1367 1110 ubi
1390 1047 1452 1111 ista
1481 1049 1620 1128 planities
1647 1056 1710 1124 est,
1737 1049 1861 1111 harbon

503 1135 579 1196 liber
601 1135 658 1196 dici
682 1134 767 1210 solet,
789 1136 841 1196 nbi
863 1145 978 1196 montes
994 1136 1123 1205 obstant,
1146 1135 1267 1196 horinon
1283 1135 1449 1214 impeditus,
1471 1138 1561 1196 stanti
1576 1152 1647 1196 sero
1668 1139 1698 1196 is
1713 1136 1861 1198 alumno

504 1223 606 1300 aliquo
635 1231 733 1285 monte
756 1223 804 1284 rel
817 1225 1016 1303 promontorio
1031 1228 1062 1283 et
1074 1226 1265 1302 prospicienti
1288 1225 1335 1285 rel
1350 1223 1510 1285 secundnm
1523 1223 1677 1285 decursum
1699 1224 1786 1285 durii
1809 1224 1860 1287 rei

505 1313 535 1369 in
558 1311 648 1371 maris
670 1319 808 1383 extrema,
830 1310 952 1371 horizon
976 1310 1135 1372 dehiscere.
1181 1310 1266 1388 Quae
1289 1320 1358 1372 sunt
1378 1311 1510 1390 epitheta
1532 1310 1694 1373 horizontis
1715 1313 1860 1375 mundani

504 1397 630 1460 risibilis
652 1399 813 1476 comparati
835 1399 873 1459 ad
891 1398 1080 1458 rationalem.

593 1486 750 1564 Quomodo
772 1489 852 1545 ratio
874 1489 1028 1545 constituit
1048 1487 1235 1547 horizontem
1257 1486 1455 1560 rationalem,
1485 1489 1513 1545 n·
1534 1486 1577 1547 ad
1596 1485 1678 1547 hane
1703 1504 1773 1548 rens
1791 1489 1862 1549 sisu

504 1573 702 1633 destituitur?
744 1572 809 1633 Non
832 1573 919 1650 plane
943 1575 1009 1632 visu
1033 1573 1215 1649 destituitur,
1238 1574 1292 1635 sed
1315 1592 1350 1635 eo
1374 1575 1465 1632 utitur
1493 1572 1676 1651 adjuvatque
1702 1574 1787 1636 illurn
1810 1575 1858 1635 iu·

504 1667 665 1720 strumento
692 1659 834 1738 dioptrae.
879 1660 955 1721 Nam
978 1661 1056 1721 linea
1079 1659 1220 1738 dioptrae,
1245 1660 1363 1739 quando
1386 1678 1451 1721 eum
1469 1659 1550 1721 linea
1565 1660 1767 1740 perpendiculi
1791 1662 1862 1723 iecit

503 1747 642 1825 angulum
665 1756 787 1826 notum,
809 1748 909 1824 dirigit
931 1748 1048 1808 oculoru
1071 1751 1100 1807 in
1123 1750 1303 1809 horizontem
1318 1747 1492 1808 rationalem
1514 1747 1711 1827 describitque
1729 1751 1857 1811 cimam-

503 1845 570 1895 aeta
591 1836 711 1914 pianum
735 1835 894 1896 horizontis
915 1836 1075 1896 rationalis.
1120 1836 1228 1913 Itaque
1242 1836 1397 1896 rationalis
1415 1833 1536 1895 horizon
1561 1835 1760 1915 undequaque
1783 1854 1861 1915 qua-

503 1920 605 1984 drante
629 1922 729 1983 cuculi
751 1926 872 1983 maximi
895 1923 980 1983 abest
1002 1942 1021 1983 a
1042 1923 1121 1983 linea
1143 1923 1360 2002 perpendiculi,
1387 1930 1419 1984 et
1440 1922 1538 1983 radias
1560 1926 1675 1985 vieirns
1697 1942 1751 2004 per
1772 1925 1862 2004 disp·

502 2016 577 2071 usin
599 2012 714 2083 exieus,
748 2011 798 2071 ubi
821 2013 850 2069 tu
873 2019 972 2089 partes
1002 2019 1110 2071 tenens
1133 2028 1186 2071 seu
1209 2020 1323 2071 montes
1353 2009 1501 2077 insiderit,
1529 2009 1597 2071 illas
1624 2010 1740 2088 judicat
1767 2028 1862 2092 supra

502 2095 683 2159 horizontem
706 2097 878 2158 radonslem
901 2106 1031 2172 exstare3
1060 2099 1112 2157 uhi
1135 2115 1205 2159 vero
1228 2101 1258 2156 in
1281 2115 1387 2176 purum
1404 2096 1534 2172 eoelum,
1563 2098 1735 2161 subsidente
1756 2098 1861 2176 Terra,

503 2185 545 2245 ibi
564 2185 694 2263 indicat,
718 2201 751 2243 se
772 2193 907 2261 respectu
930 2184 1009 2244 illius
1032 2184 1189 2262 depressae
1211 2184 1319 2263 plagae
1340 2194 1418 2245 staro
1441 2183 1599 2245 elevatum.

593 2273 655 2352 (lui
674 2279 748 2332 nnn
766 2272 831 2350 poli
852 2274 1015 2332 rationulis
1036 2273 1223 2336 horizontis?
1265 2273 1411 2334 Punctum
1426 2272 1575 2350 reninis,
1598 2272 1726 2334 Arabico
1745 2272 1856 2349 senlth,

504 2359 628 2439 eiusque
651 2360 833 2438 oppositum,
858 2359 941 2419 nadis
963 2357 1081 2419 dietum.
1543 2392 1546 2397 ,

595 2447 679 2526 Quid
705 2454 747 2507 est
773 2455 926 2523 prmeturn
954 2447 1115 2507 amicale?
1161 2447 1216 2507 Est
1244 2455 1384 2526 punctum
1414 2445 1558 2524 sphaerae
1586 2445 1799 2526 aspectabilis,
1828 2450 1859 2508 in

504 2533 583 2612 quod
606 2533 708 2597 incidit
737 2534 938 2613 perpendiculi
966 2534 1060 2609 linea,
1089 2533 1120 2594 id
1152 2542 1198 2594 est
1225 2544 1306 2596 recte
1335 2552 1371 2594 ex
1394 2543 1494 2595 centm
1516 2534 1625 2597 Terrae
1656 2552 1707 2614 per
1738 2534 1859 2597 oculum

503 2623 677 2702 spectatoris
704 2623 915 2699 imaginatione
942 2621 1057 2685 educta.
1102 2621 1178 2682 Nam
1210 2640 1288 2700 quas
1316 2639 1353 2683 ex
1375 2630 1474 2682 centro
1497 2621 1596 2700 globi,
1628 2624 1799 2684 necesemio
1821 2621 1861 2685 sd

502 2710 628 2788 angulos
651 2717 747 2771 rectos
769 2708 871 2771 incidit
892 2713 921 2768 in
945 2711 1066 2786 persenti
1090 2708 1171 2786 globi
1194 2709 1387 2787 superficiem,
1417 2725 1512 2787 eoque
1540 2710 1794 2789 perpendicularis
1816 2718 1862 2773 nt

501 2796 564 2878 iili,
585 2796 617 2856 id
639 2804 685 2858 est
705 2795 795 2875 plano
817 2797 970 2858 rationalis
991 2797 1123 2857 tinitorie.

594 2883 679 2946 Unde
699 2884 814 2945 dicium
835 2883 998 2945 mente?
1041 2882 1119 2960 Quia
1142 2901 1248 2962 eorpus
1271 2883 1398 2944 hominis
1421 2891 1549 2946 ereetum
1572 2891 1618 2945 est
1639 2883 1678 2946 ad
1699 2884 1861 2966 perpendi·

505 2972 563 3034 culi
595 2972 704 3034 lineam
734 2972 773 3033 ob
804 2971 938 3050 pondus;
971 2979 1135 3033 exuemum
1162 2974 1252 3050 igitur
1280 2971 1529 3051 perpendicularis
1551 2971 1647 3034 lineae
1669 2976 1862 3039 continuatae

503 3062 634 3122 imminet
656 3061 759 3119 vertici
781 3057 932 3120 hominis.-

590 3147 709 3222 tha,
742 3149 883 3209 mrtieale
902 3155 1056 3225 punctum
1077 3165 1137 3207 esse
1155 3148 1264 3223 polum
1286 3148 1459 3208 horizontis
1505 3147 1598 3208 Recta
1620 3165 1657 3209 ax
1680 3156 1781 3210 oeutm
1804 3151 1863 3211 eir·

504 3234 562 3297 euli
584 3235 728 3313 sphaerae
757 3236 1036 3315 perpendiculariter
1058 3235 1165 3295 educta
1187 3251 1239 3311 per
1261 3234 1346 3311 polos
1368 3234 1448 3294 illius
1471 3234 1572 3295 circuli
1595 3237 1715 3309 uansit,
1750 3245 1784 3296 ut
1806 3235 1863 3298 dn·

503 3331 570 3384 eant
591 3329 768 3400 geometrae.
814 3324 896 3384 Telis
919 3321 1044 3383 circulus
1066 3322 1186 3382 horizon
1210 3328 1264 3396 est,
1287 3321 1356 3381 talis
1369 3330 1450 3382 reeta
1471 3322 1722 3401 perpendiculum,
1747 3333 1779 3383 ut
1799 3325 1861 3402 Jssr

502 3411 599 3489 patuit
627 3426 664 3470 ex
692 3409 869 3472 definitione.
916 3411 1036 3471 Transit
1063 3412 1153 3487 igitur
1183 3427 1235 3487 per
1267 3409 1366 3486 poium
1396 3409 1571 3486 horizontis,
1605 3420 1637 3471 at
1664 3410 1783 3472 ducitur
1811 3428 1863 3492 per

502 3498 616 3568 senith,
640 3513 711 3573 ergo
733 3498 831 3558 zenith
854 3506 898 3561 est
920 3499 1008 3576 polus
1030 3497 1200 3557 horizontis.
1628 3577 1631 3582 Ι

596 3583 680 3645 Unde
700 3585 756 3646 hee
777 3590 876 3646 euenit
896 3586 999 3658 ousiis,
1022 3592 1059 3645 ut
1070 3592 1191 3661 putent,
1210 3585 1374 3660 planitiem
1393 3584 1505 3645 Terrae
1525 3587 1683 3647 cohaerere
1701 3589 1762 3663 ipsi
1782 3587 1863 3649 coela

502 3680 531 3733 et
552 3676 593 3733 sie
614 3689 715 3732 secure
735 3674 914 3750 sphaeram,
944 3691 1014 3734 eum
1036 3676 1097 3732 sint
1121 3679 1209 3731 tanto
1230 3673 1393 3732 interualla
1415 3665 1453 3732 alr
1485 3675 1615 3733 incitem
1644 3682 1763 3735 remota
1792 3693 1861 3737 eos·

502 3762 569 3822 lrnrt
597 3767 625 3820 et
652 3760 769 3820 Terra?
812 3760 890 3836 Quia
918 3778 984 3821 eum
1007 3760 1146 3821 distantia
1175 3761 1296 3819 nonsit
1324 3760 1473 3836 objectum
1496 3763 1579 3821 risus
1608 3762 1794 3840 primarium,
1830 3769 1862 3824 ut

502 3848 608 3910 docent
630 3850 733 3927 optici,
767 3848 819 3908 sed
842 3866 894 3925 per
915 3850 1169 3909 ratiocinationem
1198 3846 1461 3925 comprehendatur
1494 3865 1529 3909 ex
1558 3848 1746 3910 multitudine
1768 3851 1862 3912 inter-

499 3937 646 4014 jectorum
668 3953 821 4015 corporum
844 3935 1021 4010 visibilium,
1052 3938 1127 3996 inter
1157 3934 1271 3996 eoelum
1299 3941 1329 3994 et
1357 3943 1488 3996 extrema
1509 3936 1636 3997 Telluris
1667 3936 1863 4015 aspectabilis

501 4024 574 4084 nihil
606 4024 790 4101 interjicitur,
821 4040 912 4101 qnare
942 4024 1024 4083 visus
1055 4022 1234 4085 adminiculo
1265 4019 1423 4083 dmdtntus
1454 4032 1498 4083 est
1532 4025 1711 4102 agnoscendi
1743 4023 1862 4087 distan-

502 4114 573 4173 tiam
593 4111 678 4172 hana

592 4198 670 4259 ilum
692 4215 764 4273 erpa
785 4197 917 4275 sphaera
938 4198 1107 4256 materialis
1128 4199 1168 4255 sit
1189 4197 1300 4274 effipia
1321 4196 1449 4271 mundi,
1471 4206 1507 4258 ut
1528 4202 1553 4258 ir
1575 4202 1708 4259 incurrit
1729 4203 1764 4259 in
1786 4217 1861 4262 acts·

502 4289 554 4360 los,
577 4303 642 4345 nan
663 4285 766 4345 debuit
788 4286 877 4345 aliud
896 4301 956 4344 esse
977 4285 1012 4341 in
1033 4283 1090 4341 illa
1111 4285 1243 4344 eirardus
1263 4284 1409 4359 hmiscn,
1433 4285 1522 4345 aliud
1541 4287 1647 4364 plebes
1673 4285 1804 4347 Telluris
1826 4292 1861 4348 iss

501 4375 647 4452 sphaera
669 4373 780 4446 media,
810 4373 862 4432 sed
881 4374 1013 4449 planum
1036 4375 1233 4447 continuum,
1264 4375 1416 4432 transiens
1436 4391 1493 4449 per
1514 4377 1615 4449 ipsum
1637 4381 1794 4445 centrum,
1825 4383 1861 4436 est

502 4464 579 4522 nisio
600 4467 888 4536 repraesentaretur.
933 4458 1045 4519 Debuit
1066 4460 1211 4536 equidem,
1234 4468 1266 4521 at
1288 4460 1349 4520 fieri
1372 4478 1431 4519 non
1453 4463 1557 4540 potuit,
1584 4463 1609 4520 si
1633 4461 1753 4539 plenum
1776 4461 1860 4523 horl-

503 4550 600 4610 ιοιιιίι
625 4548 729 4609 inisset
752 4552 912 4624 integrum,
944 4553 978 4605 ut
998 4546 1125 4623 sphaera
1152 4550 1182 4605 in
1205 4564 1241 4607 eo
1265 4556 1439 4608 moveretur.
1485 4549 1590 4625 Itaque
1617 4550 1755 4625 planities
1777 4549 1861 4610 bori-

504 4638 600 4698 sontis
621 4643 855 4712 repraesentatur
876 4635 1048 4709 lorinsecus,
1071 4637 1150 4694 intus
1174 4651 1243 4694 rero
1259 4643 1304 4695 est
1318 4642 1448 4712 pertusa,
1472 4645 1504 4695 ut
1528 4637 1578 4696 det
1591 4636 1688 4696 locum
1703 4636 1858 4714 sphaerae.

504 4724 577 4784 Cum
601 4724 689 4799 igitur
710 4722 829 4784 horizon
853 4724 895 4782 eie
918 4739 1072 4797 expressus
1095 4728 1293 4800 repraesentet
1315 4723 1504 4783 nihilominus
1535 4733 1724 4802 apparentem
1748 4728 1860 4787 merlo·

504 4827 570 4873 nem
592 4810 735 4888 sphaerae
758 4813 786 4869 in
811 4807 870 4868 duo
892 4808 1117 4886 hemisphaeria,
1141 4812 1279 4871 interiora
1293 4827 1364 4871 vero
1382 4810 1469 4887 hujus
1490 4811 1621 4891 planitiei
1644 4818 1761 4873 exemia
1784 4812 1857 4874 nulli

503 4907 572 4960 sunt
594 4900 660 4959 usui
684 4906 851 4977 praeterea,
876 4896 963 4957 iaeiie
986 4900 1023 4957 iis
1044 4896 1170 4974 sphaera
1192 4913 1289 4958 carere
1311 4901 1417 4975 potuit

441 4991 446 5000 '
591 4985 718 5048 'l'eiinria
750 5002 821 5047 sero
843 4982 981 5062 globulus
1011 4987 1040 5044 in
1063 4984 1160 5046 medio
1187 4984 1377 5047 nihilominus
1400 4984 1590 5063 appenditur,
1624 5003 1690 5047 eum
1721 4988 1761 5049 oh
1783 5005 1859 5066 geo-

504 5073 676 5154 graphiam,
699 5082 760 5134 tum
789 5072 828 5133 ad
850 5070 1027 5134 monendum
1056 5070 1269 5150 quadamtenus
1308 5081 1337 5135 et
1364 5073 1401 5134 do
1430 5076 1542 5150 origine
1572 5075 1732 5135 horizontis
1760 5083 1790 5144 et
1821 5076 1859 5137 de

505 5169 653 5224 emumts
674 5161 783 5223 'l'errae
804 5159 944 5222 militate.
990 5158 1049 5236 Qui
1071 5167 1168 5220 umen
1190 5162 1270 5236 ruit,
1301 5164 1327 5222 is
1359 5164 1389 5221 in
1412 5160 1519 5222 circuio
1549 5161 1657 5242 plano,
1687 5168 1792 5242 aptato
1819 5160 1859 5224 sd

506 5252 650 5314 binus
671 5248 817 5330 sphaeras
838 5244 1070 5330 nuptialium,
1093 5243 1232 5330 ἀφίημι
1253 5248 1313 5313 ioci
1334 5250 1390 5324 sul,
1411 5250 1443 5314 in
1457 5265 1518 5329 quo
1539 5257 1680 5328 sessum,
1709 5249 1859 5314 risibhs·
