4459 6275
908 776 1361 872 manumissionibus.
1608 771 1611 779 ¹
1733 798 1796 863 ιρι
1905 739 1908 749 Δ

475 942 480 951 ’
534 958 605 1039 Quo
623 971 715 1019 ιιιιιιι
735 955 848 1019 dicitur
869 959 1029 1020 ariomaiia
1050 958 1203 1020 comuni?
1223 958 1459 1041 Subintelligitur
1480 966 1579 1028 et'bic
1600 968 1710 1032 vocula
1731 986 1820 1035 mo··
1904 1026 1907 1031 .

442 1052 501 1107 tus.
555 1045 631 1106 Nam
658 1046 713 1105 etsi
742 1047 774 1104 in
805 1063 876 1108 arcu
907 1048 973 1124 ipso
1001 1047 1100 1108 circuli
1130 1047 1187 1107 PK
1218 1048 1379 1110 secundum
1410 1051 1534 1129 figuram
1564 1050 1654 1117 nulla‘
1676 1067 1799 1137 apparet
1913 1084 1918 1099 ·

441 1133 641 1211 inaequalitas
662 1131 711 1192 vel
732 1134 897 1207 anomalia,
921 1140 1018 1201 motus
1040 1141 1139 1195 umen
1162 1135 1298 1214 planetae
1319 1139 1350 1196 in
1373 1139 1469 1201 orbita
1490 1140 1541 1200 ΡΟ
1565 1160 1634 1204 vere
1656 1153 1701 1206 cst
1723 1165 1798 1208 ano·

440 1219 548 1295 malos,
570 1219 744 1298 inaequalis,
767 1221 860 1282 tribus
875 1216 1059 1281 nominibus:
1082 1224 1177 1300 primo
1192 1225 1304 1283 ratione
1318 1240 1391 1286 suae
1413 1225 1524 1304 figurae
1540 1228 1696 1309 ellipticae,
1721 1252 1797 1312 qnae

438 1308 604 1371 secuudum
627 1306 760 1368 diversas
787 1311 833 1371 sui
861 1315 961 1387 partes
990 1309 1115 1370 flectitur
1146 1310 1295 1387 inaequali
1319 1314 1462 1375 curvitate
1485 1315 1633 1395 distatque
1655 1338 1674 1379 a
1697 1329 1796 1383 centro

438 1398 554 1475 figurae
574 1394 783 1474 inaequaliter3
807 1394 911 1458 deinde
934 1398 1047 1457 ratione
1070 1396 1237 1474 celeritatis,
1261 1414 1337 1474 quae
1359 1417 1418 1461 nou
1433 1409 1479 1462 est
1500 1403 1603 1483 eadem
1619 1404 1648 1464 i'n
1663 1408 1798 1474 omuibus

439 1485 556 1547 orbitae
577 1481 744 1562 particulis3
767 1485 852 1544 tertio
874 1485 989 1545 ratione
1010 1487 1201 1562 apparentiae
1223 1491 1364 1562 tanquam
1386 1504 1423 1548 ex
1437 1488 1517 1566 Sole,
1541 1493 1612 1569 quia
1632 1502 1731 1570 partes
1747 1512 1797 1556 or-

438 1574 523 1635 bitae
543 1570 684 1650 aequales
707 1569 886 1632 subtendent
908 1570 987 1650 apud
1001 1570 1102 1633 Solem
1125 1571 1251 1650 angulos
1273 1574 1452 1652 inaequales.
1499 1576 1573 1638 Cum
1602 1581 1691 1658 igitur
1711 1600 1797 1646 mous

437 1659 495 1734 PK
516 1657 555 1720 ad
582 1659 681 1720 omnia
703 1659 761 1717 ista
785 1655 1007 1721 determinanda
1029 1667 1193 1740 concurrat,
1217 1667 1249 1720 ut
1271 1662 1352 1738 prius
1376 1661 1503 1740 dictum,
1536 1682 1626 1743 qnare
1649 1685 1708 1746 quo
1727 1670 1796 1748 jure

437 1755 526 1810 vatus
547 1746 728 1809 astronomia
751 1746 892 1809 circulum
922 1754 1100 1824 aequantem
1122 1746 1284 1807 introduxit
1315 1750 1404 1825 inque
1427 1768 1463 1811 eo
1485 1757 1650 1815 numeravit
1672 1774 1797 1819 anoma-

437 1837 512 1898 liam
531 1833 669 1909 medum,
691 1849 750 1893 non
766 1832 903 1896 deteriori
922 1834 990 1911 jure
1011 1851 1066 1896 nos
1082 1834 1195 1896 orbitae
1210 1833 1283 1895 reali
1299 1833 1348 1894 ΡΟ
1371 1837 1633 1901 circumscribimus
1656 1844 1798 1907 circulum

437 1925 632 1986 matricum
654 1920 710 1982 PK
732 1921 821 1999 inque
843 1938 879 1982 eo
902 1939 1087 1983 numeramus
1109 1920 1290 2001 anomaliam
1313 1925 1457 2001 eccentri,
1486 1935 1662 2007 usurpantes
1683 1949 1797 2010 acqua·

436 2010 498 2073 bil'e
519 2007 634 2087 aliquid
655 2008 695 2068 ad
716 2008 943 2070 mensurandam
965 2008 1004 2080 id,
1030 2009 1109 2086 quod
1132 2016 1178 2070 est
1201 2009 1398 2086 inaequabile.
1627 2062 1630 2070 .

523 2097 566 2158 Et·
590 2099 619 2157 ln
648 2098 741 2158 reteri
770 2095 889 2174 quidem
918 2098 1097 2158 astronomia
1121 2097 1247 2157 circulus
1270 2113 1401 2175 aequans
1423 2097 1542 2159 seduxit
1572 2102 1728 2181 physicos,
1760 2112 1794 2166 ut

431 2186 666 2262 imaginarentur
686 2184 744 2244 sibi
765 2185 874 2246 realem
897 2182 945 2244 vel
967 2183 1108 2244 circulum
1132 2183 1180 2245 vel
1202 2190 1280 2244 certo
1304 2192 1431 2263 motum;
1453 2193 1484 2246 at
1506 2187 1555 2248 blc
1580 2190 1680 2251 seduci
1704 2209 1790 2254 nemo

435 2278 546 2354 potest,
570 2289 635 2334 cum
663 2279 805 2350 appareat
826 2272 864 2331 ad
887 2271 1014 2347 oculum,
1037 2289 1139 2333 veram
1155 2270 1292 2349 planetae
1315 2273 1441 2332 orbitam
1455 2272 1506 2349 ΒΟ
1530 2276 1560 2334 in
1581 2276 1652 2338 solis
1676 2277 1790 2341 duobus

432 2358 572 2440 apsidum
594 2361 711 2439 punctis
733 2359 774 2431 P,
798 2359 825 2419 R
849 2375 915 2420 cum
937 2359 995 2419 hoc
1016 2357 1151 2419 technico
1175 2358 1283 2418 circuio
1305 2358 1362 2419 PK
1384 2376 1569 2438 concurrere,
1592 2369 1655 2426 toto
1678 2365 1792 2445 reliquo
1874 2394 1877 2399 ·

434 2455 532 2510 bactu
554 2464 620 2508 seso
643 2448 719 2508 intra
742 2445 824 2506 illius
847 2446 1031 2525 complexum
1053 2463 1157 2507 verens
1180 2452 1309 2505 centrum
1331 2445 1443 2523 figurae
1465 2450 1604 2527 recipere.

527 2533 612 2614 Quid
637 2543 680 2595 eet
707 2534 867 2596 mortalia
895 2534 1087 2611 waeqrrata?
1122 2533 1175 2593 Est
1202 2550 1286 2593 arcus
1317 2533 1417 2594 circuli
1447 2537 1545 2612 magni
1576 2539 1606 2595 in
1635 2537 1791 2604 latitudine

433 2621 551 2686 sodiaci
573 2639 626 2701 par
641 2623 893 2684 continuationem
915 2621 997 2700 plani
1012 2622 1125 2682 orbitae
1149 2620 1329 2697 planetariae
1353 2620 1509 2699 designati,
1533 2624 1795 2704 inconsequentia
1907 2652 1918 2671 ·.

405 2705 410 2711 ’
432 2713 587 2790 signorum
607 2716 777 2781 numeratus
799 2727 817 2770 a
839 2709 905 2771 loco
929 2707 1040 2788 apsidis
1062 2724 1160 2786 usque
1182 2705 1221 2768 ad
1236 2706 1334 2767 locum
1357 2700 1605 2787 ipsum'plauetae
1622 2713 1675 2773 ‘vel
1691 2716 1794 2791 cujus·
1819 2704 1822 2709 ’

432 2815 552 2876 cunque
573 2799 674 2876 puncti
697 2797 809 2859 orbitae
832 2803 1040 2876 apparentem3
1064 2796 1123 2870 vei,
1147 2793 1227 2872 quod
1250 2792 1355 2854 eodem
1376 2794 1461 2870 redit,
1484 2803 1530 2857 est
1545 2799 1681 2877 angulus,
1705 2819 1794 2880 quem

434 2904 523 2948 meus
546 2884 670 2964 quilibet
691 2901 780 2945 verae
803 2885 917 2964 orbitae
946 2882 1142 2963 piscatoriae
1151 2880 1302 2941 ‘subtendit
1325 2887 1377 2942 ant
1398 2881 1496 2944 dietae
1514 2883 1594 2945 dnae
1615 2885 1711 2950 lineae
1733 2890 1795 2951 ior·

433 2981 518 3035 mant
540 2971 620 3052 apud
643 2979 772 3047 centrum
795 2971 882 3046 Solis,
907 2972 1009 3049 ejusve
1032 2968 1134 3047 anguli
1157 2969 1403 3046 complementum
1425 2971 1462 3030 ad
1487 2973 1506 3030 t
1529 2978 1633 3033 rectos.

525 3072 563 3129 Ut
581 3071 606 3128 ai
622 3071 735 3142 plancta
752 3070 780 3125 iu
799 3072 833 3139 0,
858 3077 1009 3142 coaequata
1027 3067 1163 3150 anomalia
1186 3074 1229 3123 est
1251 3069 1368 3140 angulus
1386 3071 1470 3141 Pn03
1497 3072 1567 3128 etsi
1589 3073 1700 3145 planeta
1716 3075 1744 3132 in
1763 3078 1796 3152 Q,

380 3186 382 3189 ·
435 3160 504 3211 tuuc
521 3149 657 3207 monada
674 3155 826 3220 coaequata
844 3156 951 3206 constat
968 3148 1013 3204 hia
1030 3147 1168 3218 partibus:
1187 3148 1277 3213 PAM,
1295 3148 1377 3205 MAR
1394 3148 1501 3206 duobus
1518 3151 1615 3223 rectis,
1638 3160 1666 3209 et
1683 3156 1795 3228 iusuper

435 3230 540 3306 angulo
551 3228 636 3298 ΒΑΘ.
672 3227 775 3297 Quodsi
788 3229 919 3284 centrod
936 3225 1072 3282 scribatur
1087 3224 1206 3281 circulus
1225 3228 1462 3301 quantuscunque,
1481 3235 1509 3284 et
1521 3230 1561 3286 sic
1578 3229 1659 3296 etiam
1675 3233 1794 3294 cuculus

436 3311 465 3368 in
481 3308 601 3380 sphaera
612 3305 741 3372 lixarum,
759 3305 853 3363 circuli
871 3306 954 3375 hujus
972 3319 1061 3376 arcus,
1083 3309 1242 3360 numeratus
1261 3305 1296 3360 ab
1309 3304 1357 3359 ΔΡ
1374 3305 1403 3360 in
1422 3305 1560 3376 signorum
1573 3312 1794 3384 consequentiam

434 3402 525 3460 nsque
542 3383 578 3442 ad
595 3385 642 3441 Ac
658 3383 703 3440 rel
719 3384 768 3455 ΔΩ
786 3387 971 3451 continuatas,
990 3383 1096 3440 dicetur
1115 3386 1198 3441 etiam
1215 3383 1352 3441 anomalia
1370 3392 1529 3456 coaequata.

528 3478 635 3558 Quare
656 3486 826 3554 coaequata
848 3476 981 3539 dicitur?
1001 3476 1118 3537 Motum
1141 3476 1305 3538 anomaliae
1328 3485 1524 3555 coaequatum
1546 3475 1606 3562 (vel
1621 3480 1794 3560 simpliciter

436 3565 617 3630 anomaliam
639 3565 843 3646 coaequatam)
866 3564 962 3626 dicere
984 3572 1200 3627 conmeverunt
1222 3571 1370 3640 auctores,
1386 3573 1453 3626 'non
1475 3569 1560 3644 quasi
1583 3585 1619 3628 ax
1641 3572 1794 3649 proposito

436 3662 522 3718 motu
550 3649 700 3730 inaequali
727 3650 812 3714 iacnt
842 3651 958 3715 elicitus
985 3660 1083 3714 motus
1110 3651 1262 3731 aequalis,
1294 3650 1347 3712 sed
1375 3655 1490 3715 ratione
1519 3653 1607 3731 plane
1638 3659 1792 3735 contraria,

437 3741 529 3823 quod,
552 3757 619 3801 cum
639 3747 820 3817 proponatur
841 3742 924 3802 initio
947 3747 1065 3818 tempus
1084 3758 1137 3802 seu
1160 3741 1256 3819 portio
1278 3743 1418 3816 temporis
1440 3740 1582 3818 periodici
1605 3749 1716 3806 etcum
1737 3746 1794 3809 boc

435 3839 555 3910 tempus
576 3824 739 3909 (redactum
761 3830 790 3886 in
815 3827 1090 3889 denominationem*
1104 3822 1341 3907 astronomicam)
1365 3825 1489 3903 indicet,
1506 3836 1663 3906 <quantum
1694 3849 1793 3894 arcum

436 3917 540 3981 menti
562 3913 690 3993 planeta,
714 3916 740 3976 si
762 3916 930 3976 incessisset
951 3920 1033 3975 motu
1055 3914 1214 3992 aequabili,
1236 3914 1324 3975 fuerit
1339 3913 1522 3976 confecturus
1545 3917 1621 3978 intra
1639 3918 1695 3980 boc
1717 3926 1793 3979 tem·

436 3988 519 4087 poris
540 4003 683 4082 spatium,
713 4001 777 4080 jam
798 4020 885 4080 porro
909 4018 1014 4062 munus
1037 4002 1075 4062 sit
1096 4002 1257 4061 astronomi
1280 3999 1450 4077 ostendere,
1483 4010 1624 4080 quantum
1653 4003 1688 4065 de
1711 4013 1794 4067 motu
1878 4013 1883 4018 '

436 4094 577 4174 planetae
592 4106 660 4151 vere
681 4089 830 4171 inaequali
844 4090 995 4169 apparenti
1010 4086 1186 4166 respondeat
1198 4088 1268 4148 huic
1282 4090 1406 4165 tempori
1421 4088 1548 4167 fictoque
1570 4093 1664 4152 motui
1679 4109 1792 4169 aequa·

437 4180 500 4243 bili.
546 4177 640 4239 Sonat
661 4177 750 4255 igitur
772 4184 869 4239 motus
892 4183 1071 4253 coaequatus
1093 4175 1181 4250 idom,
1201 4172 1285 4253 quod
1307 4182 1404 4236 motus
1427 4179 1604 4255 aequatione
1626 4180 1748 4251 allectus
1763 4185 1794 4242 et

438 4282 599 4332 conversus
614 4265 644 4323 ln
667 4271 865 4343 apparentem,
888 4264 1007 4325 indutus
1023 4264 1135 4325 scilicet
1157 4262 1237 4324 iliam
1252 4262 1504 4340 inaequalitatem,
1529 4283 1617 4343 quam
1640 4268 1668 4329 ei
1689 4267 1791 4330 conci·

437 4356 492 4419 liat
515 4352 696 4433 apparentia,
719 4372 737 4414 a
760 4370 819 4430 qua
841 4352 1052 4431 inaequalitate
1073 4358 1137 4413 tota
1157 4351 1296 4431 periodus
1320 4350 1466 4413 anomalia
1489 4352 1602 4416 dicitur.

530 4440 609 4503 Cum
631 4440 727 4516 ipitur
748 4442 921 4502 anomaliae
950 4440 1037 4499 basce
1064 4448 1123 4500 tree
1144 4447 1172 4499 et
1193 4438 1367 4499 distinxeris
1388 4446 1416 4499 et
1435 4440 1619 4519 immoreris
1635 4457 1695 4517 per
1714 4439 1795 4518 flod«

436 4534 517 4593 tium
539 4527 689 4589 circulum
712 4532 908 4591 eccentricum
930 4528 1045 4590 orbitae
1066 4530 1345 4604 circumscriptum:
1375 4545 1501 4604 quaero,
1534 4546 1577 4589 arr
1604 4546 1670 4589 nou
1695 4532 1791 4604 potuit
1840 4557 1845 4562 ·

437 4617 536 4680 aden
557 4616 631 4676 usui
651 4631 710 4675 esee
731 4633 805 4676 vera
825 4618 969 4693 planetae
990 4616 1097 4677 orbita.
1138 4615 1203 4676 Etsi
1224 4630 1284 4675 non
1307 4620 1351 4675 est
1374 4630 1463 4692 opus,
1494 4621 1597 4693 potest·
1615 4622 1713 4677 mmen
1735 4634 1787 4695 per

394 4747 397 4752 -
438 4702 710 4784 aequipollentiam.
754 4702 830 4763 liam
857 4710 890 4764 ut
915 4704 1010 4783 prima
1037 4702 1127 4780 hujus
1149 4701 1187 4763 V.
1211 4701 1279 4776 libri
1300 4707 1382 4781 parte
1405 4699 1530 4777 dictum,
1559 4709 1674 4782 tempus
1697 4710 1727 4764 st
1749 4696 1812 4786 sic'

439 4789 620 4856 anomallam
649 4786 776 4851 mediam
802 4792 919 4851 metitur
948 4791 1037 4852 etiam
1064 4807 1134 4850 area
1155 4788 1249 4863 Pon,
1280 4796 1310 4849 et
1337 4787 1514 4850 anomaliam
1536 4792 1660 4858 eccentri
1682 4795 1790 4868 potest,

440 4881 491 4960 qni
514 4877 589 4953 vnit,
613 4876 775 4955 intelligere
798 4880 887 4939 etiam
908 4894 961 4958 per
982 4894 1081 4939 arcum
1097 4876 1155 4938 ΡΟ.
1193 4877 1329 4956 Aegidas
1342 4893 1412 4938 vero
1429 4875 1508 4937 Pac
1530 4880 1618 4939 stiam
1631 4879 1712 4956 prius
1727 4875 1790 4954 dlo-

439 4978 488 5031 tus
511 4965 568 5028 init
589 4964 738 5026 anomalis
760 4973 933 5044 coaequata.

532 5070 692 5150 Quomodo
714 5074 884 5147 quantitate
904 5071 1120 5132 dueemuntur
1142 5078 1201 5129 tres
1222 5068 1278 5128 icae
1299 5070 1396 5130 rodae
1417 5042 1615 5130 anomaliae?
1643 5064 1789 5152 Numerus

441 5157 587 5239 gradum
619 5161 649 5218 st
678 5160 855 5221 minutorum
884 5156 1047 5220 anomaliae
1077 5158 1202 5218 eccentri
1233 5173 1348 5235 semper
1370 5161 1415 5215 ast
1437 5153 1549 5217 madius
1572 5154 1646 5213 inter
1668 5158 1788 5218 ceteros.

441 5248 526 5328 Quae
541 5261 613 5309 vero
624 5245 721 5308 media
736 5245 850 5324 dicitur,
873 5264 909 5309 ea
923 5253 1079 5325 tauquam
1094 5242 1215 5323 impleat
1229 5241 1451 5319 semicirculum,
1474 5256 1588 5321 semper
1603 5244 1649 5303 est
1661 5242 1789 5314 maxima
