4459 6275
433 741 496 800 488
925 704 942 795 ,¹
959 731 1101 803 Epitoures
1119 730 1309 789 Astrouomiao

387 896 392 905 ⁵
432 923 466 975 ut
489 914 614 990 quisque
637 911 767 985 interior,
798 913 841 971 ita
869 910 985 986 longior
1016 917 1061 971 est
1076 888 1294 970 ¹occultationis
1325 911 1510 986 vespertinae
1539 908 1589 971 rel
1618 911 1780 972 emersioois

289 976 326 1067 Ι,
434 1003 597 1062 matutinae
619 1016 710 1071 mora,
733 1001 837 1058 ceteris
864 999 992 1076 paribus.
1040 997 1184 1073 Adeoque
1206 998 1330 1057 Veneris
1354 1008 1384 1058 et
1413 992 1507 1074 magis
1531 996 1670 1059 Mercurii
1692 1015 1781 1061 morse

435 1092 580 1150 brevitate
603 1093 741 1164 superant
764 1088 844 1164 ipsas
866 1086 989 1146 fixarum
1012 1088 1089 1145 circa
1111 1084 1166 1144 has
1188 1088 1404 1164 apparitionum
1425 1087 1547 1162 species.
1595 1085 1733 1146 Vicissim
1751 1105 1783 1147 cs

432 1177 522 1237 radiis
553 1175 631 1235 Solis
661 1176 774 1250 vesperi
805 1174 891 1259 Laura
922 1191 954 1232 se
983 1174 1131 1232 celerrime
1161 1173 1296 1249 expedit,
1330 1182 1395 1248 post
1416 1170 1597 1246 Mercurius,
1628 1174 1784 1235 tardissimo

433 1265 545 1336 Venus,
571 1263 759 1337 vicissimque
782 1262 897 1339 vesperi
920 1261 1036 1340 (ceteris
1052 1260 1184 1337 paribus)
1208 1263 1302 1337 primu
1323 1278 1356 1320 sa
1378 1260 1478 1320 ooudit
1492 1260 1606 1334 Venus,
1629 1261 1699 1321 iude
1713 1262 1785 1323 tter·

436 1353 548 1424 curius,
581 1349 667 1408 Luna
697 1348 863 1408 tardissime
890 1355 919 1407 ot
947 1351 1078 1425 proxime
1110 1348 1325 1423 conjunctionis
1355 1352 1512 1408 momento.
1557 1348 1621 1408 Nec
1651 1348 1724 1409 nihil
1743 1350 1787 1409 tric

437 1439 517 1498 valet
542 1440 631 1496 unius
655 1435 846 1513 ejusdemque
869 1435 1006 1513 planetae
1029 1435 1184 1494 diversitas
1206 1443 1356 1507 motuum,
1386 1438 1557 1513 praesertim
1580 1434 1734 1509 Mercurii,
1760 1441 1787 1495 iu

437 1527 620 1603 apparitione
642 1527 787 1582 matutina
810 1529 841 1583 ct
863 1523 1060 1583 occultatione
1082 1525 1268 1599 vespertiua3
1292 1523 1398 1600 quibus
1413 1523 1490 1583 addc
1505 1522 1599 1605 ipsius'
1613 1526 1705 1585 etiam
1718 1524 1790 1585 Solis

436 1622 568 1674 motuum
592 1612 841 1688 inaequalitatem.
1099 1604 1107 1625 ¹

524 1698 637 1774 Quarta
659 1706 703 1758 est
727 1698 844 1758 diversa
868 1697 1066 1771 diversorum,
1090 1695 1207 1757 diversa
1229 1699 1318 1758 etism
1341 1698 1427 1756 unius
1450 1707 1479 1758 et
1502 1697 1638 1774 ejusdem
1660 1699 1790 1775 planetae

324 1832 350 1849 ,r
436 1787 572 1847 latitudo.
618 1786 691 1845 Nam
723 1803 775 1864 per
805 1803 870 1845 eam
900 1802 1007 1845 causae
1036 1787 1130 1863 primu
1157 1792 1187 1845 et
1217 1785 1346 1846 secunda
1376 1786 1528 1845 variantur
1558 1785 1713 1846 evidenter
1740 1786 1792 1847 sd·

439 1876 570 1953 modum,
593 1883 680 1933 aucta
704 1875 814 1951 quippe
838 1872 1066 1932 declinationum
1091 1875 1243 1935 varietate.

526 1961 637 2038 Quinta
658 1963 792 2021 consistit
815 1961 843 2018 in
868 1960 984 2019 diversa
1007 1960 1158 2020 stollamm
1181 1959 1382 2035 magnitudine
1397 1961 1560 2037 apparenti,
1585 1959 1665 2019 unde
1679 1961 1792 2033 lactum,

361 2114 363 2119 ,
438 2057 472 2110 ut
494 2050 559 2109 fixis
581 2065 634 2125 pro
658 2050 771 2107 ratione
794 2065 846 2107 sex
869 2047 1001 2108 ordinum
1025 2047 1234 2124 magnitudinis
1258 2048 1366 2107 diversi
1390 2050 1478 2106 etiam
1501 2064 1586 2107 arcus
1602 2052 1793 2108 emersionem

441 2137 731 2211 occultationumque
754 2136 981 2195 attribuerentur
1011 2135 1111 2213 (snpra
1133 2135 1208 2195 libro
1232 2135 1287 2193 111.
1310 2134 1361 2194 iol.
1386 2133 1480 2211 2851.
1525 2134 1609 2195 Idem
1627 2122 1721 2213 igitur
1743 2138 1794 2196 ob·

439 2229 512 2286 tinet
534 2226 622 2283 etiam
646 2225 674 2280 in
697 2222 823 2299 planetis
847 2222 1077 2299 quodammodo,
1110 2224 1160 2298 qui
1183 2230 1270 2300 prout
1291 2220 1353 2281 Soli
1379 2222 1544 2297 junguntur
1572 2225 1602 2280 in
1625 2223 1688 2283 alia
1711 2234 1793 2300 atquc

439 2314 498 2373 alis
528 2317 611 2389 parte
641 2312 687 2367 sui
710 2311 879 2382 socentrici,
908 2310 1035 2386 maiores
1058 2311 1146 2370 etiam
1170 2309 1219 2369 vel
1240 2311 1367 2368 minores
1390 2318 1547 2388 apparent,
1579 2314 1692 2387 quippe
1713 2311 1793 2371 alites

439 2410 529 2476 atquc
552 2396 636 2456 aliter
660 2396 801 2456 distantes
824 2415 843 2455 a
865 2405 963 2457 centro
988 2396 1103 2470 Terrae,
1129 2398 1297 2475 praesertim
1313 2396 1404 2475 Mars,
1428 2397 1511 2471 cujus
1535 2401 1610 2456 iuter
1632 2402 1794 2474 superiores

440 2487 640 2548 eoaentricitas
656 2492 701 2543 est
722 2486 859 2542 maxima.
904 2484 963 2544 Sed
986 2486 1127 2560 majorem
1143 2486 1215 2546 liaeo
1238 2501 1329 2543 causa
1352 2486 1412 2542 rim
1426 2484 1516 2543 habet
1537 2502 1630 2560 penes
1648 2486 1794 2547 interiores

440 2577 470 2633 in
495 2573 713 2648 comparatione
736 2570 939 2631 occultationis
962 2574 1156 2650 vespertinae,
1181 2572 1299 2649 quaudo
1322 2573 1477 2649 propinqui
1500 2581 1569 2631 suut
1591 2571 1710 2646 Terrae,
1733 2590 1795 2633 cun

440 2663 599 2733 matutina,
623 2657 742 2734 quando
764 2661 886 2733 remoti3
916 2661 1084 2736 praesertim
1109 2660 1228 2733 Venus,
1259 2667 1291 2718 ut
1314 2677 1391 2736 quoe
1414 2661 1523 2735 septies
1545 2659 1595 2719 lric
1617 2658 1652 2718 lit
1675 2661 1797 2723 altiora

440 2750 531 2810 Terra
559 2764 648 2823 quam
678 2744 747 2806 illic
794 2745 878 2805 Adde
907 2745 955 2806 hic
983 2746 1129 2806 diversum
1156 2746 1318 2807 claritatem
1345 2747 1489 2806 luminum
1515 2749 1544 2804 iu
1578 2747 1704 2808 diversis
1732 2749 1796 2826 pla·

441 2839 525 2909 netis,
550 2853 637 2911 quam
660 2835 690 2893 in
705 2833 791 2892 Luna
814 2832 992 2910 quaudoque
1015 2833 1138 2911 adjurat
1161 2835 1205 2894 vis
1228 2834 1450 2894 illuminationis
1465 2834 1631 2908 Terrarum,
1656 2846 1795 2914 utsupra

441 2925 560 2984 dietum.

528 3009 619 3069 Seria
641 3005 768 3083 denique
791 3024 882 3066 causa
904 3008 1038 3066 consistit
1060 3010 1089 3065 in
1112 3008 1199 3068 laciei
1221 3008 1399 3069 diversitate.
1443 3008 1519 3069 Nam
1535 3007 1621 3068 Luna
1646 3010 1795 3085 etl'euus,

441 3103 467 3160 si
490 3115 549 3157 nou
572 3101 720 3156 mutarent
742 3096 840 3169 laeies,
864 3094 915 3155 illa
937 3094 1150 3172 magnitudine,
1174 3098 1231 3157 ieta
1255 3095 1385 3157 claritate
1408 3094 1526 3157 luminis
1548 3098 1711 3174 subnixae,
1734 3116 1795 3160 oer-

442 3195 579 3248 nerontur
600 3183 693 3243 multo
718 3181 836 3243 diutius.

528 3274 588 3331 Dic
610 3271 758 3330 euidentes
780 3272 899 3346 aliquos
921 3270 1040 3347 effectura
1061 3271 1175 3329 dorum
1203 3279 1245 3330 tot
1267 3289 1431 3331 consortem
1463 3275 1496 3330 in
1517 3273 1719 3349 planetarum
1744 3293 1796 3351 op·

438 3361 654 3438 punitionibus.
698 3362 725 3418 1.
750 3358 830 3416 Mars
862 3357 1038 3434 quaudoque
1061 3360 1106 3417 bis
1132 3361 1221 3417 oritur
1244 3361 1403 3418 matutinus
1435 3379 1469 3418 cx
1493 3360 1599 3433 radiis,
1630 3362 1797 3422 intermedio

444 3459 584 3523 tempore,
609 3446 719 3504 scilieet
735 3455 802 3521 poet
818 3446 1052 3519 conjunctionem
1069 3464 1133 3504 erim
1147 3445 1225 3519 Sole,
1249 3464 1359 3505 rursnnr
1376 3448 1412 3505 ed
1429 3455 1542 3524 tempus
1565 3449 1710 3507 conditus.
1754 3449 1798 3509 Sic

443 3540 530 3595 ctiam
553 3536 596 3592 uis
623 3531 800 3607 quandoque
820 3533 953 3591 conditur
976 3533 1064 3591 radiis
1080 3541 1148 3592 aute
1171 3533 1405 3609 conjunctionem
1428 3553 1492 3594 oum
1509 3535 1588 3609 Solo,
1613 3537 1713 3596 medio
1727 3549 1797 3595 tem·

443 3640 513 3701 pore
538 3629 639 3679 exortu
664 3620 740 3677 lacto
765 3620 924 3695 irregulari.

531 3712 559 3766 2.
592 3708 702 3778 Venus,
728 3725 803 3781 quae
827 3726 916 3783 saepe
941 3708 1012 3765 latet
1036 3705 1214 3778 diutissime,
1239 3708 1305 3765 aliis
1329 3710 1457 3781 vicibus,
1481 3710 1592 3767 scilieet
1616 3713 1645 3766 in
1670 3711 1799 3768 Piscibus

444 3794 623 3872 retrograda,
647 3811 704 3852 non
729 3794 836 3853 occidit
861 3797 972 3871 vesperi
997 3811 1089 3869 usque
1114 3804 1180 3870 post
1205 3796 1437 3870 conjunctionem
1460 3813 1524 3855 curu
1548 3797 1619 3855 Solo
1642 3798 1798 3856 serrrudum

443 3883 661 3961 longitudinem,
686 3883 834 3956 oriturque
859 3901 943 3940 mano
967 3893 1034 3939 autc
1058 3883 1312 3961 conjunctionem,
1341 3893 1369 3942 et
1393 3887 1434 3942 sic
1458 3887 1537 3960 prius
1561 3902 1647 3943 mane
1672 3890 1798 3958 emergit,

444 3992 531 4049 qnam
562 3971 675 4045 vesperi
705 3971 880 4029 occultetur:
913 3978 945 4027 ut
973 3969 1076 4028 eodem
1109 3970 1155 4029 dic
1180 3974 1293 4046 vespreri
1317 3979 1346 4028 et
1368 3989 1453 4029 ruane
1477 3973 1514 4030 sit
1537 3975 1715 4048 conspicua,
1745 3992 1798 4031 nrm

444 4064 578 4119 obstante
603 4058 666 4127 line,
691 4056 770 4131 quod
794 4060 822 4113 in
847 4075 934 4115 cornu
960 4066 1002 4116 est
1026 4067 1187 4116 attenuata.

532 4151 559 4204 3.
584 4147 745 4204 Mercurius
769 4147 797 4201 iu
821 4155 919 4202 nostro
943 4144 1157 4221 lrenrisplraerio
1181 4147 1341 4203 rnatutiuus
1364 4146 1393 4202 in
1416 4145 1531 4208 Turno.
1565 4150 1751 4224 repentinus
1773 4153 1799 4206 iu

405 4291 409 4296 .
445 4235 619 4307 Scorpione,
653 4249 821 4306 quostquam
855 4232 1024 4307 longissimo
1055 4232 1165 4292 aSole
1188 4250 1370 4307 progressus,
1404 4251 1461 4291 non
1493 4242 1590 4292 tamen
1623 4239 1746 4306 errrcrgit
1767 4255 1800 4294 er

443 4321 531 4379 radiis
555 4331 583 4378 et
606 4321 649 4377 sic
672 4322 763 4375 narinus
788 4322 815 4375 ln
840 4326 1026 4396 conspectum
1051 4323 1147 4392 venit,
1173 4338 1237 4378 cum
1262 4323 1409 4379 tamenin
1433 4323 1612 4380 australibus
1633 4323 1799 4382 elusatium

445 4418 513 4466 tunc
537 4408 696 4465 clarissime
721 4408 875 4464 exoriatur.

532 4498 561 4552 1.
594 4496 677 4551 luna
706 4492 864 4568 aliquando
888 4492 989 4552 eodem
1013 4494 1060 4553 die
1083 4501 1168 4553 retus
1192 4503 1220 4553 et
1243 4513 1321 4555 nova
1350 4498 1490 4566 cernitur,
1523 4495 1600 4554 unde
1628 4497 1671 4554 illi
1697 4497 1800 4556 Graeci

446 4600 550 4640 nomen
576 4588 735 4657 posuerunt
757 4579 804 4655 ἐιη
827 4605 871 4639 nire
898 4604 961 4655 ren,
993 4582 1072 4657 quod
1102 4600 1206 4640 uoruen
1240 4583 1276 4640 ad
1301 4583 1376 4643 diem
1400 4585 1524 4658 primum
1549 4588 1657 4641 mensis
1682 4588 1800 4652 translit,

446 4687 532 4745 quem
556 4686 608 4725 noe
633 4667 778 4726 calendas
802 4666 938 4742 dicimus,
968 4687 1177 4746 nonnunquam
1201 4672 1329 4729 vicissim
1353 4681 1456 4747 quarto
1481 4671 1597 4728 deinum
1621 4672 1669 4730 die
1692 4691 1710 4731 a
1732 4690 1801 4732 con·

442 4757 596 4832 junctione
620 4758 739 4829 emergit
765 4757 895 4831 vesperi,
926 4758 1043 4831 quaudo
1075 4760 1133 4833 jam
1157 4762 1299 4833 integrum
1330 4759 1439 4817 aSolc
1462 4760 1577 4828 signnm
1602 4769 1630 4817 et
1654 4771 1801 4836 practerea

446 4862 535 4901 unum
558 4842 699 4900 decanum
720 4842 754 4900 dc
778 4844 906 4900 secrrmlo
922 4854 966 4901 est
990 4864 1117 4904 emensa.
1164 4847 1244 4903 Idem
1266 4856 1330 4904 lonc
1354 4845 1390 4905 dc
1407 4847 1603 4904 occultatione
1627 4851 1692 4906 vire
1708 4865 1799 4906 versa.

537 4933 564 4987 5.
596 4929 672 5003 eriu
701 4932 788 4986 etiarn
817 4930 939 4987 relatum
971 4942 1015 4990 eet
1046 4936 1073 4988 in
1104 4943 1293 4992 monumenta
1322 4934 1474 5002 historica,
1507 4933 1687 5010 quandoque
1710 4938 1800 4992 risam

448 5035 511 5074 esse
528 5018 639 5073 Lunam
664 5024 788 5073 stantem
808 5018 894 5090 juxta
915 5017 1012 5076 Solem
1037 5022 1064 5075 in
1090 5022 1154 5096 ipso
1178 5021 1251 5079 coeli
1275 5021 1389 5091 medio,
1414 5020 1441 5077 id
1466 5022 1704 5098 lactnmllispali
1727 5039 1799 5080 snno

448 5105 478 5157 ni
504 5104 699 5160 lallor1553.
726 5121 821 5160 menso
846 5103 951 5161 Martio
977 5106 1003 5162 d.
1031 5109 1079 5166 13.
1104 5108 1173 5166 Solo
1198 5112 1224 5164 in
1251 5107 1284 5166 3⁰
1310 5110 1358 5181 Υ,
1383 5107 1467 5166 lirina
1491 5111 1518 5165 in
1544 5109 1602 5167 23⁰
1630 5123 1675 5180 tt.
1706 5117 1800 5175 (contar

450 5193 653 5262 s01.11.p.84,
674 5195 743 5259 eun).
786 5189 907 5267 Oportet
937 5186 1040 5267 igilur,
1071 5203 1103 5254 ut
1134 5198 1191 5256 istu
1224 5197 1435 5255 concurrerint:
1471 5199 1499 5274 l)
1524 5195 1665 5256 distantia
1694 5195 1798 5258 aSolo
