4459 6275
434 780 497 843 116
926 782 1066 854 1101100000
1083 783 1273 839 101000000ίο0

433 956 490 1017 1000
513 957 691 1038 satirigora,
715 958 933 1034 000000011οω.
978 960 1169 1039 Temperatur
1193 969 1300 1036 tamen,
1324 977 1390 1021 cnm
1407 960 1622 1022 ferventissima
1636 970 1691 1037 eat,
1717 980 1776 1041 per·

432 1047 530 1122 petuis
552 1046 693 1106 imbribus
714 1053 745 1105 et
767 1047 851 1106 coelo
867 1046 977 1123 nubilo,
1000 1056 1053 1109 aut
1075 1050 1171 1109 ventis
1186 1047 1299 1126 frigidis
1322 1049 1460 1109 flantibus
1480 1066 1516 1109 ex
1539 1050 1689 1110 00οο10010
1703 1051 1778 1111 altb-

433 1133 530 1207 simis,
561 1151 637 1211 quae
666 1134 695 1190 in
723 1132 775 1193 illa
802 1150 877 1194 aona
898 1135 1086 1196 nihilominus
1116 1138 1185 1197 nive
1208 1145 1351 1214 perpetuo
1372 1144 1442 1196 sunt
1464 1142 1552 1197 tecta
1597 1136 1779 1215 8001110000

433 1221 600 1297 petimina
628 1220 702 1280 baec
731 1229 761 1281 et
782 1221 986 1282 eilicaeisslma
1008 1224 1205 1299 refrigeratio,
1234 1227 1360 1301 primum
1390 1232 1480 1301 010000
1507 1226 1575 1301 0010
1605 1240 1639 1285 00
1661 1224 1711 1285 vei
1731 1226 1781 1285 nb

433 1307 544 1369 arboria
568 1308 737 1385 campestris
761 1309 951 1371 umbramen
976 1310 1195 1372 violentissimis
1218 1310 1297 1371 Solis
1319 1309 1408 1370 radiis
1430 1313 1589 1388 receperit,
1619 1318 1652 1370 nt
1674 1320 1782 1374 100100-

433 1402 488 1472 100,
512 1398 563 1471 001
585 1398 741 1456 multornm
765 1413 905 1457 annorum
929 1400 1138 1476 experientiam
1162 1397 1272 1469 illisio
1295 1397 1368 1458 iocis
1390 1398 1447 1456 sibi
1469 1406 1687 1477 compararunt.

520 1483 582 1543 Sub
605 1486 725 1562 impico,
749 1485 779 1541 in
802 1484 927 1545 confinio
950 1502 1089 1546 zonarum
1112 1484 1238 1547 torridae
1261 1493 1290 1546 et
1312 1492 1507 1563 temperatae,
1536 1489 1662 1564 primum
1686 1486 1784 1563 incipit

434 1578 531 1631 aestas
554 1574 642 1631 unica
669 1571 772 1631 eoniiei
804 1573 920 1649 inipso
944 1572 1004 1633 alto
1032 1572 1160 1633 solstitio
1183 1580 1213 1633 01
1242 1571 1289 1633 die
1311 1573 1500 1650 longissima:
1531 1582 1602 1635 imre
1630 1575 1711 1633 enirn
1733 1570 1782 1634 su

434 1655 493 1717 illia
515 1675 568 1735 000
589 1660 728 1720 verticem
752 1661 869 1734 transit,
898 1659 1011 1736 reliquo
1034 1662 1102 1720 anni
1126 1669 1256 1739 ternpore
1286 1667 1349 1720 toto
1372 1667 1486 1737 praeter
1517 1663 1658 1721 verticem
1681 1668 1783 1721 rectas

435 1746 463 1803 in
486 1754 618 1806 austmm
641 1744 777 1807 declinat.
823 1746 932 1807 Aestus
954 1755 1052 1808 autem
1073 1748 1122 1807 bic
1145 1757 1190 1808 est
1211 1747 1441 1806 violentissimus
1463 1745 1611 1825 longeque
1635 1750 1786 1823 intensior,

434 1850 522 1909 000000
545 1835 574 1892 10
596 1832 670 1895 10010
692 1851 794 1894 versus
817 1842 1004 1911 aequatorem
1027 1834 1075 1895 rel
1097 1836 1153 1894 sub
1176 1852 1226 1894 000
1250 1836 1320 1911 0010
1343 1833 1394 1895 Sol
1417 1843 1486 1894 tuoe
1508 1842 1538 1893 et
1557 1853 1576 1895 a
1598 1837 1713 1897 vertice
1733 1834 1787 1895 da-

433 1922 522 1981 mittlt
540 1920 651 1995 radios,
685 1928 715 1980 et
737 1921 844 1982 multos
867 1921 967 1983 ordine
989 1923 1139 1997 meridies,
1172 1921 1252 1981 nulla
1274 1921 1485 1999 propemodum
1508 1926 1673 1983 motatione
1696 1920 1788 1983 dacil-

432 2010 560 2069 nationis
591 2006 811 2082 animadversa,
842 2011 977 2070 continue
1004 2010 1110 2088 affligit
1138 2017 1169 2070 et
1199 2009 1262 2069 dies
1285 2007 1408 2089 longos,
1437 2017 1538 2068 noctes
1562 2011 1667 2071 breves
1690 2009 1788 2071 elusit

426 2094 510 2174 ,Quin
534 2097 622 2157 etiam
653 2095 733 2155 hisce
763 2095 870 2156 seculis
902 2098 956 2155 sub
979 2099 1093 2175 tropico
1117 2097 1221 2157 Carrcri
1251 2095 1439 2157 violentiores
1467 2105 1536 2156 sont
1562 2099 1637 2157 istae
1668 2112 1788 2171 000000,

360 2236 362 2241 .
433 2201 520 2259 quam
544 2184 599 2243 sub
623 2183 805 2260 Capricorni,
829 2183 908 2259 quod
931 2182 982 2244 Sol
1005 2194 1085 2245 motu
1107 2186 1224 2262 proprio
1248 2183 1357 2243 diutius
1380 2188 1410 2244 10
1432 2187 1631 2261 septentrione
1654 2201 1790 2245 cone·

433 2272 490 2330 rarl
514 2270 657 2344 videatur,
681 2288 770 2348 quam
792 2273 822 2329 in
844 2279 953 2331 austro.

485 2384 487 2389 ·
519 2357 600 2418 Inter
627 2360 769 2436 tropicum
792 2365 821 2418 et
842 2358 987 2436 polarem,
1020 2375 1072 2418 seu
1096 2360 1125 2416 in
1147 2375 1223 2417 aona
1246 2365 1424 2434 temperata.
1455 2356 1522 2418 loca
1550 2360 1666 2435 tropico
1689 2358 1790 2418 vicina

433 2443 505 2505 nibil
537 2445 672 2506 diifemnt
701 2447 739 2507 ab
771 2448 821 2518 lis,
850 2447 900 2523 qui
932 2447 987 2506 sub
1021 2448 1085 2522 ipso
1118 2448 1239 2523 tropico.
1285 2444 1352 2521 Quo
1385 2462 1456 2505 vero
1487 2444 1603 2523 longius
1626 2463 1645 2505 a
1668 2447 1789 2523 tropieb

434 2535 645 2608 recesserimus,
668 2534 725 2594 boe
746 2532 813 2610 plus
836 2532 923 2593 etiam
938 2533 988 2594 Sol
1012 2532 1189 2593 meridianus
1212 2536 1241 2591 in
1257 2531 1384 2593 solstitio
1408 2531 1523 2592 desistit
1545 2552 1564 2593 a
1586 2534 1708 2607 vertice,
1732 2532 1790 2593 boe

433 2621 528 2681 minus
560 2623 648 2683 etiam
675 2622 734 2681 urit
762 2627 874 2682 aestate
902 2623 1057 2695 minusque
1084 2619 1218 2681 caleiaeit
1240 2620 1352 2693 bieme,
1384 2636 1554 2696 quanquam
1582 2622 1612 2678 in
1644 2636 1789 2698 compen·

432 2711 576 2769 sationem
608 2707 778 2770 nonnullam
810 2708 970 2769 deficientis
998 2708 1179 2767 rectitudinis
1206 2706 1354 2767 radiorum
1385 2709 1493 2785 accipit
1520 2706 1625 2783 longas
1649 2707 1715 2767 dica
1737 2724 1790 2784 per

433 2804 590 2870 aestatem,
622 2806 733 2869 01000
757 2795 947 2871 1000100801
971 2795 1148 2855 meridianus
1171 2814 1187 2853 0
1213 2797 1320 2854 0001100
1344 2794 1469 2854 abluerit
1498 2796 1525 2852 in
1554 2795 1702 2867 solstitio,
1733 2794 1791 2855 lroc

433 2882 495 2943 dics
517 2892 585 2944 suot
607 2884 816 2962 productiores,
840 2891 871 2942 at
892 2884 978 2949 simul
1003 2884 1090 2942 otiam
1114 2882 1171 2942 lroc
1194 2882 1382 2942 violentiores
1399 2881 1518 2955 hiemes,
1544 2881 1613 2943 Sole
1637 2889 1668 2942 ct
1683 2898 1788 2959 parum

433 2988 465 3030 se
488 2970 648 3045 attollente,
672 2979 702 3031 et
723 2969 915 3048 pancishoris
937 2969 1069 3047 quotidie
1092 2969 1217 3029 lucente.
1263 2969 1437 3029 summatim
1461 2969 1600 3029 dicendos
1623 2969 1697 3029 soila
1713 2988 1789 3047 0000

433 3060 514 3119 00010
542 3061 710 3138 temporatia
733 3061 849 3135 propria
872 3066 916 3118 est
943 3059 1120 3135 permutatio
1144 3059 1266 3117 aestatis
1288 3067 1318 3117 ei
1340 3058 1461 3131 hiemis,
1494 3059 1716 3135 comparatione
1739 3058 1787 3115 irr-

433 3146 596 3208 stitota.ad
618 3164 708 3207 aenas
733 3153 853 3207 ceteras.
922 3180 926 3190 ·

520 3234 581 3296 Sub
604 3233 698 3312 polari
722 3234 844 3305 circulo,
875 3234 925 3309 001
957 3232 1082 3293 coniinia
1107 3234 1205 3309 signat
1233 3249 1326 3293 00000
1354 3240 1533 3309 temperatae
1564 3230 1788 3292 0100000101-

432 3321 528 3397 0010100,
552 3325 675 3400 primum
693 3329 1022 3382 0000001000000000010
1040 3337 1130 3381 eausa
1152 3319 1267 3395 frigoris
1283 3320 1445 3396 hiemisque
1467 3337 1533 3379 sese
1553 3321 1788 3396 inconspectum

434 3410 551 3486 proiert,
575 3409 643 3470 Sole
667 3411 695 3467 in
719 3408 838 3468 hiemali
861 3406 986 3467 solstitio
1010 3424 1067 3466 non
1091 3409 1201 3466 oriente
1225 3409 1252 3465 in
1277 3424 1336 3466 uno
1359 3406 1406 3465 die
1429 3404 1565 3479 naturali,
1588 3409 1708 3483 penitus
1729 3409 1790 3466 aci·

433 3497 501 3557 licet
529 3513 586 3555 oon
618 3497 806 3557 calefaciente
834 3505 948 3566 terram,
1006 3494 1258 3571 Quemadmodum
1291 3511 1359 3554 vero
1391 3495 1445 3554 srrb
1476 3496 1588 3570 0000100
1620 3493 1721 3554 adime
1742 3501 1787 3554 esi

434 3585 573 3644 continua
596 3601 670 3660 peno
693 3593 798 3658 aestas,
822 3600 874 3659 pro
898 3582 991 3643 lrieme
1015 3599 1084 3642 vero
1108 3589 1220 3640 tantum
1245 3581 1428 3658 aliquantula
1450 3584 1582 3640 remissio
1606 3581 1724 3654 caloris,
1748 3583 1789 3640 110

433 3671 489 3733 sub
512 3672 604 3750 polari
629 3675 811 3732 econtrario
835 3671 972 3729 continua
994 3687 1068 3745 00000
1091 3669 1183 3728 biems
1207 3678 1266 3743 est,
1291 3686 1344 3744 pro
1368 3677 1479 3730 aestate
1504 3685 1573 3728 0000
1596 3677 1712 3728 tantum
1734 3667 1792 3728 ali·

436 3759 579 3839 quantula
601 3761 733 3819 remissio
756 3759 880 3836 frigoris,
904 3775 968 3816 com
992 3757 1053 3832 Sol,
1077 3757 1213 3832 00000010
1237 3759 1390 3816 0000100οε
1415 3755 1558 3815 uiliores
1577 3757 1689 3828 locens,
1715 3773 1792 3816 nun·

434 3865 524 3925 quam
552 3854 650 3907 tamen
680 3847 831 3907 attollatur
862 3845 949 3903 altius
974 3848 1012 3902 di
1042 3843 1197 3921 gradibus,
1231 3854 1370 3920 quantam
1401 3839 1585 3903 altitudinem
1614 3861 1707 3919 00000
1737 3861 1791 3902 000

435 3934 525 3996 babet
547 3950 646 3995 mense
664 3933 757 4011 Aprili
780 3943 809 3993 et
823 3931 995 4009 Septembri,
1019 3932 1141 4008 proinde
1164 3931 1338 3991 imbecillior
1352 3938 1396 3990 cst
1419 3933 1464 3989 vis
1480 3931 1676 4003 calefactoria,
1702 3947 1791 4007 quam

434 4029 467 4083 ui
480 4024 564 4083 alvea
580 4031 609 4084 et
627 4021 752 4096 glaciem
767 4039 818 4098 per
833 4020 957 4079 hiemem
980 4020 1182 4078 saevissimam
1197 4029 1366 4096 generatam
1383 4016 1541 4077 dissolvere
1557 4027 1671 4077 mature
1686 4020 1791 4094 possit.

434 4111 471 4171 iit
493 4120 526 4170 nt
540 4111 596 4171 sub
614 4113 725 4187 1000100
747 4116 845 4169 aestas
869 4108 1024 4167 violentior
1039 4115 1084 4165 001
1099 4125 1187 4180 quam
1210 4108 1239 4163 in
1256 4106 1351 4166 medie
1367 4122 1459 4164 zonae
1476 4106 1610 4176 torridae,
1634 4108 1678 4164 ita
1702 4107 1793 4165 vicis·

333 4225 338 4236 ·
433 4201 488 4256 sim
504 4198 560 4258 sub
582 4197 675 4274 palari
692 4195 771 4256 calor
794 4197 925 4254 aestivus
941 4194 1153 4270 qualiscunque
1169 4195 1265 4252 minus
1288 4194 1377 4252 babet
1405 4195 1506 4251 virium
1530 4210 1618 4269 quam
1641 4195 1673 4251 in
1691 4192 1789 4253 medio

434 4303 526 4344 conoe
548 4284 680 4360 frigidae,
704 4301 739 4345 eo
762 4282 840 4359 quod
864 4281 915 4342 Sol
939 4283 1060 4340 nivosos
1082 4290 1195 4341 montes
1219 4298 1276 4341 non
1300 4298 1333 4340 00
1360 4283 1437 4338 00001
1459 4279 1550 4341 101000
1573 4297 1628 4341 000
1649 4285 1794 4341 continua

435 4374 600 4450 0000000110
623 4372 774 4445 illuminet,
800 4379 831 4429 ut
849 4370 911 4444 jam
935 4367 1056 4446 patebit.

523 4459 601 4518 ioter
623 4459 752 4538 polarem
776 4466 804 4519 et
828 4457 928 4535 polum
949 4473 1002 4517 seu
1026 4458 1054 4516 in
1078 4472 1171 4515 zonae
1194 4454 1316 4531 frigidae
1340 4453 1480 4514 lateribus
1511 4454 1604 4514 biems
1631 4463 1679 4513 esi
1703 4471 1794 4532 propa

438 4547 584 4618 00011000,
609 4555 706 4606 000100
730 4544 820 4618 00110,
844 4547 900 4603 0101
923 4544 1170 4604 siresolutionem
1193 4542 1298 4618 glaciei
1319 4543 1442 4602 velimus
1465 4551 1606 4603 aestatem
1630 4540 1794 4619 appellare.

436 4633 520 4709 cujus
535 4642 677 4710 respectu,
701 4634 894 4710 0000000100
917 4631 1017 4707 polum
1035 4634 1158 4703 venitur,
1183 4630 1239 4690 hoe
1262 4629 1398 4689 immilior
1426 4629 1544 4705 quidem
1568 4629 1618 4688 Sol
1643 4631 1794 4689 estmeri·

436 4720 532 4780 diarria
555 4719 634 4780 boris
657 4721 769 4780 diemm
791 4717 998 4793 solstitialium,
1023 4727 1053 4776 01
1077 4719 1206 4777 vicissim
1229 4717 1285 4776 boc
1309 4720 1396 4776 etiam
1419 4715 1506 4776 altior
1521 4724 1619 4776 000001
1642 4718 1671 4774 10
1689 4715 1795 4776 mediis

435 4808 570 4868 noctibus
593 4808 644 4867 illa
667 4811 735 4868 anni
751 4818 843 4886 parte,
868 4806 986 4883 qrrando
1010 4822 1067 4863 non
1086 4805 1201 4876 occidit,
1225 4813 1315 4880 atquo
1338 4807 1380 4863 iia
1395 4803 1505 4878 glacies
1528 4813 1557 4863 et
1572 4807 1656 4862 nives
1681 4813 1711 4863 et
1726 4801 1794 4879 pelo

436 4895 586 4956 induratas
608 4896 711 4970 glebas
736 4895 864 4972 00011000
886 4896 1108 4957 circumvectus.
1133 4892 1213 4952 nollo
1236 4895 1333 4968 spatio
1357 4908 1497 4951 concesso
1520 4890 1678 4967 irigoribns
1701 4891 1738 4951 ad
1761 4907 1794 4950 ra

436 4981 635 5056 recolligenda
657 5000 708 5059 per
731 5000 813 5043 suam
829 4983 1004 5051 absentiam,
1026 4983 1134 5058 quippe
1157 4996 1307 5054 0000000000
1323 4981 1439 5050 0100000,
1463 4979 1576 5053 aliquid
1591 4995 1664 5036 saue
1689 4979 1794 5036 0101000

436 5090 488 5150 000
510 5079 661 5132 000101000-
675 5070 786 5142 colligit
803 5070 839 5130 ad
865 5067 1083 5128 dissolvendum
1099 5068 1178 5142 pelo,
1203 5069 1297 5126 mirms
1312 5066 1432 5141 quidem
1454 5083 1544 5143 prope
1563 5065 1703 5143 polarem,
1726 5065 1793 5142 plna

438 5177 508 5219 vero
531 5177 634 5220 versus
658 5158 759 5234 polum
783 5161 886 5235 ipsum.
927 5157 948 5214 i:
972 5164 1071 5214 contra
1095 5157 1209 5230 trigoris
1232 5153 1367 5214 hiemalis
1391 5154 1567 5212 diuiumitas
1589 5161 1793 5230 augeturcam

440 5251 507 5328 ipsa
528 5256 614 5308 nocie
636 5248 793 5320 00011000,
826 5246 872 5306 001
901 5251 999 5304 tamen
1027 5243 1160 5306 succedit
1186 5241 1286 5321 aliqua
1315 5240 1411 5304 adlmc
1434 5239 1606 5302 vicissitudo
1628 5240 1741 5303 diarum
1763 5247 1793 5302 td
