4459 6275
881 498 964 558 uber
980 498 1095 559 urmes
1131 499 1200 557 Pars
1217 498 1327 570 unua.
1371 558 1374 565 ,
1722 503 1811 565 tte·

436 676 598 740 credibilius
626 685 685 755 est,
715 685 804 758 caput
830 678 957 741 bominis
973 679 1110 739 conteni
1139 678 1169 736 in
1191 678 1353 753 auditorio,
1382 689 1472 758 quam
1500 679 1678 741 auditorium
1705 677 1788 738 volvi

435 769 511 828 cirea
534 775 624 845 caput
647 765 775 829 hominis
795 766 952 838 immobile,
975 767 1018 828 sic
1040 764 1208 826 credibilius
1231 772 1275 826 cst
1295 766 1397 840 edam,
1421 766 1541 829 Terram
1562 769 1652 828 rotari
1674 765 1713 827 eh
1736 782 1788 826 oc-

434 871 504 916 casu
526 855 557 913 in
584 862 694 930 onum,
719 871 808 932 quam
829 856 997 916 universam
1017 853 1163 931 reliquam
1185 853 1285 914 mnudi
1307 853 1472 917 machinam
1494 857 1622 917 abortu
1644 856 1676 915 in
1698 870 1787 915 ocos·

433 958 507 1015 sum,
531 958 599 1002 cum
622 942 725 1003 eadem
746 945 883 1019 euinque
899 938 1073 1018 sequantur.
1501 942 1503 947 '

507 1025 553 1089 ¹Si
573 1031 684 1107 primus
705 1038 802 1090 motus
825 1032 900 1091 inest
922 1029 1098 1090 coelestibus
1122 1027 1258 1102 orbibus,
1289 1035 1358 1087 tunc
1380 1028 1475 1089 eidem
1500 1028 1634 1107 subiecto
1658 1028 1717 1088 duo
1741 1029 1788 1086 in·

433 1121 502 1175 suut
517 1125 624 1191 motus,
647 1133 723 1178 uuus
738 1119 899 1178 communis
914 1117 1045 1194 sphaeris
1062 1116 1206 1188 omnibus,
1228 1115 1302 1175 alter
1322 1117 1456 1193 proprius
1473 1117 1615 1194 cujusque
1628 1116 1785 1194 sphaerae3

434 1212 465 1262 at
486 1203 581 1264 multo
610 1204 796 1267 consimilius
818 1211 879 1279 est,
908 1213 1020 1265 motum
1047 1206 1173 1280 primum
1205 1210 1234 1263 et
1254 1210 1352 1263 motuis
1374 1203 1519 1264 secundos
1550 1203 1702 1264 distinctos
1725 1220 1790 1263 esee

433 1288 590 1367 subjectis,
603 1297 649 1350 -ut
669 1292 804 1367 secundi,
833 1294 883 1368 qui
906 1291 1010 1373 plures·
1025 1298 1110 1363 sunt,
1142 1292 1231 1349 insint
1251 1307 1322 1349 suae
1346 1293 1470 1367 quisque
1492 1291 1649 1368 sphaerae,
1679 1293 1789 1368 primus

435 1394 516 1452 ruo,
540 1380 590 1454 qui
607 1381 710 1440 unicus
731 1389 784 1454 est,
809 1383 879 1439 insit
902 1382 990 1439 ctiam
1011 1380 1098 1438 unico
1122 1379 1234 1454 corpori
1256 1376 1395 1450 Telluris,
1421 1379 1589 1454 etquidem
1613 1381 1675 1456 ipse
1698 1376 1788 1451 solus,

435 1473 571 1542 respectu
594 1466 712 1542 quidem
734 1484 806 1527 suae
821 1469 949 1541 iormre,
983 1482 1059 1543 quae
1081 1464 1218 1525 delinitur
1239 1481 1295 1524 axe
1325 1471 1355 1525 et
1376 1466 1452 1542 polis
1475 1466 1556 1526 velut
1578 1465 1790 1539 immobilibus3

436 1569 494 1611 uou
517 1554 662 1628 obstante,
686 1553 766 1631 quod
788 1555 862 1615 inira
877 1557 906 1614 iu
930 1555 1061 1613 doctrina
1077 1552 1207 1612 theorica
1229 1551 1350 1612 accedet
1364 1554 1420 1629 ipsi
1443 1554 1532 1612 etiam
1547 1554 1632 1626 alius,
1654 1559 1789 1629 respectu
1855 1601 1857 1605 .

436 1639 532 1718 louge·
545 1640 615 1716 alio,
641 1649 674 1701 ut
696 1658 754 1718 que
778 1658 924 1720 unacum
947 1642 1178 1718 corpore'ctiam
1201 1641 1275 1712 axis,
1298 1638 1359 1716 poli
1383 1648 1412 1699 et
1434 1650 1563 1699 centrum
1585 1641 1789 1700 movebuntur.

525 1730 750 1806 Argumentum
773 1730 887 1806 colligit
908 1736 1031 1788 tantum
1053 1727 1356 1802 verisimilitudinem,
1379 1727 1553 1787 demonstra
1578 1730 1788 1788 successionem.

437 1814 550 1874 lictum
586 1816 715 1893 aliquem
756 1818 941 1894 contingere,
978 1814 1056 1876 oculi
1089 1817 1153 1874 sine
1186 1831 1281 1874 errore
1319 1821 1472 1876 testantur.
1525 1815 1555 1874 ls
1589 1817 1614 1875 si
1648 1816 1791 1890 contingit

437 1904 605 1981 quiescente
627 1903 733 1968 Terra.
762 1912 826 1979 tota
848 1905 934 1982 igitur
955 1903 1068 1980 reliqua
1091 1900 1190 1960 mundi
1213 1900 1348 1962 machina
1371 1902 1555 1977 volveretur3
1590 1902 1708 1962 tertium
1730 1918 1788 1960 non

438 1990 524 2050 datur
548 1999 651 2069 estque
680 1991 738 2052 hoc
760 1991 842 2052 extra
864 1994 1101 2051 controversiam.
1148 1990 1238 2065 Atqui
1261 2005 1318 2048 non
1342 1997 1439 2066 potest
1468 1992 1582 2051 moveri
1604 1995 1667 2050 tota
1689 1987 1790 2048 muudi

436 2077 573 2137 machina
594 2086 675 2139 motu
698 2079 811 2156 diurno,
836 2081 1004 2156 quiescente
1026 2076 1091 2137 sola
1107 2077 1207 2150 Terra,
1231 2092 1300 2154 ergo
1324 2093 1444 2138 neccsse
1467 2085 1520 2153 est,
1542 2076 1664 2146 Terram
1679 2078 1790 2137 moveri

438 2158 519 2225 motu
543 2164 657 2226 diurno.

526 2252 631 2329 Quare
645 2270 711 2312 non
723 2259 819 2330 potest
839 2255 955 2310 moveri
970 2259 1033 2311 tota
1054 2251 1165 2310 mundi
1179 2251 1345 2311 momina?
1368 2249 1497 2310 Mundus
1512 2259 1564 2311 eut
1586 2258 1631 2311 est
1651 2252 1789 2324 infinitus,

437 2346 489 2399 aut
510 2338 619 2399 linitus.
665 2339 736 2399 Esto
758 2342 882 2416 primum
913 2337 999 2408 iilud,
1030 2338 1190 2398 secundum
1213 2338 1350 2398 Gulielmi
1376 2337 1501 2399 Gilberti
1530 2340 1713 2416 opinionem,
1740 2341 1791 2415 qul

436 2412 537 2504 path,
572 2426 627 2486 Dei
651 2428 891 2504 omnipotentiam
914 2426 942 2483 in
965 2426 1021 2485 boo
1043 2424 1199 2501 illustrari,
1231 2428 1256 2485 si
1286 2424 1427 2485 mundum
1457 2433 1617 2486 extrorsum
1648 2425 1790 2484 infinitum

436 2519 566 2588 minut,
598 2520 631 2574 ut
652 2532 689 2575 ex
711 2513 841 2573 irrfinitae
865 2514 1037 2590 quantitatis
1060 2521 1193 2573 creatura
1214 2515 1346 2590 potentia
1368 2516 1506 2573 creatoris
1528 2514 1642 2573 inlinita
1664 2530 1791 2591 coguos-

436 2609 528 2661 outur.
576 2600 640 2660 Etsi
664 2618 733 2662 vero
754 2601 897 2662 refutatus
920 2608 965 2661 est
986 2618 1074 2678 supra
1096 2600 1306 2678 metaphysicis
1328 2603 1522 2678 argumentis,
1551 2602 1593 2661 ex'
1610 2602 1791 2662 astronomia
1919 2641 1924 2649 ·

436 2693 545 2763 umen,
569 2691 617 2748 cui
640 2690 678 2749 ob
700 2706 838 2749 sensuum
861 2688 1039 2748 evidentiam
1053 2688 1121 2767 plus
1142 2688 1236 2748 fidunt
1249 2689 1390 2762 homines,
1415 2706 1503 2764 quam
1518 2689 1790 2749 ratiocinationibus

435 2795 455 2836 a
485 2792 576 2836 seusu
606 2778 824 2850 remotissimis,
854 2775 926 2835 nihil
956 2775 995 2834 ad
1023 2775 1241 2853 coarguendum
1272 2775 1353 2834 illum
1384 2775 1515 2859 depromi
1537 2779 1642 2853 potuit.
1689 2775 1791 2836 Posito
1915 2790 1918 2795 ·

437 2881 508 2925 vero
538 2862 649 2923 mundo
679 2872 842 2925 extrorsum
871 2863 998 2935 infinito,
1028 2864 1239 2923 demonstrarit
1267 2862 1462 2939 Aristoteles,
1485 2866 1595 2923 moseri
1622 2862 1704 2923 illurn
1732 2879 1791 2923 uon

436 2968 526 3030 posse
547 2957 631 3011 motu
654 2953 871 3012 convolutionis
892 2959 995 3024 totum,
1019 2958 1164 3028 quatenus
1186 2958 1275 3011 totus.
1334 2990 1337 2995 -
1686 2950 1690 2958 '

525 3038 598 3098 Esto
625 3038 688 3115 jam
717 3039 817 3098 finitus
846 3038 987 3097 muudus:
1019 3045 1101 3099 extra
1123 3039 1262 3098 mundum
1284 3039 1374 3116 igitur
1395 3037 1468 3097 nihil
1490 3044 1549 3111 est,
1583 3036 1661 3115 quod
1683 3035 1792 3098 mundo
1900 3082 1904 3089 .

435 3133 571 3205 praestet
591 3125 706 3201 locum,
734 3130 830 3205 ipsum
852 3144 922 3187 vero
946 3127 1087 3203 quiescat
1132 3123 1191 3188 Ubi
1214 3144 1284 3188 vero
1306 3126 1379 3186 nihil
1405 3125 1550 3203 estquod
1574 3127 1721 3204 quiescat,
1752 3126 1792 3185 ibi

436 3222 538 3275 molus
560 3212 660 3274 uullus
682 3221 736 3275 est.
780 3214 855 3276 Natu
881 3212 911 3295 1)
933 3221 1031 3274 motus
1053 3222 1099 3274 est
1120 3216 1266 3295 separatio
1289 3215 1423 3290 mobilis,
1448 3222 1592 3291 quatenus
1614 3215 1732 3288 mobile,
1756 3213 1792 3274 de

436 3301 505 3362 ioco
535 3319 591 3361 suo
620 3308 650 3363 et
679 3300 832 3362 translatio
863 3304 891 3360 in
920 3300 1017 3362 locum
1039 3302 1139 3361 alium.
1184 3302 1216 3377 2)
1244 3302 1279 3361 In
1301 3305 1398 3381 specie
1420 3310 1526 3364 motus,
1541 3301 1693 3362 machinae
1718 3302 1794 3362 eirca

437 3407 526 3451 uem
539 3394 570 3449 et
584 3388 668 3467 polos
691 3392 874 3466 quiescentes
889 3405 947 3449 oon
962 3394 1060 3468 petest
1081 3388 1215 3467 intelllgi,
1238 3391 1290 3449 ubi
1312 3389 1385 3449 nibil
1399 3398 1452 3465 est,
1476 3389 1560 3468 quus
1576 3396 1709 3469 respectu
1731 3388 1794 3467 poli

386 3501 389 3508 ¹
438 3479 592 3553 quiescere
615 3474 825 3554 intelliguntur.
868 3477 944 3537 Nam
974 3480 1003 3536 in
1027 3479 1218 3537 conversione
1240 3476 1358 3553 quidem
1381 3477 1522 3555 sphaerae
1550 3476 1611 3556 poli
1633 3479 1697 3553 ejus
1720 3475 1794 3536 hae-

438 3571 505 3625 rent
531 3565 561 3621 iu
589 3563 751 3625 meridiano
779 3565 938 3639 immobili,
972 3564 1149 3626 meridianus
1179 3555 1297 3624 innixus
1327 3564 1372 3624 esi
1401 3566 1543 3624 horizonti
1578 3571 1607 3625 et
1628 3564 1710 3643 pedi,
1741 3581 1794 3641 pes
1866 3635 1869 3640 ,

380 3711 381 3715 ,
438 3668 573 3723 mensae,
604 3645 708 3712 mensa
730 3652 853 3727 Terrae3
885 3659 916 3711 at
938 3660 1020 3735 entra
1042 3651 1143 3709 mundi
1166 3652 1330 3722 machinam
1352 3651 1425 3711 nibil
1449 3660 1508 3725 est,
1539 3650 1619 3728 quod
1638 3650 1793 3710 meridiani
1850 3674 1853 3678 ·

440 3739 622 3815 quiescentis
642 3740 786 3800 rationem
809 3739 927 3800 habeat.
973 3737 1060 3814 Quod
1083 3739 1171 3816 igitur
1201 3740 1230 3797 iu
1253 3738 1403 3804 intellectu
1425 3738 1522 3798 locum
1544 3742 1603 3798 non
1627 3738 1732 3812 habet,
1763 3736 1793 3796 id

438 3843 477 3887 ue
508 3826 573 3887 lieri
598 3825 716 3902 quidem
743 3834 841 3906 potest
868 3828 899 3885 iu
930 3826 976 3885 his
1006 3826 1093 3887 rebus
1112 3820 1276 3901 ¹geometria
1300 3826 1552 3905 participantibus.
1595 3821 1631 3904 3)
1658 3825 1723 3885 Non
1746 3828 1794 3883 ln-

435 3914 516 3991 juriu
538 3921 570 3973 et
590 3912 665 3972 illud
687 3917 801 3990 quaerit
823 3913 1007 3989 Maestlinus,
1032 3914 1181 3991 quomodo
1204 3913 1266 3973 fieri
1289 3915 1401 3992 possit,
1435 3921 1467 3973 ut
1489 3920 1551 3973 toto
1574 3911 1675 3972 mundi
1697 3920 1795 3991 syste-

439 4009 519 4062 mate
541 4002 772 4076 ebcumegltato,
795 4001 877 4062 nullo
896 4002 964 4078 'ejus
987 4001 1067 4075 orbe,
1090 4017 1149 4060 non
1171 4003 1247 4078 ignis
1269 4000 1455 4080 sphaeralsi
1478 4017 1537 4077 qua
1552 4000 1617 4078 sit),‘
1638 4018 1697 4061 non
1720 4002 1796 4060 a'c'ris

438 4090 561 4166 regium
582 4089 730 4166 superiore
754 4092 901 4168 exceptis,
929 4089 977 4149 bic
998 4090 1102 4148 unicus
1125 4087 1279 4165 globulus,
1308 4089 1392 4166 cujus
1423 4088 1564 4148 diameter
1586 4089 1681 4148 minor
1702 4089 1794 4148 vicies

437 4174 599 4236 millesima
624 4182 708 4254 purte
739 4175 871 4237 diametri
899 4175 1013 4252 mnndi,
1045 4192 1103 4236 uon
1131 4193 1191 4236 una
1220 4176 1479 4253 circumrapinturl
1500 4171 1536 4252 ¹⁶)
1571 4174 1663 4253 Cujus
1693 4176 1795 4252 objec-

440 4265 530 4324 tionis
554 4265 600 4322 vis
622 4271 694 4346 punc
715 4266 841 4323 maxime
874 4263 1024 4337 clucescit,
1055 4281 1122 4324 cum
1151 4280 1211 4323 una
1233 4266 1321 4323 etiam
1351 4264 1388 4323 de
1410 4262 1514 4324 mediis
1536 4279 1589 4323 sen
1612 4262 1796 4324 adminiculis

440 4352 606 4429 quaeritur,
638 4351 746 4427 quibus
768 4350 907 4428 globulus
935 4354 989 4412 iste
1010 4351 1108 4412 iocum
1131 4367 1218 4411 suum
1241 4353 1269 4409 in
1292 4358 1391 4411 centro
1423 4350 1524 4410 mundi
1553 4358 1685 4426 tueatur,
1716 4350 1795 4428 quod

439 4438 630 4515 mnusqultnr
652 4437 778 4499 Telluris
800 4441 938 4516 quietem,
962 4437 998 4499 de
1021 4457 1080 4516 qua
1101 4457 1132 4499 re
1155 4445 1253 4498 actum
1276 4445 1359 4515 parte
1382 4446 1495 4515 quarta.

529 4526 702 4586 Arietatelea
721 4533 824 4603 putot,
851 4526 988 4603 cuffiam
1009 4530 1138 4601 qmeum
1160 4527 1316 4587 scitissime·
1341 4527 1512 4604 corpusculi
1540 4529 1575 4585 in
1597 4532 1714 4598 centro,
1745 4541 1796 4582 re·

439 4620 542 4691 tpeotu
568 4614 657 4687 oeus
678 4610 853 4689 quiescentis
881 4620 909 4672 et
930 4613 1120 4689 intelligatur
1141 4622 1169 4673 et
1188 4614 1245 4689 flat
1271 4620 1372 4673 motus
1393 4616 1603 4686 circumiectae
1625 4612 1794 4687 machinae,

440 4708 469 4760 et
489 4703 547 4761 ersi
562 4701 616 4761 tlte
635 4708 735 4761 motus
755 4699 918 4761 innitatur.
962 4700 1028 4758 Non
1058 4699 1165 4776 snffidt
1196 4702 1285 4777 quies·
1303 4699 1429 4761 Telluris
1458 4702 1487 4758 in
1509 4706 1618 4761 centro.
1663 4697 1793 4758 Primum

442 4790 537 4864 euim,¹
552 4790 610 4849 etei
630 4790 778 4865 separatio
801 4797 871 4849 tunc
892 4780 1134 4848 animadvertitur
1156 4787 1284 4848 siderum
1306 4787 1484 4863 usubjectis
1507 4789 1564 4848 sibi
1579 4785 1703 4846 Telluris
1725 4803 1795 4863 par·

442 4876 538 4948 tibus,
571 4882 603 4936 at
624 4875 708 4952 cujus
729 4882 811 4934 motu
832 4875 885 4934 fiat
910 4874 987 4953 hoc,
1016 4872 1090 4933 coeli
1112 4889 1151 4932 an
1173 4874 1280 4935 Terrae
1287 4919 1297 4953 ,
1329 4874 1458 4936 nondum
1480 4881 1578 4954 puteat
1599 4872 1737 4950 intelligi,
1769 4875 1795 4933 si

443 4980 503 5028 nou
525 4982 587 5030 una
608 4979 675 5026 oum
697 4962 815 5024 Tellure
838 4953 970 5043 quiescat
991 4964 1079 5027 etlam
1100 4960 1223 5044 aliquod
1246 4971 1350 5041 eorpus
1380 4968 1463 5025 extra
1485 4962 1615 5037 coelum,
1643 4962 1795 5027 mutum
1923 4971 1926 4976 ⁴
