4459 6275
683 740 766 799 mbas
783 741 935 801 Secundus.
970 708 1013 802 De
1032 746 1156 817 sphaera
1173 753 1202 804 et
1219 747 1328 806 circada
1345 750 1414 820 cjm.
1544 770 1575 830 ᾗ
1667 760 1730 821 197

372 939 426 983 osc
449 922 510 982 late
533 929 645 1000 patent,
667 921 719 983 aed
744 927 950 985 circumsessae
974 928 1193 1005 conspiciuntur
1215 927 1253 988 ab
1275 928 1433 989 universali
1457 946 1556 991 causa
1594 931 1687 1009 Igitur
1703 935 1734 992 in

371 1009 426 1070 boc
449 1012 553 1070 intimo
576 1011 751 1088 sphaerulae
774 1012 895 1088 globulo
920 1014 1085 1091 depingitur
1107 1017 1194 1074 nobis
1209 1015 1313 1075 modus
1337 1034 1444 1077 causac
1461 1018 1607 1080 eoelestis.
1646 1020 1733 1083 nude
1814 1015 1816 1018 ⁴

371 1096 451 1174 quod
481 1100 511 1156 in
541 1097 597 1158 irae
626 1106 726 1158 nostra
756 1099 872 1177 Europa
902 1101 1026 1179 ejusque
1053 1102 1237 1162 nobilissima
1267 1102 1336 1163 olim
1370 1112 1452 1180 perte
1476 1104 1603 1166 Graecia
1621 1125 1735 1179 ,causae

373 1195 524 1245 terrestres
547 1185 802 1246 cumcoelestibns
826 1191 941 1264 egregie
965 1192 1131 1266 conspirare
1152 1189 1350 1267 deprebensae
1372 1200 1441 1250 suot
1464 1186 1482 1252 a
1504 1195 1605 1271 prioris
1628 1198 1735 1256 artium

371 1272 476 1332 barum
499 1274 709 1333 inventoribus.
756 1274 943 1336 Vertentibus
967 1280 1043 1336 enirn
1067 1278 1172 1337 taciem
1186 1277 1225 1336 ad
1248 1280 1389 1338 orientem
1411 1279 1553 1341 adextris
1577 1290 1623 1342 est
1638 1283 1733 1361 Syris,

371 1361 528 1438 Aegyptus
550 1367 580 1420 et
602 1360 716 1436 Africa,
744 1364 879 1438 regiones
901 1365 1047 1438 fervidae,
1072 1382 1221 1441 supraque
1245 1365 1461 1440 illustrabis,
1489 1369 1657 1446 Aethiopia,
1681 1370 1733 1430 Li-

371 1449 444 1524 bya,
475 1464 600 1507 saxosae
632 1459 683 1507 aut
705 1466 846 1510 arenosae
869 1453 1020 1527 regiones,
1052 1453 1218 1528 cujusmodi
1249 1453 1315 1513 loca
1338 1453 1464 1514 calorem
1488 1455 1565 1515 Solis
1588 1457 1734 1533 adjurant

370 1536 397 1592 in
420 1537 612 1610 immensum
641 1554 660 1595 a
681 1538 807 1596 sinistris
829 1544 873 1597 est
896 1538 1037 1613 Thracia,
1068 1539 1231 1613 Sarmatia,
1255 1540 1386 1618 Scythia,
1410 1559 1446 1601 ex
1470 1543 1553 1620 cujus
1575 1543 1733 1620 paludibus

370 1631 397 1681 et
420 1625 568 1682 montanis
591 1625 659 1682 nire
682 1627 766 1683 tectis
789 1628 869 1686 venti
893 1626 987 1701 frigidi
1005 1628 1186 1704 exspirantes
1209 1628 1315 1687 latrum
1341 1631 1511 1705 vicinosque
1532 1630 1638 1691 fluvios
1660 1631 1730 1707 gelu

370 1713 574 1787 coustringunt
603 1728 654 1786 per
681 1710 808 1772 hiemem
836 1721 865 1773 et
893 1714 969 1775 uode
999 1732 1051 1790 per
1081 1722 1225 1775 aestatem
1249 1717 1358 1776 etesiae
1387 1718 1514 1793 spirant,
1542 1722 1731 1796 praecipuum

372 1805 473 1857 aestus
496 1797 695 1858 lenimentum.

883 1938 940 1998 IX.
976 1940 1017 2004 X.
1051 1940 1216 2002 Coluri.

458 2058 530 2135 Qua
562 2063 683 2121 ratione
711 2060 810 2122 coluri
840 2061 901 2122 duo
929 2071 1001 2122 sunt
1034 2067 1068 2123 in
1101 2064 1234 2138 sphaera
1265 2065 1444 2124 constituti?
1476 2064 1633 2141 Imaginati
1664 2071 1733 2124 sunt

370 2147 530 2206 asuouomi
554 2148 693 2207 circulum
717 2165 806 2207 unum
829 2167 881 2225 per
903 2150 988 2225 polos
1008 2154 1177 2227 aequatoris
1202 2161 1230 2212 et
1246 2152 1408 2229 ecliptioae‚
1432 2150 1556 2212 alterum
1579 2168 1631 2229 per
1645 2151 1733 2226 polos
1821 2208 1824 2217 .

369 2233 462 2293 solius
485 2239 654 2310 aequatoris
682 2244 711 2295 et
732 2254 785 2312 per
807 2239 953 2297 sectiones
976 2239 1041 2314 ejus
1068 2256 1133 2298 eum
1158 2237 1293 2315 ecliptica
1324 2248 1539 2313 transeuntem,
1575 2245 1731 2316 utrumque

370 2339 404 2380 err
426 2322 579 2395 maximis,
609 2330 641 2383 ut
663 2324 684 2380 ii
713 2339 854 2384 concursu
884 2334 914 2383 et
941 2328 1070 2385 sectione
1100 2328 1147 2384 sui
1169 2336 1271 2386 mutua
1301 2329 1330 2385 io
1354 2326 1430 2404 polis
1453 2327 1620 2403 aequatoris
1644 2327 1730 2387 binos

368 2411 505 2484 utrinque
527 2410 612 2487 polos
634 2411 810 2485 effigiarent,
839 2414 987 2487 aquibus
1011 2412 1137 2489 sphaera
1160 2415 1336 2486 materialis,
1368 2414 1491 2489 trajecto
1515 2431 1579 2487 are,
1603 2431 1731 2491 suspen-

370 2495 486 2556 deretur
509 2506 538 2554 et
560 2499 818 2574 circumageretur,
851 2506 879 2559 et
902 2502 931 2557 in
955 2500 1062 2575 quibus
1093 2499 1198 2575 reliqui
1222 2519 1274 2560 sex
1297 2501 1398 2560 circuli
1419 2501 1553 2580 (excepto
1578 2500 1730 2561 horizonte
1779 2550 1781 2553 .

371 2596 398 2642 et
421 2582 597 2659 meridiano)
621 2585 810 2662 infigerentur
833 2595 922 2662 atque
946 2589 1208 2663 compingerentur.

436 2684 471 2739 In
489 2683 627 2739 schemate
645 2687 687 2741 29.
707 2693 748 2740 cst
762 2687 864 2741 BlthN
877 2685 986 2741 colurus
1005 2686 1247 2758 aequinoctiorum,
1267 2685 1331 2753 qur'e
1342 2685 1415 2754 M,N
1435 2691 1499 2739 aunt
1515 2691 1618 2754 puncta
1636 2685 1731 2755 aequi·

369 2762 506 2819 noetiulia.
542 2765 580 2819 Et
607 2766 750 2821 OBLDPO
775 2765 884 2821 colorus
907 2764 1100 2834 solstitiorum,
1128 2764 1192 2832 quie
1211 2763 1242 2832 L,
1262 2763 1285 2831 Q
1310 2769 1374 2818 suut
1398 2767 1501 2833 pdncta
1524 2763 1681 2820 solstitialia
1703 2771 1732 2822 ai

370 2844 400 2907 0,
417 2842 440 2896 P
459 2842 517 2912 poli
535 2843 686 2913 eclipticas.
1235 2916 1238 2923 ¹

459 2935 616 3013 Quomodo
638 2936 859 3016 appellantur?
891 2934 990 2994 Coluri
1017 2952 1125 3012 graeca
1155 2952 1227 2995 voce
1256 2936 1460 2996 scortatione
1492 2934 1619 3008 caudae,
1650 2933 1731 3010 quod
1768 2999 1771 3005 ,

369 3041 470 3082 eorum
499 3030 629 3083 extrema
659 3026 736 3083 eirca
766 3023 864 3101 polum
894 3025 1015 3083 interum
1045 3041 1101 3082 non
1135 3030 1320 3083 cernerentur
1351 3040 1370 3082 a
1397 3023 1483 3082 nobis
1513 3026 1612 3083 etsie
1634 3023 1729 3084 veluti

367 3113 501 3189 praecisa
532 3118 631 3171 essent
658 3112 696 3171 ab
725 3111 886 3171 horizonte.
931 3111 968 3171 Et
997 3114 1074 3189 prior
1108 3110 1225 3187 quidem
1255 3111 1370 3172 colurus
1393 3109 1584 3170 solstitiorum
1614 3110 1728 3188 dieitur,

369 3202 438 3276 quis
462 3202 566 3259 transit
596 3216 647 3277 per
669 3207 778 3277 puncta
801 3199 951 3277 eclipticas
978 3198 1161 3269 solstitialia,
1190 3200 1265 3259 alter
1288 3216 1356 3259 vero
1380 3197 1497 3259 colurus
1520 3200 1730 3274 aequinoctio·

368 3304 439 3361 rum,
465 3288 536 3363 quia
559 3289 662 3346 transit
683 3304 734 3365 per
757 3295 865 3364 puncta
886 3287 1126 3363 aequinoctialia.

458 3375 622 3451 ῼιιοάηαηι
648 3375 760 3434 babent
788 3392 900 3433 nomen
930 3393 1089 3435 commune
1120 3375 1176 3433 bae
1208 3377 1349 3434 sectiones
1378 3375 1551 3451 eclipticas?
1584 3374 1729 3435 Dicuntur

370 3469 478 3538 puncta
501 3461 679 3536 cardinalis,
709 3461 788 3538 quod
812 3464 841 3519 in
865 3464 900 3519 iis
923 3461 1055 3522 cardines
1079 3470 1285 3540 tempestatum
1309 3463 1377 3520 anni
1410 3469 1575 3536 vertantur,
1605 3464 1661 3524 boc
1683 3470 1730 3525 est

371 3549 446 3626 quod
469 3547 541 3609 Sole
563 3551 592 3607 in
615 3552 652 3608 iis
676 3556 810 3609 versante
833 3552 1008 3626 praecipuae
1032 3557 1194 3628 temporum
1218 3550 1395 3608 mutationes
1417 3552 1598 3625 contingant.

460 3635 546 3696 Uada
567 3636 713 3697 dicuntur
735 3637 790 3697 itta
812 3639 1066 3715 aequinoctialia,
1098 3638 1171 3696 baec
1190 3629 1385 3696 solstitialia?
1417 3636 1655 3713 Aequinoctialia
1678 3637 1728 3698 dt-

370 3734 481 3798 cuntur,
506 3723 585 3801 quod
607 3723 717 3784 ibidem
739 3727 826 3783 etiarn
850 3725 1074 3800 aequinoctialis
1097 3725 1262 3801 eclipticam
1284 3731 1372 3795 secet,
1396 3731 1426 3784 et
1447 3723 1527 3799 quod
1548 3724 1600 3784 Sol
1622 3727 1653 3784 in
1675 3725 1728 3786 ille

370 3812 500 3872 incidens
524 3812 586 3871 dies
609 3822 718 3888 aequet
732 3813 876 3871 noctibus.
916 3812 1092 3871 Solstitialia
1107 3830 1177 3870 vero
1202 3820 1230 3870 et
1244 3812 1364 3888 tropica,
1389 3811 1468 3887 quod
1487 3811 1544 3870 illis
1567 3815 1596 3869 in
1610 3816 1728 3888 punctis

371 3902 471 3978 tropici
489 3906 615 3976 tangant
631 3899 795 3977 eclipticam
819 3907 848 3959 et
863 3897 915 3958 Sol
931 3901 966 3957 iis
990 3901 1119 3959 transitis
1141 3917 1257 3958 cursum
1280 3915 1473 3958 conversurus
1490 3906 1567 3958 stare
1584 3898 1726 3962 rideatur.

736 4041 788 4099 De
819 4039 1089 4098 Distinetionc
1119 4038 1360 4098 circulorum.

453 4163 619 4239 Explosis
646 4163 838 4237 singidonum
869 4164 986 4237 origine
1016 4161 1065 4221 dic
1097 4163 1161 4230 iam
1184 4159 1411 4236 confirmandae
1434 4163 1598 4219 memoriae
1620 4177 1723 4235 causa,

372 4258 440 4323 quot
462 4250 560 4311 modia
589 4249 620 4307 lo'
642 4248 741 4309 decem
764 4252 870 4309 circuti
901 4252 980 4307 inter
1001 4267 1031 4308 se
1058 4248 1313 4324 duttnpoontor?
1346 4246 1403 4307 Sex
1427 4246 1538 4306 modis:
1571 4247 1619 4307 vel
1650 4249 1727 4309 enim

372 4340 481 4398 ratione
496 4337 631 4412 subJecti
656 4338 702 4396 rel
725 4340 837 4397 ratione
854 4339 982 4412 originis,
1005 4337 1054 4397 vel
1077 4337 1190 4395 ratione
1205 4337 1388 4413 quantitatis,
1412 4334 1459 4393 vel
1475 4337 1588 4395 ratione
1603 4335 1725 4413 figurae,

373 4423 414 4482 rel
437 4426 552 4484 ratione
575 4427 654 4483 situs
670 4424 709 4483 ad
731 4434 842 4483 motum
866 4426 1036 4501 comparati,
1060 4423 1108 4484 vel
1132 4426 1245 4484 ratione
1268 4432 1364 4482 motus
1387 4424 1489 4500 ipsius.

455 4516 481 4571 1.
517 4512 675 4588 mornado
697 4511 843 4589 differunt
865 4515 944 4571 inter
965 4530 995 4570 se
1016 4515 1137 4572 rodone
1164 4511 1308 4583 subiecti?
1341 4510 1399 4569 atii
1428 4516 1497 4570 sunt
1523 4511 1631 4587 proprii
1661 4527 1725 4572 cer·

372 4609 462 4660 torum
497 4609 526 4658 et
549 4608 749 4675 separatorum
779 4607 923 4659 tractuum
948 4599 1022 4659 coeli
1045 4599 1151 4672 solius,
1183 4608 1216 4657 ut
1243 4597 1381 4657 zodiacus
1404 4605 1434 4658 et
1455 4597 1548 4657 coluri
1570 4596 1642 4671 duo,
1674 4597 1724 4657 alii

371 4696 434 4746 runt
457 4688 567 4764 proprii
596 4694 739 4746 certorum
769 4695 798 4747 et
828 4695 1027 4763 separatorum
1051 4695 1195 4746 tractuum
1218 4685 1339 4759 Terrae,
1373 4688 1403 4744 in
1433 4683 1509 4745 cosli
1531 4702 1601 4745 vero
1629 4692 1724 4745 certos

371 4783 396 4835 ct
410 4783 564 4854 separatos
581 4781 690 4833 tractus
712 4782 781 4834 sunt
796 4774 937 4848 tralatitii,
961 4783 994 4833 ut
1010 4782 1161 4850 aequator,
1186 4773 1244 4832 duo
1261 4774 1373 4850 tropici,
1398 4771 1456 4831 duo
1476 4771 1606 4849 polares3
1629 4788 1724 4848 neque

371 4865 446 4922 enim
477 4861 704 4922 existimandum
735 4871 792 4934 est,
829 4880 892 4922 esso
922 4862 1039 4921 stellam
1069 4861 1160 4921 ullam
1182 4860 1270 4920 fixum
1295 4859 1341 4920 rel
1364 4862 1531 4933 erraticum,
1564 4859 1724 4920 ueletiam

372 4949 468 5011 Solem
495 4952 607 5027 ipsum,
639 4966 715 5025 quse
742 4958 823 5009 motu
853 4950 980 5026 trajiciat
1011 4953 1159 5026 regionem
1183 4949 1263 5008 illam
1287 4949 1425 5021 merum,
1456 4950 1485 5006 in
1516 4965 1604 5024 quam
1627 4952 1724 5005 trans·

372 5037 500 5098 iemntur
522 5036 551 5095 hi
576 5037 694 5113 circuli3
726 5037 775 5096 alii
799 5037 924 5111 denique
947 5054 1040 5113 neque
1065 5036 1139 5097 coeli
1162 5053 1256 5113 neque
1280 5036 1387 5097 Terrae
1408 5037 1551 5113 separatis
1574 5033 1723 5107 tractibus,

373 5125 419 5186 sed
443 5126 579 5186 omnibus
602 5127 765 5202 promiscue
788 5124 926 5185 tralatitie
950 5127 1136 5197 conveniunt,
1161 5126 1210 5200 qni
1227 5126 1333 5204 proprii
1357 5132 1425 5184 sunt
1440 5124 1590 5203 sphaerae,
1613 5123 1723 5181 instru-

373 5217 459 5275 menti
482 5216 568 5292 primi
590 5221 699 5289 motus,
722 5222 755 5274 ut
776 5212 898 5274 horizon
920 5219 950 5274 et
971 5211 1158 5274 meridianus.
