<?xml version="1.0" encoding="UTF-8"?>
<!DOCTYPE html PUBLIC "-//W3C//DTD XHTML 1.0 Transitional//EN"
    "http://www.w3.org/TR/xhtml1/DTD/xhtml1-transitional.dtd">
<html xmlns="http://www.w3.org/1999/xhtml" xml:lang="en" lang="en">
 <head>
  <title>
</title>
<meta http-equiv="Content-Type" content="text/html;charset=utf-8" />
  <meta name='ocr-system' content='tesseract 3.04.00' />
  <meta name='ocr-capabilities' content='ocr_page ocr_carea ocr_par ocr_line ocrx_word'/>
</head>
<body>
  <div class='ocr_page' id='page_1' title='image "./joanniskepleria03frisgoog/joanniskepleria03frisgoog_0474.png"; bbox 0 0 4459 6275; ppageno 0'>
   <div class='ocr_carea' id='block_1_1' title="bbox 445 768 1296 842">
    <p class='ocr_par' dir='ltr' id='par_1_1' title="bbox 445 768 1296 842">
     <span class='ocr_line' id='line_1_1' title="bbox 445 768 1296 842; baseline -0.005 -9"><span class='ocrx_word' id='word_1_1' title='bbox 445 775 510 837; x_wconf 75' lang='grc'><strong>462</strong></span> <span class='ocrx_word' id='word_1_2' title='bbox 943 771 1087 842; x_wconf 79' lang='lat' dir='ltr'><strong>Epitomes</strong></span> <span class='ocrx_word' id='word_1_3' title='bbox 1104 768 1296 829; x_wconf 83' lang='lat' dir='ltr'><strong>Astronon&#39;riae</strong></span> 
     </span>
    </p>
   </div>
   <div class='ocr_carea' id='block_1_2' title="bbox 444 944 1798 1288">
    <p class='ocr_par' dir='ltr' id='par_1_2' title="bbox 444 944 1798 1288">
     <span class='ocr_line' id='line_1_2' title="bbox 448 944 1798 1031; baseline 0.003 -24"><span class='ocrx_word' id='word_1_4' title='bbox 448 948 603 1025; x_wconf 89' lang='lat' dir='ltr'><strong>sphaerica</strong></span> <span class='ocrx_word' id='word_1_5' title='bbox 633 947 704 1009; x_wconf 88' lang='lat' dir='ltr'><strong>lolio</strong></span> <span class='ocrx_word' id='word_1_6' title='bbox 734 944 808 1008; x_wconf 83' lang='grc'><strong>251.</strong></span> <span class='ocrx_word' id='word_1_7' title='bbox 838 950 909 1008; x_wconf 82' lang='grc'><strong>252.</strong></span> <span class='ocrx_word' id='word_1_8' title='bbox 943 957 973 1009; x_wconf 90' lang='lat' dir='ltr'><strong>et</strong></span> <span class='ocrx_word' id='word_1_9' title='bbox 994 948 1060 1010; x_wconf 83' lang='lat' dir='ltr'>libri</span> <span class='ocrx_word' id='word_1_10' title='bbox 1089 949 1178 1026; x_wconf 89' lang='lat' dir='ltr'><strong>hujus</strong></span> <span class='ocrx_word' id='word_1_11' title='bbox 1200 950 1253 1010; x_wconf 88' lang='lat' dir='ltr'><strong>VI.</strong></span> <span class='ocrx_word' id='word_1_12' title='bbox 1277 958 1359 1027; x_wconf 89' lang='lat' dir='ltr'><strong>parts</strong></span> <span class='ocrx_word' id='word_1_13' title='bbox 1386 953 1497 1031; x_wconf 81' lang='lat' dir='ltr'><strong>prima3</strong></span> <span class='ocrx_word' id='word_1_14' title='bbox 1526 953 1613 1011; x_wconf 89' lang='lat' dir='ltr'><strong>tertio</strong></span> <span class='ocrx_word' id='word_1_15' title='bbox 1643 951 1798 1030; x_wconf 74' lang='lat' dir='ltr'><strong>puellaris</strong></span> 
     </span>
     <span class='ocr_line' id='line_1_3' title="bbox 449 1034 1798 1115; baseline 0.003 -20"><span class='ocrx_word' id='word_1_16' title='bbox 449 1036 555 1096; x_wconf 89' lang='lat' dir='ltr'><strong>diurna</strong></span> <span class='ocrx_word' id='word_1_17' title='bbox 577 1034 628 1110; x_wconf 84' lang='lat' dir='ltr'><strong>(dc</strong></span> <span class='ocrx_word' id='word_1_18' title='bbox 652 1053 711 1113; x_wconf 86' lang='lat' dir='ltr'><strong>qna</strong></span> <span class='ocrx_word' id='word_1_19' title='bbox 733 1037 761 1093; x_wconf 94' lang='lat' dir='ltr'><strong>in</strong></span> <span class='ocrx_word' id='word_1_20' title='bbox 785 1035 917 1095; x_wconf 89' lang='lat' dir='ltr'><strong>doctrina</strong></span> <span class='ocrx_word' id='word_1_21' title='bbox 940 1036 975 1095; x_wconf 90' lang='lat' dir='ltr'><strong>dc</strong></span> <span class='ocrx_word' id='word_1_22' title='bbox 999 1036 1158 1114; x_wconf 86' lang='lat' dir='ltr'><strong>eclipsibus</strong></span> <span class='ocrx_word' id='word_1_23' title='bbox 1180 1038 1310 1115; x_wconf 84' lang='lat' dir='ltr'><strong>agetur),</strong></span> <span class='ocrx_word' id='word_1_24' title='bbox 1340 1056 1415 1115; x_wconf 89' lang='lat' dir='ltr'><strong>quas</strong></span> <span class='ocrx_word' id='word_1_25' title='bbox 1438 1042 1525 1099; x_wconf 90' lang='lat' dir='ltr'><strong>ctiam</strong></span> <span class='ocrx_word' id='word_1_26' title='bbox 1551 1043 1634 1098; x_wconf 84' lang='lat' dir='ltr'><strong>visus</strong></span> <span class='ocrx_word' id='word_1_27' title='bbox 1658 1048 1703 1100; x_wconf 90' lang='lat' dir='ltr'><strong>est</strong></span> <span class='ocrx_word' id='word_1_28' title='bbox 1723 1042 1798 1099; x_wconf 74' lang='lat' dir='ltr'><strong>aad·</strong></span> 
     </span>
     <span class='ocr_line' id='line_1_4' title="bbox 447 1123 1797 1201; baseline 0.003 -20"><span class='ocrx_word' id='word_1_29' title='bbox 447 1123 528 1184; x_wconf 89' lang='lat' dir='ltr'><strong>deus.</strong></span> <span class='ocrx_word' id='word_1_30' title='bbox 579 1123 663 1184; x_wconf 89' lang='lat' dir='ltr'><strong>Haec</strong></span> <span class='ocrx_word' id='word_1_31' title='bbox 686 1124 763 1182; x_wconf 89' lang='lat' dir='ltr'><strong>enirn</strong></span> <span class='ocrx_word' id='word_1_32' title='bbox 786 1140 851 1182; x_wconf 91' lang='lat' dir='ltr'><strong>cum</strong></span> <span class='ocrx_word' id='word_1_33' title='bbox 874 1125 903 1181; x_wconf 92' lang='lat' dir='ltr'><strong>in</strong></span> <span class='ocrx_word' id='word_1_34' title='bbox 931 1127 1035 1184; x_wconf 84' lang='lat' dir='ltr'><strong>coieris</strong></span> <span class='ocrx_word' id='word_1_35' title='bbox 1062 1124 1189 1201; x_wconf 89' lang='lat' dir='ltr'><strong>planatis</strong></span> <span class='ocrx_word' id='word_1_36' title='bbox 1218 1128 1256 1185; x_wconf 87' lang='lat' dir='ltr'><strong>ob</strong></span> <span class='ocrx_word' id='word_1_37' title='bbox 1279 1125 1434 1186; x_wconf 89' lang='lat' dir='ltr'><strong>intervalla</strong></span> <span class='ocrx_word' id='word_1_38' title='bbox 1457 1129 1601 1187; x_wconf 87' lang='lat' dir='ltr'><strong>immensa</strong></span> <span class='ocrx_word' id='word_1_39' title='bbox 1621 1129 1723 1187; x_wconf 88' lang='lat' dir='ltr'><strong>sentiri</strong></span> <span class='ocrx_word' id='word_1_40' title='bbox 1744 1143 1797 1186; x_wconf 89' lang='lat' dir='ltr'><strong>uon</strong></span> 
     </span>
     <span class='ocr_line' id='line_1_5' title="bbox 444 1209 1342 1288; baseline 0 -18"><span class='ocrx_word' id='word_1_41' title='bbox 444 1215 548 1288; x_wconf 79' lang='lat' dir='ltr'><strong>possit,</strong></span> <span class='ocrx_word' id='word_1_42' title='bbox 571 1213 600 1268; x_wconf 91' lang='lat' dir='ltr'><strong>in</strong></span> <span class='ocrx_word' id='word_1_43' title='bbox 624 1210 709 1269; x_wconf 89' lang='lat' dir='ltr'><strong>Luna</strong></span> <span class='ocrx_word' id='word_1_44' title='bbox 727 1209 799 1286; x_wconf 89' lang='lat' dir='ltr'><strong>jam,</strong></span> <span class='ocrx_word' id='word_1_45' title='bbox 823 1218 856 1269; x_wconf 90' lang='lat' dir='ltr'><strong>ut</strong></span> <span class='ocrx_word' id='word_1_46' title='bbox 879 1212 985 1285; x_wconf 85' lang='lat' dir='ltr'><strong>vicina,</strong></span> <span class='ocrx_word' id='word_1_47' title='bbox 1009 1212 1095 1272; x_wconf 79' lang='lat' dir='ltr'><strong>facile</strong></span> <span class='ocrx_word' id='word_1_48' title='bbox 1119 1221 1163 1271; x_wconf 89' lang='lat' dir='ltr'><strong>est</strong></span> <span class='ocrx_word' id='word_1_49' title='bbox 1185 1212 1342 1272; x_wconf 88' lang='lat' dir='ltr'><strong>sensibilis.</strong></span> 
     </span>
    </p>
   </div>
   <div class='ocr_carea' id='block_1_3' title="bbox 697 1345 1485 1443">
    <p class='ocr_par' dir='ltr' id='par_1_3' title="bbox 697 1345 1485 1443">
     <span class='ocr_line' id='line_1_6' title="bbox 697 1345 1485 1443; baseline 0 -33"><span class='ocrx_word' id='word_1_50' title='bbox 697 1433 702 1443; x_wconf 35' lang='lat'><em>·</em></span> <span class='ocrx_word' id='word_1_51' title='bbox 757 1352 807 1412; x_wconf 90' lang='lat' dir='ltr'><strong>De</strong></span> <span class='ocrx_word' id='word_1_52' title='bbox 827 1351 1112 1429; x_wconf 80' lang='lat' dir='ltr'><strong>inaequalitate</strong></span> <span class='ocrx_word' id='word_1_53' title='bbox 1135 1351 1264 1413; x_wconf 90' lang='lat' dir='ltr'><strong>Lunae</strong></span> <span class='ocrx_word' id='word_1_54' title='bbox 1286 1353 1427 1413; x_wconf 90' lang='lat' dir='ltr'><strong>soluta.</strong></span> <span class='ocrx_word' id='word_1_55' title='bbox 1445 1345 1485 1432; x_wconf 78' lang='lat'><strong>⁷⁸)</strong></span> 
     </span>
    </p>
   </div>
   <div class='ocr_carea' id='block_1_4' title="bbox 489 1443 1798 1552">
    <p class='ocr_par' dir='ltr' id='par_1_4' title="bbox 489 1443 1798 1552">
     <span class='ocr_line' id='line_1_7' title="bbox 489 1443 1798 1552; baseline 0 -21"><span class='ocrx_word' id='word_1_56' title='bbox 489 1506 492 1514; x_wconf 94' lang='lat'>·</span> <span class='ocrx_word' id='word_1_57' title='bbox 534 1473 647 1548; x_wconf 76' lang='lat' dir='ltr'><strong>Quibus</strong></span> <span class='ocrx_word' id='word_1_58' title='bbox 674 1475 754 1531; x_wconf 87' lang='lat' dir='ltr'><strong>inter</strong></span> <span class='ocrx_word' id='word_1_59' title='bbox 775 1491 805 1533; x_wconf 90' lang='lat' dir='ltr'><strong>se</strong></span> <span class='ocrx_word' id='word_1_60' title='bbox 826 1474 1002 1534; x_wconf 84' lang='lat' dir='ltr'><strong>nominibus</strong></span> <span class='ocrx_word' id='word_1_61' title='bbox 1024 1483 1051 1534; x_wconf 87' lang='lat' dir='ltr'><strong>et</strong></span> <span class='ocrx_word' id='word_1_62' title='bbox 1073 1494 1133 1552; x_wconf 90' lang='lat' dir='ltr'><strong>quo</strong></span> <span class='ocrx_word' id='word_1_63' title='bbox 1155 1493 1261 1534; x_wconf 84' lang='lat' dir='ltr'><strong>rerum</strong></span> <span class='ocrx_word' id='word_1_64' title='bbox 1283 1443 1456 1534; x_wconf 84' lang='lat' dir='ltr'><strong>discrimine</strong></span> <span class='ocrx_word' id='word_1_65' title='bbox 1482 1473 1720 1550; x_wconf 82' lang='lat' dir='ltr'><strong>distinpuuntur</strong></span> <span class='ocrx_word' id='word_1_66' title='bbox 1745 1481 1798 1531; x_wconf 86' lang='lat' dir='ltr'><strong>tres</strong></span> 
     </span>
    </p>
   </div>
   <div class='ocr_carea' id='block_1_5' title="bbox 447 1558 1799 1638">
    <p class='ocr_par' dir='ltr' id='par_1_5' title="bbox 447 1558 1799 1638">
     <span class='ocr_line' id='line_1_8' title="bbox 447 1558 1799 1638; baseline 0.001 -21"><span class='ocrx_word' id='word_1_67' title='bbox 447 1558 547 1619; x_wconf 86' lang='lat' dir='ltr'><strong>dictae</strong></span> <span class='ocrx_word' id='word_1_68' title='bbox 568 1563 664 1620; x_wconf 84' lang='lat' dir='ltr'><strong>reales</strong></span> <span class='ocrx_word' id='word_1_69' title='bbox 687 1561 796 1620; x_wconf 89' lang='lat' dir='ltr'><strong>Lunae</strong></span> <span class='ocrx_word' id='word_1_70' title='bbox 818 1564 1072 1637; x_wconf 84' lang='lat' dir='ltr'><strong>inaequalitates?</strong></span> <span class='ocrx_word' id='word_1_71' title='bbox 1102 1562 1228 1623; x_wconf 84' lang='lat' dir='ltr'><strong>Ratione</strong></span> <span class='ocrx_word' id='word_1_72' title='bbox 1251 1564 1361 1638; x_wconf 84' lang='lat' dir='ltr'><strong>primae</strong></span> <span class='ocrx_word' id='word_1_73' title='bbox 1377 1562 1491 1620; x_wconf 91' lang='lat' dir='ltr'><strong>illarum</strong></span> <span class='ocrx_word' id='word_1_74' title='bbox 1513 1560 1619 1619; x_wconf 89' lang='lat' dir='ltr'><strong>similis</strong></span> <span class='ocrx_word' id='word_1_75' title='bbox 1639 1571 1685 1637; x_wconf 79' lang='lat' dir='ltr'><strong>cst</strong></span> <span class='ocrx_word' id='word_1_76' title='bbox 1708 1571 1799 1619; x_wconf 84' lang='lat' dir='ltr'><strong>moins</strong></span> 
     </span>
    </p>
   </div>
   <div class='ocr_carea' id='block_1_6' title="bbox 360 1646 1797 1727">
    <p class='ocr_par' dir='ltr' id='par_1_6' title="bbox 360 1646 1797 1727">
     <span class='ocr_line' id='line_1_9' title="bbox 360 1646 1797 1727; baseline 0.003 -27"><span class='ocrx_word' id='word_1_77' title='bbox 360 1697 362 1700; x_wconf 11' lang='grc' dir='ltr'><em>Α</em></span> <span class='ocrx_word' id='word_1_78' title='bbox 445 1646 546 1706; x_wconf 87' lang='lat' dir='ltr'><strong>Lunae</strong></span> <span class='ocrx_word' id='word_1_79' title='bbox 569 1650 697 1707; x_wconf 88' lang='lat' dir='ltr'><strong>motibus</strong></span> <span class='ocrx_word' id='word_1_80' title='bbox 720 1651 936 1724; x_wconf 81' lang='lat' dir='ltr'><strong>primariorum,</strong></span> <span class='ocrx_word' id='word_1_81' title='bbox 967 1651 1119 1726; x_wconf 83' lang='lat' dir='ltr'><strong>explicatis</strong></span> <span class='ocrx_word' id='word_1_82' title='bbox 1151 1649 1225 1709; x_wconf 91' lang='lat' dir='ltr'><strong>libro</strong></span> <span class='ocrx_word' id='word_1_83' title='bbox 1253 1650 1296 1727; x_wconf 92' lang='lat' dir='ltr'><strong>V,</strong></span> <span class='ocrx_word' id='word_1_84' title='bbox 1325 1653 1436 1708; x_wconf 86' lang='lat' dir='ltr'><strong>ratione</strong></span> <span class='ocrx_word' id='word_1_85' title='bbox 1465 1647 1613 1707; x_wconf 85' lang='lat' dir='ltr'><strong>secundae</strong></span> <span class='ocrx_word' id='word_1_86' title='bbox 1644 1658 1674 1706; x_wconf 90' lang='lat' dir='ltr'><strong>et</strong></span> <span class='ocrx_word' id='word_1_87' title='bbox 1702 1650 1797 1706; x_wconf 79' lang='lat' dir='ltr'><strong>tertias</strong></span> 
     </span>
    </p>
   </div>
   <div class='ocr_carea' id='block_1_7' title="bbox 341 1733 1797 2860">
    <p class='ocr_par' dir='ltr' id='par_1_7' title="bbox 446 1733 1795 1813">
     <span class='ocr_line' id='line_1_10' title="bbox 446 1733 1795 1813; baseline 0 -21"><span class='ocrx_word' id='word_1_88' title='bbox 446 1733 604 1794; x_wconf 86' lang='lat' dir='ltr'><strong>dissimilis.</strong></span> <span class='ocrx_word' id='word_1_89' title='bbox 649 1735 749 1795; x_wconf 91' lang='lat' dir='ltr'><strong>Prima</strong></span> <span class='ocrx_word' id='word_1_90' title='bbox 771 1738 817 1794; x_wconf 88' lang='lat' dir='ltr'><strong>sui</strong></span> <span class='ocrx_word' id='word_1_91' title='bbox 840 1736 1056 1811; x_wconf 89' lang='lat' dir='ltr'><strong>quodammodo</strong></span> <span class='ocrx_word' id='word_1_92' title='bbox 1076 1739 1152 1813; x_wconf 90' lang='lat' dir='ltr'><strong>juris</strong></span> <span class='ocrx_word' id='word_1_93' title='bbox 1174 1746 1228 1810; x_wconf 91' lang='lat' dir='ltr'><strong>est,</strong></span> <span class='ocrx_word' id='word_1_94' title='bbox 1252 1755 1336 1805; x_wconf 84' lang='lat' dir='ltr'><strong>snam</strong></span> <span class='ocrx_word' id='word_1_95' title='bbox 1359 1737 1505 1813; x_wconf 83' lang='lat' dir='ltr'><strong>propriam</strong></span> <span class='ocrx_word' id='word_1_96' title='bbox 1521 1737 1685 1795; x_wconf 83' lang='lat' dir='ltr'><strong>observrms</strong></span> <span class='ocrx_word' id='word_1_97' title='bbox 1701 1737 1795 1811; x_wconf 90' lang='lat' dir='ltr'><strong>perio·</strong></span> 
     </span>
    </p>

    <p class='ocr_par' dir='ltr' id='par_1_8' title="bbox 446 1820 1793 1902">
     <span class='ocr_line' id='line_1_11' title="bbox 446 1820 1793 1902; baseline -0.001 -22"><span class='ocrx_word' id='word_1_98' title='bbox 446 1823 530 1896; x_wconf 91' lang='lat' dir='ltr'><strong>dum,</strong></span> <span class='ocrx_word' id='word_1_99' title='bbox 561 1823 691 1899; x_wconf 88' lang='lat' dir='ltr'><strong>reliquae</strong></span> <span class='ocrx_word' id='word_1_100' title='bbox 714 1822 789 1882; x_wconf 88' lang='lat' dir='ltr'><strong>duae</strong></span> <span class='ocrx_word' id='word_1_101' title='bbox 812 1831 881 1882; x_wconf 91' lang='lat' dir='ltr'><strong>suut</strong></span> <span class='ocrx_word' id='word_1_102' title='bbox 902 1822 1040 1902; x_wconf 77' lang='lat' dir='ltr'><strong>alligatae</strong></span> <span class='ocrx_word' id='word_1_103' title='bbox 1062 1823 1100 1885; x_wconf 86' lang='lat' dir='ltr'><strong>ad</strong></span> <span class='ocrx_word' id='word_1_104' title='bbox 1124 1824 1382 1900; x_wconf 85' lang='lat' dir='ltr'><strong>configurationem</strong></span> <span class='ocrx_word' id='word_1_105' title='bbox 1406 1826 1491 1882; x_wconf 91' lang='lat' dir='ltr'><strong>trium</strong></span> <span class='ocrx_word' id='word_1_106' title='bbox 1515 1839 1688 1898; x_wconf 87' lang='lat' dir='ltr'><strong>corporum,</strong></span> <span class='ocrx_word' id='word_1_107' title='bbox 1711 1820 1793 1892; x_wconf 86' lang='lat' dir='ltr'><strong>Solis,</strong></span> 
     </span>
    </p>

    <p class='ocr_par' dir='ltr' id='par_1_9' title="bbox 374 1909 1794 1991">
     <span class='ocr_line' id='line_1_12' title="bbox 374 1909 1794 1991; baseline -0.002 -23"><span class='ocrx_word' id='word_1_108' title='bbox 374 1912 379 1925; x_wconf 86' lang='lat'><strong><em>‘</em></strong></span> <span class='ocrx_word' id='word_1_109' title='bbox 445 1910 547 1969; x_wconf 87' lang='lat' dir='ltr'><strong>Lunae</strong></span> <span class='ocrx_word' id='word_1_110' title='bbox 570 1918 600 1971; x_wconf 89' lang='lat' dir='ltr'><strong>ct</strong></span> <span class='ocrx_word' id='word_1_111' title='bbox 619 1909 735 1984; x_wconf 87' lang='lat' dir='ltr'><strong>Terrae,</strong></span> <span class='ocrx_word' id='word_1_112' title='bbox 757 1927 811 1969; x_wconf 89' lang='lat' dir='ltr'><strong>seu</strong></span> <span class='ocrx_word' id='word_1_113' title='bbox 833 1909 872 1970; x_wconf 89' lang='lat' dir='ltr'><strong>ad</strong></span> <span class='ocrx_word' id='word_1_114' title='bbox 894 1926 1066 1991; x_wconf 84' lang='lat' dir='ltr'><strong>congressas</strong></span> <span class='ocrx_word' id='word_1_115' title='bbox 1089 1918 1266 1989; x_wconf 83' lang='lat' dir='ltr'><strong>apparentes</strong></span> <span class='ocrx_word' id='word_1_116' title='bbox 1286 1911 1365 1971; x_wconf 89' lang='lat' dir='ltr'><strong>Solis</strong></span> <span class='ocrx_word' id='word_1_117' title='bbox 1389 1918 1417 1970; x_wconf 88' lang='lat' dir='ltr'><strong>st</strong></span> <span class='ocrx_word' id='word_1_118' title='bbox 1434 1910 1544 1969; x_wconf 84' lang='lat' dir='ltr'><strong>Lunae.</strong></span> <span class='ocrx_word' id='word_1_119' title='bbox 1590 1909 1690 1967; x_wconf 88' lang='lat' dir='ltr'><strong>Prima</strong></span> <span class='ocrx_word' id='word_1_120' title='bbox 1713 1911 1794 1985; x_wconf 79' lang='lat' dir='ltr'><strong>igitar</strong></span> 
     </span>
    </p>

    <p class='ocr_par' dir='ltr' id='par_1_10' title="bbox 341 1993 1797 2163">
     <span class='ocr_line' id='line_1_13' title="bbox 341 1993 1797 2076; baseline 0.003 -25"><span class='ocrx_word' id='word_1_121' title='bbox 341 2031 347 2051; x_wconf 79' lang='grc'><em>,</em></span> <span class='ocrx_word' id='word_1_122' title='bbox 444 1997 603 2075; x_wconf 83' lang='lat' dir='ltr'><strong>periodica,</strong></span> <span class='ocrx_word' id='word_1_123' title='bbox 626 1998 755 2074; x_wconf 89' lang='lat' dir='ltr'><strong>reliquae</strong></span> <span class='ocrx_word' id='word_1_124' title='bbox 769 1996 945 2075; x_wconf 72' lang='lat' dir='ltr'><strong>synodicae,</strong></span> <span class='ocrx_word' id='word_1_125' title='bbox 967 2001 1061 2076; x_wconf 90' lang='lat' dir='ltr'><strong>prima</strong></span> <span class='ocrx_word' id='word_1_126' title='bbox 1076 2000 1183 2073; x_wconf 89' lang='lat' dir='ltr'><strong>soluta,</strong></span> <span class='ocrx_word' id='word_1_127' title='bbox 1207 1997 1263 2060; x_wconf 91' lang='lat' dir='ltr'><strong>hee</strong></span> <span class='ocrx_word' id='word_1_128' title='bbox 1284 2007 1458 2070; x_wconf 83' lang='lat' dir='ltr'><strong>menstruae,</strong></span> <span class='ocrx_word' id='word_1_129' title='bbox 1476 1993 1532 2056; x_wconf 91' lang='lat' dir='ltr'><strong>hoc</strong></span> <span class='ocrx_word' id='word_1_130' title='bbox 1546 2004 1592 2057; x_wconf 89' lang='lat' dir='ltr'><strong>est</strong></span> <span class='ocrx_word' id='word_1_131' title='bbox 1606 1996 1645 2055; x_wconf 88' lang='lat' dir='ltr'><strong>ad</strong></span> <span class='ocrx_word' id='word_1_132' title='bbox 1661 1998 1797 2056; x_wconf 80' lang='lat' dir='ltr'><strong>mensium</strong></span> 
     </span>
     <span class='ocr_line' id='line_1_14' title="bbox 447 2083 1304 2163; baseline -0.002 -19"><span class='ocrx_word' id='word_1_133' title='bbox 447 2084 556 2163; x_wconf 85' lang='lat' dir='ltr'><strong>pheses</strong></span> <span class='ocrx_word' id='word_1_134' title='bbox 578 2083 717 2161; x_wconf 83' lang='lat' dir='ltr'><strong>alligatae</strong></span> <span class='ocrx_word' id='word_1_135' title='bbox 741 2085 796 2144; x_wconf 89' lang='lat' dir='ltr'><strong>dici</strong></span> <span class='ocrx_word' id='word_1_136' title='bbox 820 2095 951 2162; x_wconf 89' lang='lat' dir='ltr'><strong>possunt.</strong></span> <span class='ocrx_word' id='word_1_137' title='bbox 1301 2098 1304 2103; x_wconf 87' lang='lat'>·</span> 
     </span>
    </p>

    <p class='ocr_par' dir='ltr' id='par_1_11' title="bbox 445 2167 1796 2860">
     <span class='ocr_line' id='line_1_15' title="bbox 533 2167 1796 2249; baseline -0.007 -11"><span class='ocrx_word' id='word_1_138' title='bbox 533 2167 648 2238; x_wconf 78' lang='lat' dir='ltr'><strong>Quibus</strong></span> <span class='ocrx_word' id='word_1_139' title='bbox 670 2174 874 2233; x_wconf 78' lang='lat' dir='ltr'><strong>occasionibus</strong></span> <span class='ocrx_word' id='word_1_140' title='bbox 896 2180 1002 2234; x_wconf 82' lang='lat' dir='ltr'><strong>matus</strong></span> <span class='ocrx_word' id='word_1_141' title='bbox 1024 2171 1135 2232; x_wconf 82' lang='lat' dir='ltr'><strong>Lunae</strong></span> <span class='ocrx_word' id='word_1_142' title='bbox 1160 2176 1195 2233; x_wconf 91' lang='lat' dir='ltr'><strong>in</strong></span> <span class='ocrx_word' id='word_1_143' title='bbox 1226 2173 1352 2247; x_wconf 81' lang='lat' dir='ltr'><strong>lonqum</strong></span> <span class='ocrx_word' id='word_1_144' title='bbox 1383 2171 1541 2249; x_wconf 71' lang='lat' dir='ltr'><strong>tripliciter</strong></span> <span class='ocrx_word' id='word_1_145' title='bbox 1567 2171 1796 2248; x_wconf 77' lang='lat' dir='ltr'><strong>inaequalitati</strong></span> 
     </span>
     <span class='ocr_line' id='line_1_16' title="bbox 446 2255 1794 2338; baseline -0.001 -18"><span class='ocrx_word' id='word_1_146' title='bbox 446 2260 588 2338; x_wconf 78' lang='lat' dir='ltr'><strong>effectur?</strong></span> <span class='ocrx_word' id='word_1_147' title='bbox 617 2259 702 2320; x_wconf 86' lang='lat' dir='ltr'><strong>Luna</strong></span> <span class='ocrx_word' id='word_1_148' title='bbox 725 2259 839 2320; x_wconf 88' lang='lat' dir='ltr'><strong>duabus</strong></span> <span class='ocrx_word' id='word_1_149' title='bbox 862 2258 979 2320; x_wconf 87' lang='lat' dir='ltr'><strong>vehitur</strong></span> <span class='ocrx_word' id='word_1_150' title='bbox 1002 2260 1158 2321; x_wconf 87' lang='lat' dir='ltr'><strong>virtutibus</strong></span> <span class='ocrx_word' id='word_1_151' title='bbox 1181 2263 1258 2320; x_wconf 88' lang='lat' dir='ltr'><strong>cirea</strong></span> <span class='ocrx_word' id='word_1_152' title='bbox 1280 2259 1409 2330; x_wconf 81' lang='lat' dir='ltr'><strong>Terram,</strong></span> <span class='ocrx_word' id='word_1_153' title='bbox 1435 2255 1464 2337; x_wconf 87' lang='lat'><strong>1)</strong></span> <span class='ocrx_word' id='word_1_154' title='bbox 1486 2259 1593 2334; x_wconf 88' lang='lat' dir='ltr'><strong>specie,</strong></span> <span class='ocrx_word' id='word_1_155' title='bbox 1618 2275 1696 2334; x_wconf 89' lang='lat' dir='ltr'><strong>qnae</strong></span> <span class='ocrx_word' id='word_1_156' title='bbox 1719 2274 1794 2317; x_wconf 65' lang='lat' dir='ltr'><strong>eura</strong></span> 
     </span>
     <span class='ocr_line' id='line_1_17' title="bbox 450 2343 1795 2424; baseline -0.003 -18"><span class='ocrx_word' id='word_1_157' title='bbox 450 2355 503 2407; x_wconf 88' lang='lat' dir='ltr'><strong>nat</strong></span> <span class='ocrx_word' id='word_1_158' title='bbox 526 2364 543 2407; x_wconf 92' lang='lat' dir='ltr'><strong>e</strong></span> <span class='ocrx_word' id='word_1_159' title='bbox 566 2363 687 2424; x_wconf 90' lang='lat' dir='ltr'><strong>corpore</strong></span> <span class='ocrx_word' id='word_1_160' title='bbox 707 2346 833 2408; x_wconf 80' lang='lat' dir='ltr'><strong>Telluris</strong></span> <span class='ocrx_word' id='word_1_161' title='bbox 855 2348 885 2404; x_wconf 91' lang='lat' dir='ltr'><strong>in</strong></span> <span class='ocrx_word' id='word_1_162' title='bbox 907 2348 1051 2406; x_wconf 90' lang='lat' dir='ltr'><strong>rotatione</strong></span> <span class='ocrx_word' id='word_1_163' title='bbox 1073 2349 1250 2420; x_wconf 88' lang='lat' dir='ltr'><strong>constituto,</strong></span> <span class='ocrx_word' id='word_1_164' title='bbox 1281 2348 1314 2421; x_wconf 84' lang='lat'><strong>2)</strong></span> <span class='ocrx_word' id='word_1_165' title='bbox 1338 2349 1369 2404; x_wconf 85' lang='lat' dir='ltr'><strong>vi</strong></span> <span class='ocrx_word' id='word_1_166' title='bbox 1392 2347 1511 2404; x_wconf 87' lang='lat' dir='ltr'><strong>luminis</strong></span> <span class='ocrx_word' id='word_1_167' title='bbox 1529 2343 1651 2418; x_wconf 78' lang='lat' dir='ltr'><strong>Salaria,</strong></span> <span class='ocrx_word' id='word_1_168' title='bbox 1675 2354 1710 2403; x_wconf 90' lang='lat' dir='ltr'><strong>nt</strong></span> <span class='ocrx_word' id='word_1_169' title='bbox 1730 2343 1795 2403; x_wconf 85' lang='lat' dir='ltr'><strong>liius</strong></span> 
     </span>
     <span class='ocr_line' id='line_1_18' title="bbox 445 2431 1793 2512; baseline -0.002 -19"><span class='ocrx_word' id='word_1_170' title='bbox 445 2433 499 2493; x_wconf 87' lang='lat' dir='ltr'><strong>1v.</strong></span> <span class='ocrx_word' id='word_1_171' title='bbox 523 2433 572 2494; x_wconf 87' lang='lat' dir='ltr'><strong>iol.</strong></span> <span class='ocrx_word' id='word_1_172' title='bbox 598 2436 670 2494; x_wconf 81' lang='lat'><strong>359.</strong></span> <span class='ocrx_word' id='word_1_173' title='bbox 692 2433 889 2512; x_wconf 81' lang='lat' dir='ltr'><strong>disputatnm3</strong></span> <span class='ocrx_word' id='word_1_174' title='bbox 920 2452 1042 2510; x_wconf 89' lang='lat' dir='ltr'><strong>quarum</strong></span> <span class='ocrx_word' id='word_1_175' title='bbox 1066 2451 1220 2495; x_wconf 79' lang='lat' dir='ltr'><strong>musarum</strong></span> <span class='ocrx_word' id='word_1_176' title='bbox 1242 2436 1386 2511; x_wconf 86' lang='lat' dir='ltr'><strong>posterior</strong></span> <span class='ocrx_word' id='word_1_177' title='bbox 1414 2435 1469 2492; x_wconf 90' lang='lat' dir='ltr'><strong>etsi</strong></span> <span class='ocrx_word' id='word_1_178' title='bbox 1492 2431 1650 2507; x_wconf 85' lang='lat' dir='ltr'><strong>degenerat</strong></span> <span class='ocrx_word' id='word_1_179' title='bbox 1674 2436 1705 2490; x_wconf 89' lang='lat' dir='ltr'><strong>in</strong></span> <span class='ocrx_word' id='word_1_180' title='bbox 1729 2448 1793 2491; x_wconf 75' lang='lat' dir='ltr'><strong>coa</strong></span> 
     </span>
     <span class='ocr_line' id='line_1_19' title="bbox 446 2518 1794 2598; baseline -0.004 -17"><span class='ocrx_word' id='word_1_181' title='bbox 446 2521 573 2582; x_wconf 88' lang='lat' dir='ltr'><strong>ditiones</strong></span> <span class='ocrx_word' id='word_1_182' title='bbox 594 2523 712 2598; x_wconf 90' lang='lat' dir='ltr'><strong>prioris,</strong></span> <span class='ocrx_word' id='word_1_183' title='bbox 742 2539 808 2583; x_wconf 88' lang='lat' dir='ltr'><strong>curn</strong></span> <span class='ocrx_word' id='word_1_184' title='bbox 830 2524 869 2580; x_wconf 90' lang='lat' dir='ltr'><strong>sit</strong></span> <span class='ocrx_word' id='word_1_185' title='bbox 890 2521 962 2580; x_wconf 92' lang='lat' dir='ltr'><strong>nihil</strong></span> <span class='ocrx_word' id='word_1_186' title='bbox 985 2521 1081 2594; x_wconf 90' lang='lat' dir='ltr'><strong>aliud,</strong></span> <span class='ocrx_word' id='word_1_187' title='bbox 1111 2539 1200 2598; x_wconf 87' lang='lat' dir='ltr'><strong>qnam</strong></span> <span class='ocrx_word' id='word_1_188' title='bbox 1224 2521 1302 2580; x_wconf 88' lang='lat' dir='ltr'><strong>illins</strong></span> <span class='ocrx_word' id='word_1_189' title='bbox 1324 2518 1503 2594; x_wconf 81' lang='lat' dir='ltr'><strong>fortificatio,</strong></span> <span class='ocrx_word' id='word_1_190' title='bbox 1528 2529 1561 2579; x_wconf 93' lang='lat' dir='ltr'><strong>ut</strong></span> <span class='ocrx_word' id='word_1_191' title='bbox 1583 2527 1629 2578; x_wconf 90' lang='lat' dir='ltr'><strong>est</strong></span> <span class='ocrx_word' id='word_1_192' title='bbox 1651 2519 1703 2580; x_wconf 88' lang='lat' dir='ltr'><strong>iol.</strong></span> <span class='ocrx_word' id='word_1_193' title='bbox 1729 2519 1794 2590; x_wconf 79' lang='grc'>360,</span> 
     </span>
     <span class='ocr_line' id='line_1_20' title="bbox 447 2607 1796 2687; baseline -0.004 -17"><span class='ocrx_word' id='word_1_194' title='bbox 447 2611 526 2683; x_wconf 81' lang='lat'><strong>865,</strong></span> <span class='ocrx_word' id='word_1_195' title='bbox 560 2608 748 2686; x_wconf 76' lang='lat' dir='ltr'><strong>distinguitur</strong></span> <span class='ocrx_word' id='word_1_196' title='bbox 778 2618 876 2670; x_wconf 68' lang='lat' dir='ltr'><strong>umen</strong></span> <span class='ocrx_word' id='word_1_197' title='bbox 905 2609 971 2685; x_wconf 79' lang='lat' dir='ltr'><strong>ejus</strong></span> <span class='ocrx_word' id='word_1_198' title='bbox 997 2609 1117 2670; x_wconf 79' lang='lat' dir='ltr'><strong>effectus</strong></span> <span class='ocrx_word' id='word_1_199' title='bbox 1146 2626 1286 2686; x_wconf 70' lang='lat' dir='ltr'><strong>armasse</strong></span> <span class='ocrx_word' id='word_1_200' title='bbox 1311 2610 1475 2687; x_wconf 87' lang='lat' dir='ltr'><strong>quantitate</strong></span> <span class='ocrx_word' id='word_1_201' title='bbox 1504 2622 1523 2666; x_wconf 81' lang='lat' dir='ltr'><strong>s</strong></span> <span class='ocrx_word' id='word_1_202' title='bbox 1551 2607 1655 2683; x_wconf 87' lang='lat' dir='ltr'><strong>priori:</strong></span> <span class='ocrx_word' id='word_1_203' title='bbox 1687 2609 1796 2685; x_wconf 83' lang='lat' dir='ltr'><strong>quoties</strong></span> 
     </span>
     <span class='ocr_line' id='line_1_21' title="bbox 448 2692 1795 2777; baseline -0.003 -19"><span class='ocrx_word' id='word_1_204' title='bbox 448 2698 524 2758; x_wconf 88' lang='lat' dir='ltr'><strong>enirn</strong></span> <span class='ocrx_word' id='word_1_205' title='bbox 548 2695 633 2756; x_wconf 85' lang='lat' dir='ltr'><strong>Luna</strong></span> <span class='ocrx_word' id='word_1_206' title='bbox 656 2704 790 2773; x_wconf 89' lang='lat' dir='ltr'><strong>quartum</strong></span> <span class='ocrx_word' id='word_1_207' title='bbox 812 2696 924 2758; x_wconf 89' lang='lat' dir='ltr'><strong>orbitae</strong></span> <span class='ocrx_word' id='word_1_208' title='bbox 947 2705 1060 2777; x_wconf 86' lang='lat' dir='ltr'><strong>partem</strong></span> <span class='ocrx_word' id='word_1_209' title='bbox 1081 2714 1100 2755; x_wconf 93' lang='lat' dir='ltr'><strong>a</strong></span> <span class='ocrx_word' id='word_1_210' title='bbox 1124 2697 1230 2772; x_wconf 86' lang='lat' dir='ltr'><strong>capula</strong></span> <span class='ocrx_word' id='word_1_211' title='bbox 1252 2712 1305 2758; x_wconf 88' lang='lat' dir='ltr'><strong>seu</strong></span> <span class='ocrx_word' id='word_1_212' title='bbox 1329 2692 1386 2756; x_wconf 81' lang='lat'><strong>90⁰</strong></span> <span class='ocrx_word' id='word_1_213' title='bbox 1406 2693 1547 2761; x_wconf 78' lang='lat' dir='ltr'><strong>absolvit</strong></span> <span class='ocrx_word' id='word_1_214' title='bbox 1571 2696 1662 2754; x_wconf 86' lang='lat' dir='ltr'><strong>toties</strong></span> <span class='ocrx_word' id='word_1_215' title='bbox 1685 2694 1795 2771; x_wconf 71' lang='lat' dir='ltr'><strong>dupu-</strong></span> 
     </span>
     <span class='ocr_line' id='line_1_22' title="bbox 447 2779 1796 2860; baseline -0.002 -16"><span class='ocrx_word' id='word_1_216' title='bbox 447 2782 537 2845; x_wconf 89' lang='lat' dir='ltr'><strong>tisndi</strong></span> <span class='ocrx_word' id='word_1_217' title='bbox 560 2792 629 2844; x_wconf 90' lang='lat' dir='ltr'><strong>sunt</strong></span> <span class='ocrx_word' id='word_1_218' title='bbox 650 2784 680 2844; x_wconf 89' lang='lat' dir='ltr'><strong>hi</strong></span> <span class='ocrx_word' id='word_1_219' title='bbox 704 2779 761 2844; x_wconf 81' lang='lat'><strong>90⁰</strong></span> <span class='ocrx_word' id='word_1_220' title='bbox 781 2782 973 2860; x_wconf 79' lang='lat' dir='ltr'><strong>longitudinis</strong></span> <span class='ocrx_word' id='word_1_221' title='bbox 996 2785 1070 2844; x_wconf 87' lang='lat' dir='ltr'><strong>inter</strong></span> <span class='ocrx_word' id='word_1_222' title='bbox 1091 2782 1186 2844; x_wconf 89' lang='lat' dir='ltr'><strong>dictes</strong></span> <span class='ocrx_word' id='word_1_223' title='bbox 1208 2783 1283 2845; x_wconf 78' lang='lat' dir='ltr'><strong>diras</strong></span> <span class='ocrx_word' id='word_1_224' title='bbox 1304 2799 1409 2843; x_wconf 76' lang='lat' dir='ltr'><strong>cauam</strong></span> <span class='ocrx_word' id='word_1_225' title='bbox 1437 2789 1606 2852; x_wconf 81' lang='lat' dir='ltr'><strong>moventes,</strong></span> <span class='ocrx_word' id='word_1_226' title='bbox 1636 2790 1667 2841; x_wconf 90' lang='lat' dir='ltr'><strong>st</strong></span> <span class='ocrx_word' id='word_1_227' title='bbox 1691 2780 1796 2843; x_wconf 76' lang='lat' dir='ltr'><strong>&#39;inim</strong></span> 
     </span>
    </p>
   </div>
   <div class='ocr_carea' id='block_1_8' title="bbox 322 2867 1795 2950">
    <p class='ocr_par' dir='ltr' id='par_1_12' title="bbox 322 2867 1795 2950">
     <span class='ocr_line' id='line_1_23' title="bbox 322 2867 1795 2950; baseline -0.004 -17"><span class='ocrx_word' id='word_1_228' title='bbox 322 2876 326 2883; x_wconf 90' lang='lat'>&#39;</span> <span class='ocrx_word' id='word_1_229' title='bbox 446 2870 565 2948; x_wconf 90' lang='lat' dir='ltr'><strong>quidem</strong></span> <span class='ocrx_word' id='word_1_230' title='bbox 588 2867 645 2931; x_wconf 72' lang='lat'><strong>87⁰</strong></span> <span class='ocrx_word' id='word_1_231' title='bbox 668 2872 732 2950; x_wconf 81' lang='lat' dir='ltr'><strong>tl‘,</strong></span> <span class='ocrx_word' id='word_1_232' title='bbox 753 2870 857 2931; x_wconf 87' lang='lat' dir='ltr'><strong>lumini</strong></span> <span class='ocrx_word' id='word_1_233' title='bbox 879 2888 949 2932; x_wconf 82' lang='lat' dir='ltr'><strong>nero</strong></span> <span class='ocrx_word' id='word_1_234' title='bbox 971 2869 1049 2933; x_wconf 82' lang='lat' dir='ltr'><strong>Solis</strong></span> <span class='ocrx_word' id='word_1_235' title='bbox 1071 2870 1180 2934; x_wconf 88' lang='lat' dir='ltr'><strong>residui</strong></span> <span class='ocrx_word' id='word_1_236' title='bbox 1204 2868 1239 2931; x_wconf 74' lang='grc' dir='ltr'><strong>2ο</strong></span> <span class='ocrx_word' id='word_1_237' title='bbox 1263 2872 1293 2932; x_wconf 85' lang='lat' dir='ltr'><strong>s‘</strong></span> <span class='ocrx_word' id='word_1_238' title='bbox 1315 2878 1384 2948; x_wconf 86' lang='lat' dir='ltr'><strong>runt</strong></span> <span class='ocrx_word' id='word_1_239' title='bbox 1405 2871 1518 2947; x_wconf 87' lang='lat' dir='ltr'><strong>accepti</strong></span> <span class='ocrx_word' id='word_1_240' title='bbox 1532 2867 1655 2947; x_wconf 72' lang='lat' dir='ltr'><strong>ferendi,</strong></span> <span class='ocrx_word' id='word_1_241' title='bbox 1679 2868 1795 2928; x_wconf 84' lang='lat' dir='ltr'><strong>utinirs</strong></span> 
     </span>
    </p>
   </div>
   <div class='ocr_carea' id='block_1_9' title="bbox 445 2944 1796 5219">
    <p class='ocr_par' dir='ltr' id='par_1_13' title="bbox 445 2944 1794 3560">
     <span class='ocr_line' id='line_1_24' title="bbox 445 2944 1794 3036; baseline -0.003 -17"><span class='ocrx_word' id='word_1_242' title='bbox 445 2961 476 3019; x_wconf 92' lang='lat' dir='ltr'><strong>in</strong></span> <span class='ocrx_word' id='word_1_243' title='bbox 498 2958 694 3036; x_wconf 81' lang='lat' dir='ltr'><strong>explicatione</strong></span> <span class='ocrx_word' id='word_1_244' title='bbox 717 2961 887 3019; x_wconf 83' lang='lat' dir='ltr'><strong>variationis</strong></span> <span class='ocrx_word' id='word_1_245' title='bbox 916 2956 1079 3018; x_wconf 86' lang='lat' dir='ltr'><strong>audiemus.</strong></span> <span class='ocrx_word' id='word_1_246' title='bbox 1125 2956 1183 3018; x_wconf 80' lang='lat' dir='ltr'><strong>Sed</strong></span> <span class='ocrx_word' id='word_1_247' title='bbox 1206 2956 1331 3019; x_wconf 71' lang='lat' dir='ltr'><strong>uminis</strong></span> <span class='ocrx_word' id='word_1_248' title='bbox 1359 2944 1479 3033; x_wconf 84' lang='lat' dir='ltr'><strong>q‘aidem</strong></span> <span class='ocrx_word' id='word_1_249' title='bbox 1498 2957 1630 3033; x_wconf 80' lang='lat' dir='ltr'><strong>speeies,</strong></span> <span class='ocrx_word' id='word_1_250' title='bbox 1657 2962 1794 3032; x_wconf 74' lang='lat' dir='ltr'><strong>quantu</strong></span> 
     </span>
     <span class='ocr_line' id='line_1_25' title="bbox 445 3038 1794 3122; baseline -0.001 -17"><span class='ocrx_word' id='word_1_251' title='bbox 445 3047 476 3105; x_wconf 91' lang='lat' dir='ltr'><strong>in</strong></span> <span class='ocrx_word' id='word_1_252' title='bbox 497 3063 539 3121; x_wconf 85' lang='lat' dir='ltr'><strong>se,</strong></span> <span class='ocrx_word' id='word_1_253' title='bbox 564 3048 622 3105; x_wconf 84' lang='lat' dir='ltr'><strong>rirn</strong></span> <span class='ocrx_word' id='word_1_254' title='bbox 644 3063 729 3109; x_wconf 85' lang='lat' dir='ltr'><strong>sustu</strong></span> <span class='ocrx_word' id='word_1_255' title='bbox 751 3047 857 3108; x_wconf 85' lang='lat' dir='ltr'><strong>exserit</strong></span> <span class='ocrx_word' id='word_1_256' title='bbox 879 3044 1050 3122; x_wconf 84' lang='lat' dir='ltr'><strong>acqualiter,</strong></span> <span class='ocrx_word' id='word_1_257' title='bbox 1072 3044 1191 3105; x_wconf 89' lang='lat' dir='ltr'><strong>leminis</strong></span> <span class='ocrx_word' id='word_1_258' title='bbox 1215 3062 1284 3106; x_wconf 85' lang='lat' dir='ltr'><strong>vero</strong></span> <span class='ocrx_word' id='word_1_259' title='bbox 1314 3044 1433 3105; x_wconf 81' lang='lat' dir='ltr'><strong>effectas</strong></span> <span class='ocrx_word' id='word_1_260' title='bbox 1456 3043 1494 3103; x_wconf 91' lang='lat' dir='ltr'><strong>ob</strong></span> <span class='ocrx_word' id='word_1_261' title='bbox 1517 3059 1624 3105; x_wconf 82' lang='lat' dir='ltr'><strong>causer</strong></span> <span class='ocrx_word' id='word_1_262' title='bbox 1646 3043 1702 3104; x_wconf 83' lang='lat' dir='ltr'><strong>iol</strong></span> <span class='ocrx_word' id='word_1_263' title='bbox 1726 3038 1794 3103; x_wconf 80' lang='lat' dir='ltr'><strong>ost</strong></span> 
     </span>
     <span class='ocr_line' id='line_1_26' title="bbox 446 3129 1794 3212; baseline -0.003 -16"><span class='ocrx_word' id='word_1_264' title='bbox 446 3132 539 3196; x_wconf 83' lang='lat' dir='ltr'><strong>diates</strong></span> <span class='ocrx_word' id='word_1_265' title='bbox 561 3132 746 3212; x_wconf 90' lang='lat' dir='ltr'><strong>dispensatur</strong></span> <span class='ocrx_word' id='word_1_266' title='bbox 768 3133 969 3211; x_wconf 84' lang='lat' dir='ltr'><strong>inaequaliter.</strong></span> <span class='ocrx_word' id='word_1_267' title='bbox 1013 3131 1097 3194; x_wconf 85' lang='lat' dir='ltr'><strong>Haeo</strong></span> <span class='ocrx_word' id='word_1_268' title='bbox 1113 3135 1201 3210; x_wconf 81' lang='lat' dir='ltr'><strong>igitur</strong></span> <span class='ocrx_word' id='word_1_269' title='bbox 1215 3150 1274 3194; x_wconf 90' lang='lat' dir='ltr'><strong>uua</strong></span> <span class='ocrx_word' id='word_1_270' title='bbox 1288 3140 1333 3193; x_wconf 87' lang='lat' dir='ltr'><strong>ert</strong></span> <span class='ocrx_word' id='word_1_271' title='bbox 1347 3129 1552 3207; x_wconf 87' lang='lat' dir='ltr'><strong>inaequalitas,</strong></span> <span class='ocrx_word' id='word_1_272' title='bbox 1575 3148 1612 3192; x_wconf 84' lang='lat' dir='ltr'><strong>ex</strong></span> <span class='ocrx_word' id='word_1_273' title='bbox 1627 3132 1696 3209; x_wconf 80' lang='lat' dir='ltr'><strong>ipsa</strong></span> <span class='ocrx_word' id='word_1_274' title='bbox 1712 3147 1794 3192; x_wconf 72' lang='lat' dir='ltr'><strong>earu</strong></span> 
     </span>
     <span class='ocr_line' id='line_1_27' title="bbox 446 3217 1792 3299; baseline -0.004 -18"><span class='ocrx_word' id='word_1_275' title='bbox 446 3229 582 3283; x_wconf 88' lang='lat' dir='ltr'><strong>movente</strong></span> <span class='ocrx_word' id='word_1_276' title='bbox 612 3226 641 3280; x_wconf 90' lang='lat' dir='ltr'><strong>in</strong></span> <span class='ocrx_word' id='word_1_277' title='bbox 670 3221 804 3299; x_wconf 78' lang='lat' dir='ltr'><strong>longum,</strong></span> <span class='ocrx_word' id='word_1_278' title='bbox 836 3239 913 3298; x_wconf 87' lang='lat' dir='ltr'><strong>quae</strong></span> <span class='ocrx_word' id='word_1_279' title='bbox 940 3220 1015 3283; x_wconf 82' lang='lat' dir='ltr'><strong>inira</strong></span> <span class='ocrx_word' id='word_1_280' title='bbox 1040 3222 1212 3281; x_wconf 86' lang='lat' dir='ltr'><strong>tractabitur</strong></span> <span class='ocrx_word' id='word_1_281' title='bbox 1242 3219 1344 3280; x_wconf 88' lang='lat' dir='ltr'><strong>ultima</strong></span> <span class='ocrx_word' id='word_1_282' title='bbox 1373 3219 1438 3280; x_wconf 86' lang='lat' dir='ltr'><strong>loeo</strong></span> <span class='ocrx_word' id='word_1_283' title='bbox 1466 3217 1639 3293; x_wconf 89' lang='lat' dir='ltr'><strong>diceturque</strong></span> <span class='ocrx_word' id='word_1_284' title='bbox 1662 3219 1792 3278; x_wconf 64' lang='lat' dir='ltr'><strong>ranam.</strong></span> 
     </span>
     <span class='ocr_line' id='line_1_28' title="bbox 445 3303 1794 3387; baseline -0.004 -17"><span class='ocrx_word' id='word_1_285' title='bbox 445 3310 621 3387; x_wconf 83' lang='lat' dir='ltr'><strong>Supervenit</strong></span> <span class='ocrx_word' id='word_1_286' title='bbox 639 3309 703 3385; x_wconf 89' lang='lat' dir='ltr'><strong>jam</strong></span> <span class='ocrx_word' id='word_1_287' title='bbox 726 3311 841 3386; x_wconf 88' lang='lat' dir='ltr'><strong>utrique</strong></span> <span class='ocrx_word' id='word_1_288' title='bbox 863 3326 970 3370; x_wconf 76' lang='lat' dir='ltr'><strong>musso</strong></span> <span class='ocrx_word' id='word_1_289' title='bbox 992 3303 1122 3369; x_wconf 82' lang='lat' dir='ltr'><strong>moventi</strong></span> <span class='ocrx_word' id='word_1_290' title='bbox 1145 3310 1342 3369; x_wconf 87' lang='lat' dir='ltr'><strong>eccentricites</strong></span> <span class='ocrx_word' id='word_1_291' title='bbox 1366 3306 1483 3378; x_wconf 85' lang='lat' dir='ltr'><strong>Lunae,</strong></span> <span class='ocrx_word' id='word_1_292' title='bbox 1513 3306 1625 3367; x_wconf 86' lang='lat' dir='ltr'><strong>faciens</strong></span> <span class='ocrx_word' id='word_1_293' title='bbox 1647 3310 1794 3383; x_wconf 83' lang='lat' dir='ltr'><strong>utriusque</strong></span> 
     </span>
     <span class='ocr_line' id='line_1_29' title="bbox 446 3394 1794 3473; baseline -0.003 -16"><span class='ocrx_word' id='word_1_294' title='bbox 446 3414 554 3457; x_wconf 82' lang='lat' dir='ltr'><strong>camec</strong></span> <span class='ocrx_word' id='word_1_295' title='bbox 577 3398 704 3456; x_wconf 90' lang='lat' dir='ltr'><strong>matricis</strong></span> <span class='ocrx_word' id='word_1_296' title='bbox 727 3397 847 3457; x_wconf 79' lang='lat' dir='ltr'><strong>effectas</strong></span> <span class='ocrx_word' id='word_1_297' title='bbox 875 3415 911 3457; x_wconf 84' lang='lat' dir='ltr'><strong>ex</strong></span> <span class='ocrx_word' id='word_1_298' title='bbox 940 3413 972 3456; x_wconf 88' lang='lat' dir='ltr'><strong>se</strong></span> <span class='ocrx_word' id='word_1_299' title='bbox 994 3398 1060 3473; x_wconf 90' lang='lat' dir='ltr'><strong>ipsa</strong></span> <span class='ocrx_word' id='word_1_300' title='bbox 1082 3399 1169 3456; x_wconf 89' lang='lat' dir='ltr'><strong>etiam</strong></span> <span class='ocrx_word' id='word_1_301' title='bbox 1193 3394 1372 3471; x_wconf 75' lang='lat' dir='ltr'><strong>inaequales.</strong></span> <span class='ocrx_word' id='word_1_302' title='bbox 1418 3394 1456 3452; x_wconf 86' lang='lat' dir='ltr'><strong>Et</strong></span> <span class='ocrx_word' id='word_1_303' title='bbox 1483 3410 1550 3453; x_wconf 89' lang='lat' dir='ltr'><strong>ecce</strong></span> <span class='ocrx_word' id='word_1_304' title='bbox 1574 3403 1633 3454; x_wconf 83' lang='lat' dir='ltr'><strong>tres</strong></span> <span class='ocrx_word' id='word_1_305' title='bbox 1657 3396 1794 3470; x_wconf 81' lang='lat' dir='ltr'><strong>insequa-</strong></span> 
     </span>
     <span class='ocr_line' id='line_1_30' title="bbox 446 3479 1582 3560; baseline -0.004 -18"><span class='ocrx_word' id='word_1_306' title='bbox 446 3482 554 3555; x_wconf 87' lang='lat' dir='ltr'><strong>litates,</strong></span> <span class='ocrx_word' id='word_1_307' title='bbox 578 3500 653 3559; x_wconf 90' lang='lat' dir='ltr'><strong>qnae</strong></span> <span class='ocrx_word' id='word_1_308' title='bbox 676 3502 711 3543; x_wconf 84' lang='lat' dir='ltr'><strong>ex</strong></span> <span class='ocrx_word' id='word_1_309' title='bbox 734 3484 790 3544; x_wconf 93' lang='lat' dir='ltr'><strong>hoc</strong></span> <span class='ocrx_word' id='word_1_310' title='bbox 811 3483 877 3544; x_wconf 91' lang='lat' dir='ltr'><strong>loco</strong></span> <span class='ocrx_word' id='word_1_311' title='bbox 898 3484 959 3560; x_wconf 91' lang='lat' dir='ltr'><strong>jem</strong></span> <span class='ocrx_word' id='word_1_312' title='bbox 981 3500 1036 3544; x_wconf 91' lang='lat' dir='ltr'><strong>suo</strong></span> <span class='ocrx_word' id='word_1_313' title='bbox 1059 3482 1209 3559; x_wconf 90' lang='lat' dir='ltr'><strong>quaelibet</strong></span> <span class='ocrx_word' id='word_1_314' title='bbox 1232 3483 1331 3543; x_wconf 89' lang='lat' dir='ltr'><strong>ordine</strong></span> <span class='ocrx_word' id='word_1_315' title='bbox 1354 3479 1582 3558; x_wconf 79' lang='lat' dir='ltr'><strong>explicabuntur.</strong></span> 
     </span>
    </p>

    <p class='ocr_par' dir='ltr' id='par_1_14' title="bbox 445 3566 1796 4258">
     <span class='ocr_line' id='line_1_31' title="bbox 534 3566 1793 3647; baseline -0.002 -17"><span class='ocrx_word' id='word_1_316' title='bbox 534 3571 689 3645; x_wconf 77' lang='lat' dir='ltr'><strong>Quomodo</strong></span> <span class='ocrx_word' id='word_1_317' title='bbox 709 3579 877 3647; x_wconf 86' lang='lat' dir='ltr'><strong>potuerunt</strong></span> <span class='ocrx_word' id='word_1_318' title='bbox 892 3575 972 3631; x_wconf 86' lang='lat' dir='ltr'><strong>inter</strong></span> <span class='ocrx_word' id='word_1_319' title='bbox 992 3588 1022 3629; x_wconf 90' lang='lat' dir='ltr'><strong>se</strong></span> <span class='ocrx_word' id='word_1_320' title='bbox 1036 3570 1165 3629; x_wconf 71' lang='lat' dir='ltr'><strong>duceni</strong></span> <span class='ocrx_word' id='word_1_321' title='bbox 1186 3568 1371 3632; x_wconf 66' lang='lat' dir='ltr'><strong>sisenando</strong></span> <span class='ocrx_word' id='word_1_322' title='bbox 1387 3576 1428 3628; x_wconf 88' lang='lat' dir='ltr'><strong>tot</strong></span> <span class='ocrx_word' id='word_1_323' title='bbox 1452 3568 1689 3644; x_wconf 72' lang='lat' dir='ltr'><strong>inaequalitates</strong></span> <span class='ocrx_word' id='word_1_324' title='bbox 1703 3566 1793 3627; x_wconf 79' lang='lat' dir='ltr'><strong>reate</strong></span> 
     </span>
     <span class='ocr_line' id='line_1_32' title="bbox 445 3654 1793 3735; baseline -0.002 -19"><span class='ocrx_word' id='word_1_325' title='bbox 445 3675 613 3734; x_wconf 88' lang='lat' dir='ltr'><strong>earumque</strong></span> <span class='ocrx_word' id='word_1_326' title='bbox 641 3659 855 3718; x_wconf 79' lang='lat' dir='ltr'><strong>circuitiones?</strong></span> <span class='ocrx_word' id='word_1_327' title='bbox 887 3658 1118 3735; x_wconf 87' lang='lat' dir='ltr'><strong>Inaequalitates</strong></span> <span class='ocrx_word' id='word_1_328' title='bbox 1151 3668 1315 3718; x_wconf 89' lang='lat' dir='ltr'><strong>menstruae</strong></span> <span class='ocrx_word' id='word_1_329' title='bbox 1347 3664 1415 3716; x_wconf 91' lang='lat' dir='ltr'><strong>sunt</strong></span> <span class='ocrx_word' id='word_1_330' title='bbox 1448 3655 1587 3730; x_wconf 82' lang='lat' dir='ltr'><strong>alligatae</strong></span> <span class='ocrx_word' id='word_1_331' title='bbox 1625 3654 1664 3713; x_wconf 90' lang='lat' dir='ltr'><strong>ad</strong></span> <span class='ocrx_word' id='word_1_332' title='bbox 1701 3654 1793 3714; x_wconf 87' lang='lat' dir='ltr'><strong>Salen</strong></span> 
     </span>
     <span class='ocr_line' id='line_1_33' title="bbox 447 3743 1794 3823; baseline -0.004 -17"><span class='ocrx_word' id='word_1_333' title='bbox 447 3746 571 3821; x_wconf 87' lang='lat' dir='ltr'><strong>ejusque</strong></span> <span class='ocrx_word' id='word_1_334' title='bbox 600 3747 767 3823; x_wconf 88' lang='lat' dir='ltr'><strong>oppositum</strong></span> <span class='ocrx_word' id='word_1_335' title='bbox 796 3744 845 3805; x_wconf 86' lang='lat' dir='ltr'><strong>vel</strong></span> <span class='ocrx_word' id='word_1_336' title='bbox 872 3745 939 3806; x_wconf 87' lang='lat' dir='ltr'><strong>ioca</strong></span> <span class='ocrx_word' id='word_1_337' title='bbox 961 3745 1120 3821; x_wconf 89' lang='lat' dir='ltr'><strong>quadrata,</strong></span> <span class='ocrx_word' id='word_1_338' title='bbox 1152 3748 1196 3804; x_wconf 89' lang='lat' dir='ltr'><strong>sic</strong></span> <span class='ocrx_word' id='word_1_339' title='bbox 1225 3753 1257 3804; x_wconf 92' lang='lat' dir='ltr'><strong>ut</strong></span> <span class='ocrx_word' id='word_1_340' title='bbox 1285 3745 1324 3804; x_wconf 89' lang='lat' dir='ltr'><strong>ab</strong></span> <span class='ocrx_word' id='word_1_341' title='bbox 1346 3743 1391 3801; x_wconf 89' lang='lat' dir='ltr'><strong>his</strong></span> <span class='ocrx_word' id='word_1_342' title='bbox 1414 3746 1528 3821; x_wconf 90' lang='lat' dir='ltr'><strong>punctis</strong></span> <span class='ocrx_word' id='word_1_343' title='bbox 1553 3743 1696 3817; x_wconf 86' lang='lat' dir='ltr'><strong>incipiant</strong></span> <span class='ocrx_word' id='word_1_344' title='bbox 1720 3744 1794 3802; x_wconf 81' lang='lat' dir='ltr'><strong>eris</strong></span> 
     </span>
     <span class='ocr_line' id='line_1_34' title="bbox 446 3829 1794 3909; baseline -0.004 -18"><span class='ocrx_word' id='word_1_345' title='bbox 446 3832 521 3894; x_wconf 88' lang='lat' dir='ltr'><strong>lraec</strong></span> <span class='ocrx_word' id='word_1_346' title='bbox 542 3837 743 3907; x_wconf 82' lang='lat' dir='ltr'><strong>terminentur;</strong></span> <span class='ocrx_word' id='word_1_347' title='bbox 766 3832 851 3894; x_wconf 81' lang='lat' dir='ltr'><strong>facile</strong></span> <span class='ocrx_word' id='word_1_348' title='bbox 873 3835 961 3909; x_wconf 81' lang='lat' dir='ltr'><strong>igitur</strong></span> <span class='ocrx_word' id='word_1_349' title='bbox 981 3841 1105 3908; x_wconf 89' lang='lat' dir='ltr'><strong>possunt</strong></span> <span class='ocrx_word' id='word_1_350' title='bbox 1127 3834 1285 3891; x_wconf 89' lang='lat' dir='ltr'><strong>astronomi</strong></span> <span class='ocrx_word' id='word_1_351' title='bbox 1298 3831 1412 3892; x_wconf 90' lang='lat' dir='ltr'><strong>solutae</strong></span> <span class='ocrx_word' id='word_1_352' title='bbox 1436 3829 1641 3907; x_wconf 87' lang='lat' dir='ltr'><strong>inaequalitati</strong></span> <span class='ocrx_word' id='word_1_353' title='bbox 1659 3829 1794 3900; x_wconf 85' lang='lat' dir='ltr'><strong>insidiari,</strong></span> 
     </span>
     <span class='ocr_line' id='line_1_35' title="bbox 447 3916 1796 3996; baseline -0.003 -17"><span class='ocrx_word' id='word_1_354' title='bbox 447 3938 514 3979; x_wconf 89' lang='lat' dir='ltr'><strong>cum</strong></span> <span class='ocrx_word' id='word_1_355' title='bbox 535 3929 580 3981; x_wconf 86' lang='lat' dir='ltr'><strong>est</strong></span> <span class='ocrx_word' id='word_1_356' title='bbox 601 3920 742 3993; x_wconf 89' lang='lat' dir='ltr'><strong>solitaria,</strong></span> <span class='ocrx_word' id='word_1_357' title='bbox 766 3921 796 3978; x_wconf 91' lang='lat' dir='ltr'><strong>in</strong></span> <span class='ocrx_word' id='word_1_358' title='bbox 820 3922 889 3996; x_wconf 87' lang='lat' dir='ltr'><strong>ipsis</strong></span> <span class='ocrx_word' id='word_1_359' title='bbox 912 3918 1041 3979; x_wconf 89' lang='lat' dir='ltr'><strong>articulis</strong></span> <span class='ocrx_word' id='word_1_360' title='bbox 1065 3919 1316 3995; x_wconf 88' lang='lat' dir='ltr'><strong>conjunctionum,</strong></span> <span class='ocrx_word' id='word_1_361' title='bbox 1344 3919 1560 3995; x_wconf 87' lang='lat' dir='ltr'><strong>oppositionum</strong></span> <span class='ocrx_word' id='word_1_362' title='bbox 1585 3927 1616 3978; x_wconf 90' lang='lat' dir='ltr'><strong>et</strong></span> <span class='ocrx_word' id='word_1_363' title='bbox 1640 3916 1796 3993; x_wconf 86' lang='lat' dir='ltr'><strong>quadratu·</strong></span> 
     </span>
     <span class='ocr_line' id='line_1_36' title="bbox 446 4004 1795 4084; baseline -0.002 -19"><span class='ocrx_word' id='word_1_364' title='bbox 446 4024 552 4068; x_wconf 89' lang='lat' dir='ltr'><strong>rarum.</strong></span> <span class='ocrx_word' id='word_1_365' title='bbox 597 4008 702 4068; x_wconf 88' lang='lat' dir='ltr'><strong>Saluta</strong></span> <span class='ocrx_word' id='word_1_366' title='bbox 731 4024 801 4067; x_wconf 87' lang='lat' dir='ltr'><strong>vero</strong></span> <span class='ocrx_word' id='word_1_367' title='bbox 832 4007 1040 4084; x_wconf 88' lang='lat' dir='ltr'><strong>inaequalitate</strong></span> <span class='ocrx_word' id='word_1_368' title='bbox 1069 4008 1132 4081; x_wconf 89' lang='lat' dir='ltr'><strong>jam</strong></span> <span class='ocrx_word' id='word_1_369' title='bbox 1161 4007 1324 4084; x_wconf 84' lang='lat' dir='ltr'><strong>explorata,</strong></span> <span class='ocrx_word' id='word_1_370' title='bbox 1360 4013 1545 4082; x_wconf 85' lang='lat' dir='ltr'><strong>computatur</strong></span> <span class='ocrx_word' id='word_1_371' title='bbox 1579 4004 1667 4064; x_wconf 88' lang='lat' dir='ltr'><strong>lacus</strong></span> <span class='ocrx_word' id='word_1_372' title='bbox 1701 4004 1795 4062; x_wconf 81' lang='lat' dir='ltr'><strong>Lunae</strong></span> 
     </span>
     <span class='ocr_line' id='line_1_37' title="bbox 446 4091 1795 4170; baseline -0.003 -15"><span class='ocrx_word' id='word_1_373' title='bbox 446 4096 605 4156; x_wconf 89' lang='lat' dir='ltr'><strong>secundum</strong></span> <span class='ocrx_word' id='word_1_374' title='bbox 629 4114 693 4157; x_wconf 88' lang='lat' dir='ltr'><strong>eam</strong></span> <span class='ocrx_word' id='word_1_375' title='bbox 716 4094 754 4155; x_wconf 91' lang='lat' dir='ltr'><strong>sd</strong></span> <span class='ocrx_word' id='word_1_376' title='bbox 776 4094 903 4170; x_wconf 88' lang='lat' dir='ltr'><strong>quadris</strong></span> <span class='ocrx_word' id='word_1_377' title='bbox 926 4102 1104 4154; x_wconf 90' lang='lat' dir='ltr'><strong>momentum</strong></span> <span class='ocrx_word' id='word_1_378' title='bbox 1127 4096 1233 4152; x_wconf 88' lang='lat' dir='ltr'><strong>mansis</strong></span> <span class='ocrx_word' id='word_1_379' title='bbox 1256 4091 1458 4154; x_wconf 89' lang='lat' dir='ltr'><strong>intermedium</strong></span> <span class='ocrx_word' id='word_1_380' title='bbox 1480 4101 1508 4152; x_wconf 87' lang='lat' dir='ltr'><strong>ct</strong></span> <span class='ocrx_word' id='word_1_381' title='bbox 1525 4100 1715 4169; x_wconf 86' lang='lat' dir='ltr'><strong>comparatur</strong></span> <span class='ocrx_word' id='word_1_382' title='bbox 1737 4107 1795 4151; x_wconf 78' lang='lat' dir='ltr'><strong>cun</strong></span> 
     </span>
     <span class='ocr_line' id='line_1_38' title="bbox 446 4181 1778 4258; baseline -0.002 -17"><span class='ocrx_word' id='word_1_383' title='bbox 446 4183 621 4257; x_wconf 86' lang='lat' dir='ltr'><strong>observato;</strong></span> <span class='ocrx_word' id='word_1_384' title='bbox 644 4184 687 4244; x_wconf 89' lang='lat' dir='ltr'><strong>sia</strong></span> <span class='ocrx_word' id='word_1_385' title='bbox 709 4200 744 4243; x_wconf 86' lang='lat' dir='ltr'><strong>ox</strong></span> <span class='ocrx_word' id='word_1_386' title='bbox 767 4181 929 4243; x_wconf 83' lang='lat' dir='ltr'><strong>differentia</strong></span> <span class='ocrx_word' id='word_1_387' title='bbox 952 4184 1102 4257; x_wconf 89' lang='lat' dir='ltr'><strong>utriusque</strong></span> <span class='ocrx_word' id='word_1_388' title='bbox 1127 4184 1251 4258; x_wconf 83' lang='lat' dir='ltr'><strong>patescit</strong></span> <span class='ocrx_word' id='word_1_389' title='bbox 1273 4182 1422 4256; x_wconf 88' lang='lat' dir='ltr'><strong>quantitas</strong></span> <span class='ocrx_word' id='word_1_390' title='bbox 1445 4181 1534 4238; x_wconf 87' lang='lat' dir='ltr'><strong>etiam</strong></span> <span class='ocrx_word' id='word_1_391' title='bbox 1557 4190 1778 4238; x_wconf 80' lang='lat' dir='ltr'><strong>menstmarnua</strong></span> 
     </span>
    </p>

    <p class='ocr_par' dir='ltr' id='par_1_15' title="bbox 446 4268 1796 4609">
     <span class='ocr_line' id='line_1_39' title="bbox 533 4268 1794 4347; baseline -0.003 -17"><span class='ocrx_word' id='word_1_392' title='bbox 533 4268 688 4347; x_wconf 74' lang='lat' dir='ltr'><strong>Quomodo</strong></span> <span class='ocrx_word' id='word_1_393' title='bbox 709 4270 809 4330; x_wconf 88' lang='lat' dir='ltr'><strong>soluta</strong></span> <span class='ocrx_word' id='word_1_394' title='bbox 831 4271 1035 4345; x_wconf 85' lang='lat' dir='ltr'><strong>inaequalitas</strong></span> <span class='ocrx_word' id='word_1_395' title='bbox 1057 4268 1263 4327; x_wconf 80' lang='lat' dir='ltr'><strong>animaduerti</strong></span> <span class='ocrx_word' id='word_1_396' title='bbox 1292 4274 1385 4343; x_wconf 82' lang='lat' dir='ltr'><strong>potest</strong></span> <span class='ocrx_word' id='word_1_397' title='bbox 1414 4270 1505 4326; x_wconf 84' lang='lat' dir='ltr'><strong>etiarn</strong></span> <span class='ocrx_word' id='word_1_398' title='bbox 1528 4269 1562 4325; x_wconf 89' lang='lat' dir='ltr'><strong>in</strong></span> <span class='ocrx_word' id='word_1_399' title='bbox 1585 4268 1794 4339; x_wconf 67' lang='lat' dir='ltr'><strong>conjunmone</strong></span> 
     </span>
     <span class='ocr_line' id='line_1_40' title="bbox 446 4353 1794 4430; baseline -0.004 -13"><span class='ocrx_word' id='word_1_400' title='bbox 446 4356 555 4417; x_wconf 86' lang='lat' dir='ltr'><strong>Lunae</strong></span> <span class='ocrx_word' id='word_1_401' title='bbox 578 4376 648 4417; x_wconf 92' lang='lat' dir='ltr'><strong>cum</strong></span> <span class='ocrx_word' id='word_1_402' title='bbox 671 4357 753 4429; x_wconf 83' lang='lat' dir='ltr'><strong>Sole,</strong></span> <span class='ocrx_word' id='word_1_403' title='bbox 783 4376 853 4417; x_wconf 90' lang='lat' dir='ltr'><strong>curn</strong></span> <span class='ocrx_word' id='word_1_404' title='bbox 878 4356 971 4416; x_wconf 86' lang='lat' dir='ltr'><strong>Luna</strong></span> <span class='ocrx_word' id='word_1_405' title='bbox 997 4363 1070 4414; x_wconf 87' lang='lat' dir='ltr'><strong>tuna</strong></span> <span class='ocrx_word' id='word_1_406' title='bbox 1099 4357 1193 4414; x_wconf 88' lang='lat' dir='ltr'><strong>lateat</strong></span> <span class='ocrx_word' id='word_1_407' title='bbox 1222 4355 1276 4414; x_wconf 85' lang='lat' dir='ltr'><strong>sub</strong></span> <span class='ocrx_word' id='word_1_408' title='bbox 1299 4354 1394 4414; x_wconf 86' lang='lat' dir='ltr'><strong>radiis</strong></span> <span class='ocrx_word' id='word_1_409' title='bbox 1418 4354 1516 4414; x_wconf 77' lang='lat' dir='ltr'><strong>Solis?</strong></span> <span class='ocrx_word' id='word_1_410' title='bbox 1551 4355 1614 4413; x_wconf 83' lang='lat' dir='ltr'><strong>Etsi</strong></span> <span class='ocrx_word' id='word_1_411' title='bbox 1639 4353 1794 4430; x_wconf 81' lang='lat' dir='ltr'><strong>plerunque</strong></span> 
     </span>
     <span class='ocr_line' id='line_1_41' title="bbox 448 4441 1796 4518; baseline 0.001 -17"><span class='ocrx_word' id='word_1_412' title='bbox 448 4442 533 4502; x_wconf 89' lang='lat' dir='ltr'><strong>Luna</strong></span> <span class='ocrx_word' id='word_1_413' title='bbox 554 4446 611 4504; x_wconf 90' lang='lat' dir='ltr'><strong>sub</strong></span> <span class='ocrx_word' id='word_1_414' title='bbox 633 4444 703 4506; x_wconf 88' lang='lat' dir='ltr'><strong>Sole</strong></span> <span class='ocrx_word' id='word_1_415' title='bbox 725 4444 806 4515; x_wconf 86' lang='lat' dir='ltr'><strong>latet,</strong></span> <span class='ocrx_word' id='word_1_416' title='bbox 830 4453 861 4503; x_wconf 86' lang='lat' dir='ltr'><strong>at</strong></span> <span class='ocrx_word' id='word_1_417' title='bbox 884 4462 949 4504; x_wconf 89' lang='lat' dir='ltr'><strong>curn</strong></span> <span class='ocrx_word' id='word_1_418' title='bbox 972 4442 1071 4504; x_wconf 92' lang='lat' dir='ltr'><strong>Solem</strong></span> <span class='ocrx_word' id='word_1_419' title='bbox 1094 4444 1175 4518; x_wconf 82' lang='lat' dir='ltr'><strong>tegit,</strong></span> <span class='ocrx_word' id='word_1_420' title='bbox 1200 4451 1269 4502; x_wconf 90' lang='lat' dir='ltr'><strong>tnnc</strong></span> <span class='ocrx_word' id='word_1_421' title='bbox 1292 4441 1337 4501; x_wconf 90' lang='lat' dir='ltr'><strong>vel</strong></span> <span class='ocrx_word' id='word_1_422' title='bbox 1361 4443 1487 4502; x_wconf 84' lang='lat' dir='ltr'><strong>manime</strong></span> <span class='ocrx_word' id='word_1_423' title='bbox 1511 4449 1539 4501; x_wconf 89' lang='lat' dir='ltr'><strong>et</strong></span> <span class='ocrx_word' id='word_1_424' title='bbox 1562 4444 1717 4518; x_wconf 88' lang='lat' dir='ltr'><strong>aptissime</strong></span> <span class='ocrx_word' id='word_1_425' title='bbox 1740 4458 1796 4502; x_wconf 87' lang='lat' dir='ltr'><strong>aer·</strong></span> 
     </span>
     <span class='ocr_line' id='line_1_42' title="bbox 448 4530 1198 4609; baseline 0 -21"><span class='ocrx_word' id='word_1_426' title='bbox 448 4533 534 4603; x_wconf 89' lang='lat' dir='ltr'><strong>nitur,</strong></span> <span class='ocrx_word' id='word_1_427' title='bbox 557 4535 586 4590; x_wconf 89' lang='lat' dir='ltr'><strong>in</strong></span> <span class='ocrx_word' id='word_1_428' title='bbox 609 4534 674 4609; x_wconf 89' lang='lat' dir='ltr'><strong>ipso</strong></span> <span class='ocrx_word' id='word_1_429' title='bbox 698 4530 810 4592; x_wconf 89' lang='lat' dir='ltr'><strong>scilicet</strong></span> <span class='ocrx_word' id='word_1_430' title='bbox 830 4530 912 4591; x_wconf 89' lang='lat' dir='ltr'><strong>disca</strong></span> <span class='ocrx_word' id='word_1_431' title='bbox 935 4532 1062 4609; x_wconf 88' lang='lat' dir='ltr'><strong>eorporis</strong></span> <span class='ocrx_word' id='word_1_432' title='bbox 1084 4530 1198 4590; x_wconf 88' lang='lat' dir='ltr'><strong>solaris.</strong></span> 
     </span>
    </p>

    <p class='ocr_par' dir='ltr' id='par_1_16' title="bbox 446 4615 1795 5219">
     <span class='ocr_line' id='line_1_43' title="bbox 511 4615 1793 4694; baseline -0.002 -17"><span class='ocrx_word' id='word_1_433' title='bbox 511 4616 513 4626; x_wconf 90' lang='lat'>&#39;</span> <span class='ocrx_word' id='word_1_434' title='bbox 536 4620 603 4689; x_wconf 75' lang='lat' dir='ltr'><strong>Qua</strong></span> <span class='ocrx_word' id='word_1_435' title='bbox 625 4623 660 4678; x_wconf 88' lang='lat' dir='ltr'><strong>in</strong></span> <span class='ocrx_word' id='word_1_436' title='bbox 681 4638 714 4679; x_wconf 85' lang='lat' dir='ltr'><strong>re</strong></span> <span class='ocrx_word' id='word_1_437' title='bbox 737 4622 877 4679; x_wconf 83' lang='lat' dir='ltr'><strong>convenit</strong></span> <span class='ocrx_word' id='word_1_438' title='bbox 897 4619 997 4678; x_wconf 87' lang='lat' dir='ltr'><strong>soluta</strong></span> <span class='ocrx_word' id='word_1_439' title='bbox 1019 4618 1224 4694; x_wconf 84' lang='lat' dir='ltr'><strong>inaequalitas</strong></span> <span class='ocrx_word' id='word_1_440' title='bbox 1247 4623 1345 4677; x_wconf 87' lang='lat' dir='ltr'><strong>motus</strong></span> <span class='ocrx_word' id='word_1_441' title='bbox 1361 4615 1471 4675; x_wconf 87' lang='lat' dir='ltr'><strong>Lunae</strong></span> <span class='ocrx_word' id='word_1_442' title='bbox 1492 4632 1562 4673; x_wconf 90' lang='lat' dir='ltr'><strong>cum</strong></span> <span class='ocrx_word' id='word_1_443' title='bbox 1575 4618 1793 4691; x_wconf 70' lang='lat' dir='ltr'><strong>primariorum</strong></span> 
     </span>
     <span class='ocr_line' id='line_1_44' title="bbox 446 4701 1795 4782; baseline -0.004 -18"><span class='ocrx_word' id='word_1_444' title='bbox 446 4705 645 4780; x_wconf 84' lang='lat' dir='ltr'><strong>planetarum</strong></span> <span class='ocrx_word' id='word_1_445' title='bbox 668 4708 888 4782; x_wconf 79' lang='lat' dir='ltr'><strong>inaequalitate</strong></span> <span class='ocrx_word' id='word_1_446' title='bbox 908 4708 1012 4782; x_wconf 63' lang='lat' dir='ltr'><strong>pmma</strong></span> <span class='ocrx_word' id='word_1_447' title='bbox 1026 4706 1115 4779; x_wconf 86' lang='lat' dir='ltr'><strong>dicta,</strong></span> <span class='ocrx_word' id='word_1_448' title='bbox 1140 4712 1167 4764; x_wconf 86' lang='lat' dir='ltr'><strong>st</strong></span> <span class='ocrx_word' id='word_1_449' title='bbox 1189 4722 1252 4779; x_wconf 90' lang='lat' dir='ltr'><strong>qua</strong></span> <span class='ocrx_word' id='word_1_450' title='bbox 1267 4707 1301 4761; x_wconf 89' lang='lat' dir='ltr'><strong>in</strong></span> <span class='ocrx_word' id='word_1_451' title='bbox 1322 4721 1355 4762; x_wconf 89' lang='lat' dir='ltr'><strong>re</strong></span> <span class='ocrx_word' id='word_1_452' title='bbox 1370 4702 1539 4778; x_wconf 78' lang='lat' dir='ltr'><strong>discrepat?</strong></span> <span class='ocrx_word' id='word_1_453' title='bbox 1574 4703 1598 4763; x_wconf 89' lang='grc'><strong>1.</strong></span> <span class='ocrx_word' id='word_1_454' title='bbox 1624 4701 1707 4762; x_wconf 88' lang='lat' dir='ltr'><strong>ldsm</strong></span> <span class='ocrx_word' id='word_1_455' title='bbox 1727 4713 1795 4761; x_wconf 85' lang='lat' dir='ltr'><strong>trae-</strong></span> 
     </span>
     <span class='ocr_line' id='line_1_45' title="bbox 448 4787 1794 4872; baseline -0.003 -20"><span class='ocrx_word' id='word_1_456' title='bbox 448 4803 504 4865; x_wconf 91' lang='lat' dir='ltr'><strong>tus,</strong></span> <span class='ocrx_word' id='word_1_457' title='bbox 527 4787 641 4852; x_wconf 80' lang='lat' dir='ltr'><strong>zodiaci</strong></span> <span class='ocrx_word' id='word_1_458' title='bbox 665 4794 777 4854; x_wconf 90' lang='lat' dir='ltr'><strong>scilicet</strong></span> <span class='ocrx_word' id='word_1_459' title='bbox 793 4797 821 4851; x_wconf 91' lang='lat' dir='ltr'><strong>in</strong></span> <span class='ocrx_word' id='word_1_460' title='bbox 843 4793 969 4872; x_wconf 87' lang='lat' dir='ltr'><strong>sphaera</strong></span> <span class='ocrx_word' id='word_1_461' title='bbox 987 4793 1118 4866; x_wconf 73' lang='lat' dir='ltr'><strong>fixarum</strong></span> <span class='ocrx_word' id='word_1_462' title='bbox 1142 4792 1358 4868; x_wconf 89' lang='lat' dir='ltr'><strong>superimminet</strong></span> <span class='ocrx_word' id='word_1_463' title='bbox 1382 4798 1441 4848; x_wconf 86' lang='lat' dir='ltr'><strong>tam</strong></span> <span class='ocrx_word' id='word_1_464' title='bbox 1458 4790 1570 4849; x_wconf 85' lang='lat' dir='ltr'><strong>orbitae</strong></span> <span class='ocrx_word' id='word_1_465' title='bbox 1586 4788 1691 4848; x_wconf 85' lang='lat' dir='ltr'><strong>Lunae</strong></span> <span class='ocrx_word' id='word_1_466' title='bbox 1715 4805 1794 4864; x_wconf 76' lang='lat' dir='ltr'><strong>quan</strong></span> 
     </span>
     <span class='ocr_line' id='line_1_46' title="bbox 446 4875 1793 4958; baseline -0.004 -18"><span class='ocrx_word' id='word_1_467' title='bbox 446 4881 550 4940; x_wconf 87' lang='lat' dir='ltr'><strong>ceteris</strong></span> <span class='ocrx_word' id='word_1_468' title='bbox 572 4897 624 4939; x_wconf 79' lang='lat' dir='ltr'><strong>sex</strong></span> <span class='ocrx_word' id='word_1_469' title='bbox 648 4882 747 4940; x_wconf 89' lang='lat' dir='ltr'><strong>orbitis</strong></span> <span class='ocrx_word' id='word_1_470' title='bbox 771 4884 970 4958; x_wconf 85' lang='lat' dir='ltr'><strong>primariorum</strong></span> <span class='ocrx_word' id='word_1_471' title='bbox 998 4880 1190 4958; x_wconf 89' lang='lat' dir='ltr'><strong>planetamm.</strong></span> <span class='ocrx_word' id='word_1_472' title='bbox 1237 4881 1265 4936; x_wconf 91' lang='grc'><strong>2.</strong></span> <span class='ocrx_word' id='word_1_473' title='bbox 1295 4877 1377 4937; x_wconf 87' lang='lat' dir='ltr'><strong>Sicut</strong></span> <span class='ocrx_word' id='word_1_474' title='bbox 1400 4879 1527 4954; x_wconf 90' lang='lat' dir='ltr'><strong>primarii</strong></span> <span class='ocrx_word' id='word_1_475' title='bbox 1557 4885 1585 4936; x_wconf 90' lang='lat' dir='ltr'><strong>et</strong></span> <span class='ocrx_word' id='word_1_476' title='bbox 1609 4875 1713 4936; x_wconf 86' lang='lat' dir='ltr'><strong>Tellus</strong></span> <span class='ocrx_word' id='word_1_477' title='bbox 1737 4879 1793 4952; x_wconf 81' lang='lat' dir='ltr'><strong>ipsa</strong></span> 
     </span>
     <span class='ocr_line' id='line_1_47' title="bbox 446 4963 1795 5046; baseline -0.004 -20"><span class='ocrx_word' id='word_1_478' title='bbox 446 4971 625 5028; x_wconf 88' lang='lat' dir='ltr'><strong>circumeunt</strong></span> <span class='ocrx_word' id='word_1_479' title='bbox 652 4984 756 5046; x_wconf 88' lang='lat' dir='ltr'><strong>corpus</strong></span> <span class='ocrx_word' id='word_1_480' title='bbox 779 4969 857 5029; x_wconf 90' lang='lat' dir='ltr'><strong>Solis</strong></span> <span class='ocrx_word' id='word_1_481' title='bbox 886 4968 988 5027; x_wconf 91' lang='lat' dir='ltr'><strong>orbitis</strong></span> <span class='ocrx_word' id='word_1_482' title='bbox 1018 4966 1129 5028; x_wconf 89' lang='lat' dir='ltr'><strong>aSole</strong></span> <span class='ocrx_word' id='word_1_483' title='bbox 1157 4967 1324 5027; x_wconf 88' lang='lat' dir='ltr'><strong>eccentricis</strong></span> <span class='ocrx_word' id='word_1_484' title='bbox 1354 4972 1383 5023; x_wconf 89' lang='lat' dir='ltr'><strong>et</strong></span> <span class='ocrx_word' id='word_1_485' title='bbox 1405 4965 1554 5025; x_wconf 87' lang='lat' dir='ltr'><strong>celeritate</strong></span> <span class='ocrx_word' id='word_1_486' title='bbox 1576 4963 1795 5023; x_wconf 80' lang='lat' dir='ltr'><strong>accommodata</strong></span> 
     </span>
     <span class='ocr_line' id='line_1_48' title="bbox 448 5051 1795 5130; baseline -0.004 -17"><span class='ocrx_word' id='word_1_487' title='bbox 448 5055 485 5113; x_wconf 86' lang='lat' dir='ltr'><strong>ad</strong></span> <span class='ocrx_word' id='word_1_488' title='bbox 509 5054 665 5116; x_wconf 88' lang='lat' dir='ltr'><strong>intervalla</strong></span> <span class='ocrx_word' id='word_1_489' title='bbox 687 5055 765 5115; x_wconf 88' lang='lat' dir='ltr'><strong>Solis</strong></span> <span class='ocrx_word' id='word_1_490' title='bbox 796 5055 966 5125; x_wconf 86' lang='lat' dir='ltr'><strong>variabilia,</strong></span> <span class='ocrx_word' id='word_1_491' title='bbox 998 5057 1040 5115; x_wconf 91' lang='lat' dir='ltr'><strong>sic</strong></span> <span class='ocrx_word' id='word_1_492' title='bbox 1062 5055 1147 5114; x_wconf 87' lang='lat' dir='ltr'><strong>Luna</strong></span> <span class='ocrx_word' id='word_1_493' title='bbox 1174 5055 1311 5130; x_wconf 84' lang='lat' dir='ltr'><strong>privatim</strong></span> <span class='ocrx_word' id='word_1_494' title='bbox 1341 5069 1395 5110; x_wconf 92' lang='lat' dir='ltr'><strong>sno</strong></span> <span class='ocrx_word' id='word_1_495' title='bbox 1426 5053 1543 5127; x_wconf 88' lang='lat' dir='ltr'><strong>proprio</strong></span> <span class='ocrx_word' id='word_1_496' title='bbox 1566 5061 1648 5109; x_wconf 90' lang='lat' dir='ltr'><strong>motu</strong></span> <span class='ocrx_word' id='word_1_497' title='bbox 1671 5051 1795 5111; x_wconf 71' lang='lat' dir='ltr'><strong>dreani</strong></span> 
     </span>
     <span class='ocr_line' id='line_1_49' title="bbox 447 5137 1794 5219; baseline -0.001 -20"><span class='ocrx_word' id='word_1_498' title='bbox 447 5141 553 5203; x_wconf 84' lang='lat' dir='ltr'><strong>Terrae</strong></span> <span class='ocrx_word' id='word_1_499' title='bbox 576 5143 706 5219; x_wconf 84' lang='lat' dir='ltr'><strong>globum,</strong></span> <span class='ocrx_word' id='word_1_500' title='bbox 731 5144 826 5203; x_wconf 86' lang='lat' dir='ltr'><strong>orbita</strong></span> <span class='ocrx_word' id='word_1_501' title='bbox 848 5164 866 5203; x_wconf 91' lang='lat' dir='ltr'><strong>a</strong></span> <span class='ocrx_word' id='word_1_502' title='bbox 888 5144 978 5203; x_wconf 89' lang='lat' dir='ltr'><strong>Terra</strong></span> <span class='ocrx_word' id='word_1_503' title='bbox 1000 5144 1161 5205; x_wconf 79' lang='lat' dir='ltr'><strong>ccocuuics</strong></span> <span class='ocrx_word' id='word_1_504' title='bbox 1183 5149 1213 5204; x_wconf 85' lang='lat' dir='ltr'><strong>ot</strong></span> <span class='ocrx_word' id='word_1_505' title='bbox 1235 5140 1383 5204; x_wconf 83' lang='lat' dir='ltr'><strong>celeritate</strong></span> <span class='ocrx_word' id='word_1_506' title='bbox 1406 5137 1629 5200; x_wconf 80' lang='lat' dir='ltr'><strong>accommodata</strong></span> <span class='ocrx_word' id='word_1_507' title='bbox 1650 5138 1689 5199; x_wconf 79' lang='lat' dir='ltr'><strong>ed</strong></span> <span class='ocrx_word' id='word_1_508' title='bbox 1712 5142 1794 5197; x_wconf 86' lang='lat' dir='ltr'><strong>iuter·</strong></span> 
     </span>
    </p>
   </div>
   <div class='ocr_carea' id='block_1_10' title="bbox 449 5228 1021 5294">
    <p class='ocr_par' dir='ltr' id='par_1_17' title="bbox 449 5228 1021 5294">
     <span class='ocr_line' id='line_1_50' title="bbox 449 5228 1021 5294; baseline 0.009 -5"><span class='ocrx_word' id='word_1_509' title='bbox 449 5228 528 5289; x_wconf 85' lang='lat' dir='ltr'><strong>ralla</strong></span> <span class='ocrx_word' id='word_1_510' title='bbox 550 5231 651 5294; x_wconf 79' lang='lat' dir='ltr'><strong>Lunae</strong></span> <span class='ocrx_word' id='word_1_511' title='bbox 674 5241 703 5293; x_wconf 88' lang='lat' dir='ltr'><strong>ct</strong></span> <span class='ocrx_word' id='word_1_512' title='bbox 726 5231 833 5294; x_wconf 85' lang='lat' dir='ltr'><strong>Terrae</strong></span> <span class='ocrx_word' id='word_1_513' title='bbox 858 5231 1021 5294; x_wconf 68' lang='lat' dir='ltr'><strong>rmnbdia.</strong></span> 
     </span>
    </p>
   </div>
   <div class='ocr_carea' id='block_1_11' title="bbox 0 0 2234 6275">
    <p class='ocr_par' dir='ltr' id='par_1_18' title="bbox 0 0 2234 6275">
     <span class='ocr_line' id='line_1_51' title="bbox 0 0 2234 6275; baseline 0 0"><span class='ocrx_word' id='word_1_514' title='bbox 0 0 2234 6275; x_wconf 95' lang='lat' dir='ltr'><strong> </strong></span> 
     </span>
    </p>
   </div>
  </div>
 </body>
</html>
