4459 6275
675 1871 1089 2023 EPITOMES
1144 1867 1721 2031 ASTRONOMIAE

888 2060 1513 2213 COPERNICANAE

1029 2313 1150 2377 menn
1173 2310 1371 2391 onnnnns.

692 2464 696 2471 ’
803 2496 1068 2593 rnrorrore
1102 2495 1365 2593 noorerrrn
1397 2496 1579 2593 nerone.

522 2698 577 2782 DE
603 2694 791 2781 Pronior!
818 2692 1113 2780 MUNDANARUM
1141 2692 1256 2796 sirii,
1284 2693 1438 2777 ORDINE
1464 2696 1519 2780 ET
1545 2692 1681 2799 Morti,
1715 2692 1801 2781 SEU
1826 2696 1877 2781 BE

524 2864 527 2873 ·
855 2870 859 2880 ·
961 2814 1205 2899 SYSTEMATE
1231 2814 1444 2901 nurnine.

479 3169 484 3178 .
612 3118 777 3197 Quodnam
799 3125 841 3178 cet
861 3118 1028 3193 subjectum
1050 3115 1208 3179 doetrinae
1228 3115 1398 3179 omae?
1428 3114 1528 3178 Motus
1549 3117 1736 3198 planetarum
1760 3121 1877 3201 proprii,

401 3214 403 3218 ’
523 3222 598 3283 quoe
619 3214 717 3266 motus
738 3206 884 3267 secundos
907 3204 1100 3283 appellemur,
1125 3213 1154 3265 et
1175 3204 1321 3282 planetes,
1343 3203 1475 3267 seeundo
1496 3206 1627 3268 mobilia„

615 3296 682 3372 Quo
703 3304 838 3370 respectu
861 3294 935 3354 dicio
956 3300 1057 3352 morer
1076 3294 1278 3368 planetarum
1299 3293 1465 3369 proprior?
1501 3297 1527 3353 i.
1551 3293 1630 3371 Quin
1652 3297 1818 3356 eommunh
1833 3295 1880 3356 ilie

523 3389 582 3440 iern
604 3381 786 3458 planetarum
814 3400 903 3460 qnam
926 3380 1049 3440 fixarum
1071 3379 1205 3457 adeoque
1228 3382 1317 3440 totius
1339 3378 1439 3440 mundi
1462 3386 1560 3441 moine
1582 3399 1729 3459 apperens
1753 3383 1880 3450 diurnus.

522 3469 557 3527 de
582 3486 640 3544 quo
665 3469 796 3530 doctrine
818 3471 981 3548 sphaerico,
1005 3468 1043 3527 eb
1068 3474 1133 3526 ortu
1156 3467 1273 3544 quidem
1297 3471 1326 3525 in
1342 3469 1607 3529 oceeeumtendere
1626 3469 1754 3546 videtur,
1778 3472 1881 3550 plene·

523 3565 618 3615 rerum
641 3573 710 3616 vero
733 3558 913 3635 singulorum
935 3554 1043 3632 singuli
1062 3565 1158 3615 nrotrre
1181 3553 1269 3631 longe
1292 3554 1433 3615 tardiores
1456 3558 1485 3613 in
1501 3559 1688 3630 eontrarium,
1710 3559 1752 3617 ab
1777 3575 1880 3619 oewrr

523 3646 551 3703 in
576 3652 669 3703 ortum
693 3644 830 3705 tendunt:
863 3648 963 3722 itaque
987 3649 1096 3702 eertum
1121 3650 1181 3718 eet,
1211 3643 1265 3702 hoe
1289 3645 1326 3703 eb
1350 3643 1400 3702 iilo
1424 3648 1570 3704 communi
1593 3652 1674 3704 nrotn
1697 3645 1821 3720 mundi,
1845 3645 1879 3705 de

524 3748 582 3807 quo
606 3731 747 3792 haetenus
769 3737 892 3808 egimus,
917 3729 1081 3807 dependere
1104 3747 1162 3788 non
1186 3748 1285 3807 posse,
1308 3729 1360 3791 eed
1383 3730 1509 3807 planetis
1533 3734 1603 3810 ipeie
1626 3732 1832 3794 attribuendoe
1853 3741 1881 3792 et

521 3822 564 3879 eie
585 3818 767 3896 planetarum
791 3824 819 3878 in
841 3837 949 3897 genere
972 3820 1106 3895 proprior
1129 3835 1203 3880 esee.

610 3910 638 3964 ⁶2.
663 3908 726 3967 Etsi
748 3926 819 3968 vero
843 3911 871 3967 in
895 3907 940 3966 hie
963 3906 1092 3965 motibus
1107 3908 1232 3982 propriis
1256 3906 1436 3982 singulorum
1452 3905 1490 3966 ob
1514 3923 1621 3967 oeeeerr
1639 3908 1668 3965 in
1693 3917 1792 3968 ortum
1807 3910 1881 3969 rnen

521 3995 680 4053 etiamnum
703 4011 856 4055 commune
879 3992 1001 4071 aliquid,
1024 4010 1082 4052 non
1105 3993 1240 4052 diurnum
1264 3991 1315 4053 red
1338 4010 1484 4068 annuum,
1514 3992 1593 4070 quod
1616 3993 1816 4056 adventitium
1838 4009 1881 4056 eor

521 4088 551 4139 et
573 4101 591 4140 o
615 4084 680 4141 visu
702 4083 766 4142 solo
788 4093 902 4160 praeter
929 4083 1022 4157 ipsius
1051 4083 1092 4140 rei
1116 4083 1268 4141 veritatem
1292 4097 1410 4140 cerream
1434 4081 1539 4156 trehit3
1571 4080 1711 4159 qnodque
1731 4083 1878 4144 interdum

520 4167 655 4243 planetas
684 4171 713 4226 in
743 4180 824 4229 nroru
852 4186 906 4229 erro
937 4169 1054 4245 proprio
1084 4168 1266 4228 retrocedere
1294 4168 1365 4228 iecit
1393 4167 1430 4227 ed
1458 4172 1600 4246 speeiem,
1635 4171 1673 4229 ab
1697 4177 1764 4230 ortu
1788 4189 1828 4234 ee
1852 4173 1879 4228 in

521 4270 673 4329 oceasum,
697 4260 767 4333 quia
789 4264 887 4317 tomen
911 4256 967 4315 hoe
982 4271 1134 4315 conrnune
1158 4259 1186 4314 in
1203 4254 1383 4333 singulorum
1407 4255 1521 4315 illorum
1538 4258 1725 4334 planetarum
1748 4257 1881 4337 ninguine

520 4340 656 4417 periodos
686 4344 726 4402 ite
749 4344 914 4423 impiicatur
937 4345 1073 4420 varieque
1097 4344 1332 4418 transformetur,
1362 4350 1395 4402 ut
1425 4346 1518 4420 primo
1542 4346 1648 4406 intuitu
1672 4343 1801 4405 dieoerni
1823 4362 1880 4406 non

519 4431 621 4503 poerit,
646 4430 785 4505 quidnam
809 4432 944 4491 omnibus
960 4448 1122 4506 commune,
1148 4430 1334 4509 quidouique
1349 4434 1508 4508 proprium,
1534 4431 1600 4493 ideo
1623 4439 1704 4492 totus
1721 4432 1774 4495 ilie
1796 4449 1879 4494 eon·

519 4517 633 4591 positus
656 4520 799 4595 cujusque
830 4520 968 4596 planetae
991 4528 1102 4593 motus,
1135 4529 1168 4579 ιιι
1198 4522 1223 4578 ie
1253 4522 1281 4579 in
1311 4518 1413 4579 oculor
1436 4522 1572 4593 incurrit,
1605 4518 1712 4580 dieitur
1740 4523 1832 4582 etiem
1852 4523 1880 4580 in

521 4606 618 4679 rpeeie
640 4610 773 4683 proprius
797 4606 876 4666 illius
899 4606 1052 4684 planetoe3
1086 4609 1255 4684 praesertim
1278 4624 1343 4666 eunr
1367 4623 1521 4668 commune
1545 4607 1617 4667 iliud
1640 4608 1802 4670 munorum
1823 4625 1879 4668 non

521 4691 559 4748 ob
583 4690 632 4750 iilo
656 4697 801 4753 eornnruni
824 4702 905 4754 motu
923 4697 1017 4772 prirno
1039 4698 1131 4754 totius
1153 4694 1262 4768 mundi,
1286 4693 1337 4754 eed
1361 4714 1380 4754 o
1402 4698 1521 4772 proprio
1536 4701 1616 4755 motu
1641 4696 1729 4757 unius
1743 4695 1880 4775 planem

521 4779 662 4855 originem
685 4780 803 4842 hebeat.

612 4867 784 4943 Quorsum
804 4876 908 4945 parter
929 4868 1084 4927 doetrinae
1107 4868 1279 4929 theoricae?
1300 4868 1586 4948 Snproiibroprimo
1609 4869 1658 4930 iol.
1690 4870 1762 4932 126.
1786 4870 1880 4930 dirim

521 4959 565 5011 eet
592 4961 655 5013 tota
686 4955 818 5015 doctrine
847 4957 875 5012 in
906 4965 1003 5032 parrer
1036 4965 1092 5014 ires
1124 4958 1270 5033 proprias:
1302 4958 1424 5033 primenr
1453 4956 1490 5016 de
1512 4959 1678 5036 principiis,
1712 4974 1749 5018 ex
1774 4959 1878 5036 quibu

520 5046 616 5099 nrotrre
640 5042 783 5101 eeerrndoe
808 5043 985 5120 Copernierre
1009 5042 1186 5103 demonsiret
1214 5043 1347 5124 (materie
1375 5045 1441 5104 libri
1466 5045 1548 5118 IV),
1578 5044 1739 5105 secundem
1772 5045 1809 5107 de
1835 5048 1878 5104 in·

520 5130 686 5188 strumentis
716 5132 890 5203 rnnnrreriis,
923 5131 1030 5206 quibus
1059 5131 1088 5189 hi
1122 5141 1217 5190 nrotus
1248 5133 1442 5208 snbjiciuntur
1471 5132 1581 5208 oeulis,
1613 5132 1675 5193 seii.
1701 5132 1737 5195 de
1762 5133 1877 5195 orbibor

520 5217 688 5275 eceeniricie
710 5227 739 5276 et
762 5217 906 5277 similibus
928 5218 1061 5298 (materie
1084 5218 1149 5278 libri
1174 5216 1238 5298 V.),
1271 5223 1384 5281 tertiam
1408 5219 1444 5281 de
1474 5223 1547 5298 ipris
1569 5220 1753 5299 singulorum
1776 5221 1876 5301 plue·
