4459 6275
897 779 982 839 Liber
998 779 1117 839 Terties
1152 780 1221 839 Pars
1238 780 1338 839 Prima.
1371 810 1374 814 ι
1407 840 1412 847 ,
1733 786 1797 851 m

435 965 570 1021 avator
591 960 771 1021 constitutus
793 965 823 1019 et
845 975 913 1018 cum
933 957 1086 1019 horizonte
1107 975 1164 1020 suo
1188 958 1298 1019 visibili
1320 974 1489 1033 corrosus,
1512 957 1629 1021 coelum
1651 960 1800 1027 stridere

435 1049 461 1105 in
494 1064 532 1107 eo
561 1045 725 1109 immobilia
755 1052 840 1123 putet
868 1046 1012 1122 vertigine
1042 1053 1177 1122 correpta
1207 1047 1285 1107 circa
1307 1045 1429 1107 limbum
1452 1053 1616 1108 extremum
1638 1047 1799 1111 horizontis

436 1133 561 1194 risibilis
584 1135 734 1194 circumire
750 1134 924 1208 interimque
947 1140 1010 1192 toto
1025 1134 1149 1195 circuitu
1171 1130 1326 1204 avertice,
1349 1141 1451 1211 utpote
1466 1135 1496 1191 in
1512 1151 1571 1210 quo
1594 1134 1681 1211 polus
1696 1134 1798 1197 mnrtdi

434 1228 485 1295 est,
508 1219 674 1297 acqualiter
695 1237 809 1297 semper
832 1218 949 1293 distare,
972 1222 1016 1279 sic
1038 1226 1072 1279 nt
1085 1218 1175 1280 stella
1196 1219 1279 1279 nulla
1301 1222 1330 1279 in
1345 1221 1435 1297 plaga
1454 1219 1507 1281 liat
1522 1221 1611 1283 altior
1633 1221 1682 1281 vel
1699 1222 1798 1283 humi·

433 1307 488 1369 lior
510 1325 545 1369 se
561 1309 635 1384 ipsa.
680 1307 822 1368 Eoostra
845 1323 946 1367 omnes
961 1302 1066 1382 reliqui
1091 1306 1223 1368 visibiles
1239 1308 1407 1368 horizontes
1430 1309 1460 1364 in
1475 1308 1632 1385 superlicio
1653 1309 1799 1386 sphaerae

434 1410 596 1471 torumque
619 1401 733 1468 canus,
757 1391 836 1455 oculi
858 1402 1064 1470 spectatorum,
1088 1402 1157 1453 sunt
1179 1396 1257 1454 circa
1278 1412 1364 1457 asom
1386 1394 1515 1455 Telluris
1536 1394 1663 1457 mobiles
1685 1398 1716 1455 in
1739 1398 1798 1459 cir-

435 1481 511 1543 tulis
534 1481 644 1545 Terrae
666 1483 779 1558 parvis,
808 1483 924 1561 magnis
946 1479 994 1541 vel
1017 1483 1154 1555 maximo,
1177 1491 1264 1556 prout
1285 1480 1354 1543 loca
1376 1499 1479 1558 parum
1503 1480 1552 1543 rel
1573 1484 1668 1559 magis
1690 1483 1729 1547 ab
1752 1482 1799 1547 ul·

433 1575 543 1633 moue
566 1568 710 1647 polorum,
734 1566 782 1629 sel
804 1567 966 1644 aequaliter
988 1567 1027 1628 ab
1042 1575 1167 1644 utroque
1191 1566 1356 1629 distiterint.
1402 1566 1550 1631 Locorum
1572 1576 1672 1639 antem
1687 1568 1797 1635 Terrae
1861 1614 1866 1625 ,

434 1658 676 1719 αἰοιιιιιαοηιω
707 1656 831 1716 vertices
858 1656 948 1743 etiam
978 1655 1033 1715 sub
1063 1654 1207 1715 immobili
1237 1655 1362 1716 lixarum
1390 1656 1518 1732 sphaera
1551 1659 1797 1733 circumaguntur,

433 1743 615 1820 usuruqm
637 1740 741 1817 stellis,
765 1759 817 1819 per
840 1758 915 1818 quas
936 1743 1141 1815 seminarant,
1165 1744 1287 1803 veniunt
1308 1744 1339 1799 in
1356 1742 1464 1821 ,stollas
1487 1743 1573 1818 elias,
1595 1743 1665 1803 aliis
1685 1760 1796 1821 appro-

431 1834 585 1909 pinquant,
608 1832 740 1891 cominus
762 1827 811 1890 vel
834 1830 947 1891 eminus
968 1836 1197 1907 praetereuntes.
1244 1827 1342 1906 Quare
1365 1847 1417 1906 per
1439 1847 1484 1903 ea,
1508 1845 1586 1907 qnae
1608 1832 1702 1907 primo
1717 1830 1793 1891 libro

433 1926 503 1981 sont
534 1935 573 1979 ex
590 1918 701 1995 'upticis
723 1915 831 1984 allata.
863 1915 968 1976 stellas
994 1918 1076 1992 ipsae
1099 1934 1177 1976 nunc
1200 1918 1229 1974 in
1253 1918 1392 1989 verticem
1415 1916 1560 1991 incidere,
1587 1932 1666 1977 nunc
1687 1932 1706 1979 a
1730 1934 1798 1976 ver-

434 2007 490 2068 lice
513 2002 643 2067 munna
660 2020 833 2080 rursumque
864 2002 957 2064 eidem
984 2004 1220 2081 appropinquare
1252 2003 1444 2078 videbuntur3
1473 2013 1503 2083 et
1531 2022 1585 2082 per
1615 2019 1797 2080 consequens

434 2094 524 2155 ethm
546 2093 585 2153 sb
607 2090 760 2152 horizonte
781 2090 918 2150 rationali
946 2090 1068 2170 (quippe
1098 2092 1151 2167 qni
1173 2089 1302 2167 undique
1325 2091 1488 2167 quadrante
1512 2099 1541 2150 et
1569 2092 1613 2150 sio
1635 2088 1798 2168 aequaliter
1925 2094 1928 2099 '

433 2181 519 2243 abasi
533 2197 553 2240 a
568 2174 688 2258 vertice)
710 2181 806 2237 miuus
827 2179 960 2254 magisne
975 2177 1093 2250 distare,
1117 2177 1174 2239 boe
1196 2186 1242 2238 est
1256 2178 1428 2241 humiliores
1443 2178 1603 2239 altioreavo
1616 2177 1678 2237 fieri
1695 2192 1799 2237 oense·

433 2267 553 2331 buntur.
599 2267 697 2343 Atque
719 2265 777 2328 boo
800 2266 991 2326 communiter
1013 2267 1113 2326 evenit
1136 2272 1196 2325 tam
1218 2265 1354 2343 sphaeris
1375 2265 1506 2341 obliquis
1526 2267 1680 2341 utriusque
1703 2263 1798 2325 hemi·
1891 2298 1896 2313 ·

433 2354 573 2433 sphaerii,
597 2371 687 2429 quam
709 2352 852 2428 sphaerae
873 2359 980 2426 rectae,
1004 2354 1133 2415 omnium
1154 2351 1279 2412 mediae.
1625 2358 1629 2367 '

520 2444 550 2501 2.
575 2440 713 2501 Ediuere
728 2442 904 2499 venustem
918 2440 1096 2515 properam,
1119 2442 1154 2499 isa
1169 2457 1246 2515 quus
1261 2432 1403 2499 videntur
1417 2442 1462 2497 ire
1474 2437 1584 2499 sideru.
1609 2436 1684 2497 Cum
1699 2439 1800 2497 omni-

433 2530 489 2591 bns
504 2530 624 2589 omnino
634 2527 811 2599 homiuibus,
826 2528 891 2587 siro
903 2527 932 2584 in
948 2528 1148 2604 septentrione
1159 2525 1355 2598 versantibus,
1370 2527 1475 2585 sivein
1490 2518 1600 2599 ausus,
1617 2523 1719 2585 dextra
1730 2542 1795 2585 ma·

433 2634 489 2677 nus
504 2613 610 2677 eadem
624 2621 775 2692 reputetur
789 2622 819 2675 ot
828 2615 946 2673 sinistra
960 2613 1073 2688 eadem,
1086 2613 1142 2677 ¹illa
1153 2612 1274 2686 scilicet,
1292 2628 1393 2673 remus
1409 2629 1499 2687 quam
1513 2614 1588 2673 situs
1598 2609 1695 2671 cordis
1708 2629 1794 2689 spec-

433 2711 487 2778 tat,
511 2701 589 2763 uude
604 2703 730 2776 sinistm
753 2702 862 2779 qnippe
885 2699 1044 2763 cohaerens
1066 2702 1187 2778 propius
1201 2699 1274 2760 fonti
1290 2706 1387 2757 motus
1409 2701 1469 2777 (cui
1483 2699 1568 2775 quies
1585 2693 1741 2778 competit)
1766 2705 1795 2759 et

433 2792 478 2853 sie
499 2785 588 2868 quari
602 2791 633 2848 iu
654 2795 811 2865 angustum
826 2786 952 2863 redacta,
975 2790 1071 2848 minus
1093 2787 1256 2851 admotum
1272 2784 1442 2862 depromta,
1466 2784 1577 2860 dextra,
1601 2784 1685 2846 velut
1697 2801 1804 2844 remo-.

434 2881 492 2945 lior
506 2895 526 2938 a
540 2884 637 2937 motus
659 2868 750 2948 io'nte‚
774 2875 936 2952 expeditior
957 2884 1003 2936 est
1025 2883 1055 2938 et
1075 2874 1113 2937 ad
1136 2873 1221 2951 plura
1243 2875 1343 2935 munia
1358 2880 1438 2950 epta,
1461 2875 1570 2957 qnippe
1585 2888 1662 2949 quae
1685 2872 1795 2933 etlou-

434 2968 501 3045 gius
513 2983 533 3027 a
544 2962 631 3027 eorde
642 2962 822 3041 pretenditur
835 2965 1068 3040 spatiosioreque
1078 2969 1182 3038 regnat
1192 2963 1319 3022 ambitu:
1336 2960 1404 3021 hino
1416 2963 1545 3020 nascitur
1555 2960 1684 3041 humano
1695 2962 1796 3037 generi

434 3053 597 3133 praecipua
617 3051 764 3128 planeque
793 3049 1007 3109 notabilissima
1035 3057 1065 3109 et
1094 3044 1322 3127 popularissimis
1344 3048 1493 3107 distinctio
1515 3045 1796 3123 hemisphaeriorum

434 3138 673 3220 septentrionalis
695 3147 725 3200 et
752 3135 898 3200 australis.
943 3136 1035 3199 Nobis
1064 3140 1141 3198 enim
1169 3139 1200 3195 in
1224 3138 1422 3214 septentrione
1444 3152 1496 3212 per
1518 3151 1621 3195 omnes
1650 3133 1794 3210 sphaerae

437 3231 554 3308 positus
578 3228 767 3302 omniumque
789 3227 915 3286 maxime
938 3225 966 3284 in
989 3221 1279 3302 sphaera'parallela
1293 3230 1390 3284 motus
1412 3222 1542 3284 siderum
1564 3221 1755 3298 quotidianus
1777 3241 1796 3282 a

435 3318 557 3377 sinistra
581 3330 682 3376 uersus
705 3311 835 3374 damam
858 3310 977 3374 tendere
1004 3312 1136 3384 videtur,
1169 3313 1204 3371 iis
1234 3328 1320 3384 sero,
1359 3312 1409 3387 qui
1437 3312 1558 3370 suntin
1581 3308 1795 3385 hemisphaerio

437 3402 571 3474 murti,
596 3402 741 3462 sonnatio
763 3398 852 3460 modo
874 3417 893 3459 a
915 3397 1024 3459 dextris
1046 3397 1083 3458 ad
1106 3400 1257 3474 sinistrant
1280 3397 1421 3474 uuodiis,
1445 3399 1661 3473 qui'transeunt
1676 3413 1695 3458 a
1710 3396 1795 3460 nobis

436 3499 516 3552 usus
539 3490 650 3550 lineam
679 3489 709 3548 in
732 3503 873 3552 occuitum
897 3486 1070 3560 australem,
1099 3502 1231 3547 summae
1254 3485 1457 3547 admirationis
1480 3492 1683 3559 argumentum
1710 3485 1796 3560 parit,

435 3579 545 3657 qnippe
577 3578 618 3636 iis
644 3592 704 3638 non
732 3582 766 3636 ut
796 3573 881 3653 polus
904 3582 1004 3634 noster
1025 3574 1095 3650 polo
1118 3572 1255 3648 australi,
1285 3574 1329 3634 sic
1352 3574 1441 3632 etiam
1464 3570 1567 3632 dextra
1588 3587 1655 3631 curn
1677 3571 1797 3630 sinistra

435 3669 627 3745 pmmutatnr,
650 3679 705 3726 neo
727 3664 772 3735 iis,
795 3663 846 3737 qui
868 3668 937 3722 sunt
959 3663 987 3719 in
1011 3668 1111 3722 austro
1133 3664 1203 3733 neti,
1227 3678 1277 3722 cor
1299 3661 1473 3720 contrariam
1496 3658 1582 3717 nobis
1604 3656 1706 3742 sedem
1728 3673 1795 3716 cor·

437 3754 521 3831 poris
544 3759 683 3829 occupat,
716 3755 888 3827 argumento
910 3751 1038 3808 maximo
1061 3750 1216 3826 propagati
1245 3750 1396 3823 utriusque
1424 3748 1521 3822 gentis
1551 3745 1589 3804 ab
1615 3762 1674 3804 nna
1695 3745 1794 3821 stirpe.
1920 3815 1924 3829 Ι

435 3840 503 3904 lion
526 3839 654 3900 maxine
675 3838 780 3897 mnam
801 3836 892 3896 luisse
912 3834 1018 3911 legatis
1040 3837 1117 3911 regis
1137 3835 1339 3912 Taprobanae,
1364 3832 1477 3893 insulae
1499 3829 1646 3904 australis,
1670 3830 1796 3890 Romam

437 3926 635 3999 vmunubua,
657 3924 744 3985 refert
765 3922 889 3997 Plinius,
912 3923 1023 3984 scilicet
1046 3924 1164 3984 umbras
1187 3939 1257 3982 susa
1278 3923 1308 3979 in
1331 3928 1462 3981 nostrum
1486 3919 1600 3980 eoelum
1625 3916 1730 3978 cadere
1753 3914 1794 3996 (in

436 4009 679 4094 septentrionem)
700 4027 759 4070 non
782 4013 811 4069 in
835 4027 920 4070 suum
943 4006 989 4091 (in
1006 4005 1148 4088 anstrum)
1171 4007 1328 4083 Solemque
1351 4026 1371 4066 a
1385 4006 1473 4066 laeva
1494 4006 1593 4083 potins
1610 4005 1678 4062 oriri
1700 4002 1796 4082 (vultu

435 4103 475 4174 sd
498 4104 554 4162 iter
569 4099 647 4162 Solis
670 4094 777 4179 verso),
800 4105 833 4158 at
846 4099 877 4156 in
893 4095 1024 4157 dextram
1041 4095 1182 4171 occidere,
1206 4112 1294 4171 quam
1310 4093 1467 4154 ediverso.
1501 4091 1576 4152 Nem
1593 4092 1637 4163 iis,
1662 4091 1711 4166 qni
1728 4101 1796 4148 sunt

436 4192 466 4250 in
488 4197 601 4261 amno,
625 4194 748 4246 tractum
771 4186 938 4261 aequatoris
957 4183 1178 4261 ecliptieaeque
1202 4184 1252 4258 qui
1269 4200 1357 4259 supra
1373 4181 1494 4240 Terram
1510 4185 1563 4252 est,
1586 4177 1796 4253 spectantibus,

435 4280 523 4355 signa
545 4283 703 4353 partesque
725 4272 899 4334 creatorum
923 4270 1026 4334 eodem
1049 4270 1169 4348 quidem
1192 4271 1267 4330 inter
1289 4287 1321 4330 so
1337 4266 1447 4342 ordine,
1472 4282 1530 4342 quo
1553 4282 1643 4341 penes
1657 4281 1720 4340 nos,
1744 4261 1796 4324 sed

434 4371 575 4443 respectu
596 4362 688 4423 nostri
710 4362 839 4437 corporis
861 4377 881 4421 a
903 4358 1010 4420 dextris
1033 4361 1109 4433 oriri,
1135 4357 1172 4419 ad
1194 4359 1326 4417 sinistras
1350 4353 1525 4416 descendere
1548 4351 1693 4413 videntur.

466 4477 469 4482 ¹
528 4449 664 4510 Nullane
686 4450 787 4522 major·
808 4448 856 4507 bio
877 4450 1010 4508 vanem·
1032 4445 1186 4506 occurrit?
1208 4445 1271 4506 luto
1294 4451 1323 4504 et
1344 4444 1401 4504 lroc
1424 4439 1562 4514 notabile,
1586 4438 1675 4516 quod
1689 4440 1717 4496 in
1740 4456 1797 4515 pa·

437 4536 550 4602 radetis
572 4535 704 4613 sphaeris
731 4552 832 4596 omnes
855 4536 973 4596 omniuo
996 4532 1099 4596 stellae
1122 4531 1242 4612 plagam
1262 4531 1385 4594 eandem
1408 4531 1525 4607 ponitus
1555 4528 1728 4606 pertransire
1751 4526 1797 4585 vi·

437 4627 553 4698 dentur,
577 4624 649 4700 quia
671 4628 772 4681 vortex
795 4623 968 4699 spectatoris
991 4623 1021 4680 in
1045 4621 1145 4699 polum
1167 4622 1365 4682 conversionis
1387 4616 1506 4690 inciditq
1530 4616 1561 4674 in
1576 4614 1704 4692 obliquis
1728 4629 1797 4672 sero

437 4711 554 4786 stellae,
579 4726 655 4786 qnae
678 4707 801 4769 circulos
824 4716 1044 4786 repraesentant
1058 4711 1132 4768 inter
1154 4710 1292 4768 verticem
1316 4716 1345 4767 et
1366 4704 1469 4784 polum
1482 4701 1704 4776 circumductos,
1730 4698 1798 4760 illae

438 4803 520 4864 circs
552 4798 735 4858 horizontem
757 4795 875 4873 quidem
898 4794 928 4854 id
951 4797 1047 4872 ipsum
1068 4796 1193 4869 iaciunt,
1226 4804 1256 4855 ot
1278 4802 1434 4871 postquam
1457 4793 1488 4850 in
1508 4791 1686 4868 superiorem
1708 4788 1798 4847 semi·

440 4886 585 4950 cuculum
609 4885 750 4957 venerint,
774 4881 904 4945 tendere'
917 4880 1052 4944 videntur
1071 4884 1100 4942 in
1123 4881 1241 4959 plagam
1257 4882 1442 4952 contrariam,
1458 4878 1540 4958 quia·
1556 4877 1681 4938 circulus
1704 4892 1798 4952 appa·

438 4977 532 5038 rsutls
555 4989 656 5034 sarum
679 4981 776 5032 motus
800 4977 880 5030 totus
903 4986 939 5031 ex
961 4986 1021 5030 nna
1044 4971 1160 5030 verticis
1181 4968 1270 5045 plaga
1292 4975 1361 5042 stat,
1385 4966 1448 5042 ejus
1472 4966 1560 5042 igitur
1575 4973 1680 5044 ,partes
1703 4977 1799 5040 oppo-

439 5064 516 5124 sitae
540 5068 638 5122 motus
661 5061 750 5120 etlam
772 5059 977 5132 nanciscuntur
1000 5058 1161 5117 bonuarios
1184 5055 1223 5116 ad
1238 5056 1341 5116 visum.
1377 5054 1513 5130 Denique
1528 5054 1558 5112 in
1580 5050 1705 5128 sphaera
1720 5055 1800 5108 recta

439 5149 539 5212 ndns
554 5150 654 5210 omnia
675 5148 814 5225 inprime
837 5152 939 5208 exortu
955 5152 1078 5223 surgunt
1100 5152 1189 5219 reeta,
1210 5144 1243 5202 in
1258 5151 1390 5206 neutram
1410 5159 1529 5202 uranum
1553 5138 1798 5210 inclinamenta,

441 5247 474 5301 at
495 5243 655 5318 portorum
685 5237 715 5298 in
737 5234 867 5313 aliquam
889 5234 972 5298 enisa
992 5232 1100 5301 luerint
1122 5230 1328 5320 altitudinum,¹
1352 5228 1418 5306 sols
1439 5227 1506 5320 ills,
1534 5243 1610 5324 quae
1632 5226 1664 5286 in
1685 5218 1799 5324 aequa*
