4459 6275
456 784 519 847 542
901 778 934 837 ln
951 778 1098 849 aplanen
1115 778 1204 837 uotae
1222 778 1353 837 Editoria.

454 954 557 1013 Arietis
575 955 730 1026 eclipticum
749 960 848 1023 stante,
866 960 1044 1011 numerantur
1059 954 1087 1010 ln
1105 952 1220 1023 singuiis
1237 953 1409 1024 planetarum
1426 954 1536 1013 dmuiia
1554 956 1608 1013 aab
1626 954 1691 1013 iixit
1708 972 1759 1015 aua
1771 958 1800 1015 te

453 1036 531 1105 signa
549 1049 598 1090 teu
616 1034 668 1091 300
685 1033 794 1104 gratim,
812 1050 866 1089 non
883 1033 972 1089 minus
989 1048 1071 1103 quam
1087 1034 1117 1089 in
1134 1033 1269 1103 ecliptica

557 1113 619 1168 Jam
637 1128 697 1167 cum
715 1110 828 1165 liberum
846 1112 890 1179 sit,
907 1114 935 1167 iu
954 1112 1153 1169 constituendis
1171 1113 1282 1183 epochis
1301 1114 1422 1169 omnium
1433 1112 1526 1184 primis
1538 1114 1582 1169 rel
1595 1130 1683 1171 unum
1694 1114 1800 1171 etidem

452 1199 596 1262 punctum,
619 1199 687 1261 puta
708 1190 870 1261 principium
891 1192 1006 1264 Arietis,
1032 1192 1157 1247 omnibns
1179 1192 1330 1261 praelixam
1352 1192 1483 1262 motibus,
1506 1194 1649 1263 applicare
1671 1196 1802 1251 distmaia

451 1268 634 1340 tenporibus,
660 1267 758 1339 quibus
783 1268 883 1336 singuli
906 1269 934 1324 in
956 1270 985 1325 id
1005 1270 1130 1327 incidunt
1146 1278 1223 1325 motu
1240 1270 1341 1339 medio,
1366 1271 1409 1326 cel
1426 1287 1510 1325 uuum
1528 1271 1659 1341 idemque
1676 1278 1802 1345 temporis

451 1345 613 1420 principium
631 1346 733 1415 ehgere
750 1354 779 1403 et
795 1348 824 1403 in
842 1364 874 1404 eo
892 1348 1022 1405 distmcta
1040 1347 1135 1405 circuli
1152 1347 1221 1415 loca,
1240 1362 1319 1403 snam
1331 1362 1370 1403 sc.
1382 1349 1480 1417 cuique
1492 1349 1632 1419 planetae,
1650 1352 1802 1421 assignare:

451 1425 582 1496 temporis
605 1424 713 1495 quidem
736 1426 906 1483 identitatem
925 1434 1032 1483 veteres
1055 1441 1106 1496 pto
1130 1425 1243 1481 arbitrio
1266 1426 1383 1494 quisque
1405 1442 1455 1484 suo
1473 1428 1631 1498 elegerunt,
1658 1444 1703 1483 me
1719 1432 1802 1501 prins

451 1504 569 1561 omnium
593 1504 621 1559 in
643 1504 810 1561 astronomia
834 1522 898 1561 cura
916 1505 1051 1572 exercuit,
1080 1504 1103 1560 si
1120 1519 1230 1574 possem
1248 1503 1419 1559 identitatem
1437 1506 1565 1576 principii
1581 1506 1728 1566 circularis
1744 1526 1801 1565 cnm

449 1584 593 1641 identitate
615 1582 745 1653 temporis
768 1583 941 1653 conjungere.
984 1586 1050 1641 cum
1074 1599 1139 1639 raro
1163 1583 1297 1655 riderem,
1324 1584 1381 1640 tale
1407 1583 1570 1654 principium
1597 1584 1674 1641 ultra
1699 1602 1801 1643 omnen

386 1720 388 1725 ,
450 1662 544 1720 mundi
566 1668 684 1719 aetatem
708 1661 873 1733 longissimis
895 1678 1074 1720 excursuram
1092 1665 1203 1733 spatiis,
1227 1663 1340 1719 dimissa
1358 1664 1410 1720 hac
1426 1664 1517 1719 inutili
1534 1680 1616 1727 cura.
1638 1664 1801 1735 reliquorum

450 1742 582 1799 artiiicnm
601 1748 626 1796 ct
643 1744 672 1797 in
690 1743 723 1797 iia
735 1743 873 1813 Tychonis
884 1742 983 1798 lirahei
1001 1742 1174 1812 potissimum
1192 1742 1227 1797 ad
1244 1758 1347 1798 morem
1365 1759 1406 1797 me
1423 1744 1573 1813 composui.
1590 1744 1668 1813 qnod
1678 1746 1800 1815 equidem

450 1822 476 1885 in
494 1820 538 1875 his
557 1820 670 1877 Tabulis
684 1820 748 1889 jure
766 1821 846 1885 lilius,
865 1828 897 1877 ut
913 1820 991 1892 primi
1008 1822 1138 1889 auctoris,
1157 1837 1264 1876 summo
1281 1820 1382 1877 iecisse
1400 1823 1505 1879 centeri
1521 1822 1621 1879 debeo.

552 1898 687 1955 Exhibuit
704 1900 751 1954 iile
770 1900 889 1970 epochen
907 1901 941 1971 Θ
959 1908 987 1955 et
1011 1906 1035 1969 Ι)
1058 1901 1211 1971 (Progymn.
1231 1901 1309 1957 Tom.
1328 1900 1540 1970 1.)primumin
1559 1916 1625 1957 aera
1640 1900 1800 1957 incarnatio·

450 1980 493 2035 nis
511 1986 539 2035 et
557 1978 644 2035 iorma
662 1980 726 2035 anni
743 1978 852 2035 iuliane
869 1978 967 2047 teteri3
986 1979 1107 2035 secundo
1126 1979 1161 2034 ad
1179 1995 1310 2048 annqrum
1328 1980 1466 2035 centurias
1483 1987 1604 2049 quatuor
1622 1980 1705 2035 etad
1724 1982 1799 2036 unius

448 2073 535 2113 annos
553 2057 683 2127 singulos,
702 2066 853 2115 ceterarum
872 2056 987 2126 ricinos,
1006 2057 1087 2112 tertio
1107 2056 1284 2112 meridianum
1303 2055 1335 2111 iis
1354 2057 1482 2127 praefixit
1498 2058 1606 2115 insulae
1625 2060 1800 2115 liuennaein

448 2136 518 2193 ireto
537 2137 671 2193 Cimbrico
692 2137 817 2207 arcisque
840 2137 869 2193 iu
893 2152 926 2191 ea
942 2135 1119 2205 Uraniburgi;
1146 2142 1244 2204 quarto
1265 2135 1360 2191 horam
1383 2138 1417 2191 iis
1442 2138 1601 2207 praestituit
1619 2138 1799 2199 meridianam.

450 2229 521 2285 qnae
539 2222 602 2284 post
620 2232 720 2271 annum
739 2214 860 2286 epochae
878 2213 1042 2283 completum
1067 2222 1095 2270 et
1112 2221 1239 2269 exactum
1256 2214 1284 2268 iu
1302 2214 1414 2269 meridie
1431 2216 1556 2285 proxime
1573 2216 1697 2274 ineuntis
1717 2222 1741 2275 t.
1758 2220 1800 2275 ia·

450 2297 538 2353 nuntii
557 2294 688 2365 sequitur.
724 2294 820 2351 Omnia
837 2301 956 2365 quatuor
973 2294 1063 2363 capita
1081 2293 1110 2347 in
1127 2292 1172 2350 his
1190 2292 1291 2349 tabulis
1309 2294 1431 2351 imitatus
1449 2311 1516 2351 aum.

552 2390 574 2445 1.
597 2391 706 2447 Annum
724 2408 751 2447 n.
770 2390 909 2447 lulianum
926 2395 1046 2445 veterem
1066 2390 1100 2444 ab
1119 2391 1174 2445 Ine.
1193 2405 1258 2445 aera
1275 2398 1447 2447 numeratum
1464 2392 1570 2460 etipse
1591 2392 1708 2461 retinui,
1734 2402 1799 2449 cete

446 2492 490 2532 tae
509 2484 660 2545 temporum
678 2470 862 2527 ordinationes
880 2470 1021 2539 ipsamque
1040 2470 1108 2524 adeo
1127 2470 1328 2537 Gregorianam,
1349 2468 1411 2523 nori
1430 2468 1484 2523 Cal.
1499 2468 1616 2537 dietam,
1642 2486 1718 2541 quae
1733 2488 1799 2529 nunc

445 2560 488 2609 est
511 2553 538 2609 in
561 2570 626 2624 usn,
650 2551 685 2609 ad
702 2550 838 2607 lulianam
856 2547 970 2604 formam
988 2548 1109 2617 ninguine
1127 2547 1259 2603 reducere
1278 2547 1369 2602 docui.
1405 2546 1441 2601 11.
1461 2547 1523 2601 Etsi
1541 2548 1620 2617 potui
1638 2556 1670 2605 ut
1688 2552 1718 2605 in
1735 2552 1796 2605 tira-

447 2649 506 2688 rnm
525 2633 650 2703 catalogo
669 2632 775 2701 epocha
793 2630 875 2685 unica
892 2634 1037 2682 contentus
1056 2641 1131 2693 esse,
1159 2634 1249 2680 tamen
1268 2625 1387 2696 epochas
1406 2634 1527 2681 motuum
1547 2628 1668 2681 ommium
1687 2630 1799 2687 exhibeo

446 2714 550 2783 etipse
569 2713 604 2768 ad
622 2710 793 2767 centenarios
810 2725 839 2779 p.
858 2705 919 2761 Chr.
939 2706 983 2774 21,
1003 2722 1028 2761 a.
1049 2706 1096 2760 Ch.
1118 2706 1164 2772 103
1187 2706 1238 2761 bas
1257 2707 1424 2775 praecedunt
1442 2706 1563 2773 epochae
1580 2706 1618 2761 nd
1636 2707 1798 2765 millenarios

446 2791 519 2847 solos
536 2806 623 2861 usque
640 2790 675 2845 ad
694 2804 794 2844 annum
813 2802 839 2842 a.
859 2784 909 2840 Ch.
926 2784 1010 2853 tooo,
1030 2784 1076 2855 qui
1094 2782 1192 2838 modus
1211 2794 1254 2838 est
1271 2785 1370 2840 aetatis
1388 2786 1541 2839 mundanae
1559 2785 1635 2855 apud
1654 2788 1798 2859 plenosque

445 2869 712 2941 chronographorum
730 2866 923 2922 hodiernorum
942 2864 1151 2932 assequiturque
1169 2864 1251 2918 situm
1269 2862 1387 2931 aliquem
1405 2861 1576 2930 planetarum
1595 2864 1625 2917 in
1638 2866 1698 2920 suis
1710 2882 1798 2923 emen·

445 2948 520 3003 tricis
539 2956 752 3004 consentaneum
769 2945 847 2999 initio
865 2952 1001 3011 motuum,
1026 2940 1094 2997 nulli
1116 2940 1163 2995 alii
1179 2956 1230 3011 per
1247 2940 1362 3010 plurima
1380 2938 1474 2995 secula
1492 2938 1623 3010 deinceps
1641 2957 1797 3013 comparan-

446 3026 518 3081 dunn
555 3027 641 3097 Spero
659 3032 758 3088 anaem,
776 3022 867 3079 oneris
885 3022 968 3091 hujus
987 3036 1134 3091 paucarum
1153 3019 1285 3075 linearum
1303 3019 1501 3088 superfluarum
1518 3034 1573 3071 non
1591 3028 1751 3087 pertaesum
1767 3024 1796 3077 ῑῃ·

445 3103 645 3174 edculmorem,
665 3103 689 3160 si
705 3102 811 3172 viderit,
828 3116 859 3158 se
876 3116 990 3176 peneus
1008 3116 1107 3170 magun
1124 3098 1217 3168 aliqua
1234 3095 1359 3155 molestia
1377 3095 1475 3152 calculi
1492 3094 1612 3151 liberari.
1649 3100 1695 3156 tt
1713 3116 1795 3156 unna

444 3199 508 3238 vero
527 3184 648 3253 singulos
666 3181 814 3239 centenarii
832 3181 912 3237 unius
931 3179 1046 3252 proximi
1065 3193 1264 3247 supervacuum
1284 3185 1344 3231 erat
1363 3176 1481 3246 epochae
1499 3177 1657 3232 exscribere
1676 3181 1794 3246 sennim,

442 3277 477 3316 ne
495 3278 544 3331 per
562 3261 668 3317 diversa
686 3259 781 3316 secula
805 3261 891 3328 maior
914 3260 1043 3316 existeret
1065 3256 1162 3311 caian
1187 3255 1391 3324 dissimilitudo,
1419 3254 1505 3323 quod.
1532 3255 1692 3326 ubicunque
1716 3261 1794 3326 potui.

444 3337 600 3406 fugiendum
622 3339 723 3394 censui.
764 3337 812 3392 ut.
843 3337 895 3393 Sed
923 3346 951 3391 et
977 3334 1152 3390 meridianum
1181 3333 1403 3404 ifrauibutgieum
1430 3343 1506 3388 tauto
1533 3333 1665 3391 libentius
1693 3339 1793 3404 retinui,

444 3427 544 3487 quanto
562 3417 717 3473 melioribus
736 3417 807 3472 notis
825 3417 849 3471 is
867 3432 950 3486 supra
968 3414 1032 3468 mihi
1051 3412 1101 3468 tuit
1121 3417 1331 3470 commendatus.
1370 3414 1415 3468 lt'.
1434 3413 1512 3481 Quod
1526 3413 1621 3466 horam
1639 3417 1749 3470 attirut.
1767 3433 1794 3468 ea

443 3497 566 3553 similiter
584 3495 742 3564 intelligitur
765 3496 913 3551 meridiana
939 3492 1088 3562 aequabilis
1113 3492 1166 3548 diei
1188 3498 1208 3548 t.
1226 3495 1287 3548 ian.
1307 3501 1362 3548 tam
1380 3499 1444 3545 ante
1469 3507 1550 3557 <quam
1568 3503 1631 3560 post
1652 3495 1793 3548 t'hrietuuz.

444 3577 495 3631 hoc
513 3584 602 3631 tamen
626 3575 786 3644 discrimine,
809 3575 881 3645 qnod
901 3581 964 3643 post
983 3573 1032 3627 Ch.
1051 3569 1159 3640 quidem
1178 3571 1241 3626 auni
1259 3579 1401 3625 sumuntur
1418 3587 1480 3624 sere
1503 3571 1650 3640 cooptat.
1679 3587 1710 3627 ut
1728 3575 1794 3644 apud

442 3655 612 3725 ‘lechonem
640 3656 678 3710 sic
705 3663 736 3709 ut
754 3655 798 3709 hic
819 3654 920 3723 primus
938 3651 1060 3706 ianuarii
1079 3648 1204 3703 meridies
1226 3649 1262 3703 sit
1284 3659 1361 3704 extra
1385 3659 1413 3702 et
1432 3649 1503 3702 ultra
1521 3650 1697 3718 complexum
1716 3653 1793 3708 illum

442 3737 608 3806 assignatum
628 3737 653 3791 in
674 3736 801 3804 margine,
820 3744 882 3787 ante
901 3733 1036 3788 Christum
1055 3745 1119 3783 vero
1137 3729 1200 3784 anni
1225 3727 1354 3794 assignati
1373 3726 1498 3792 marginis
1523 3743 1571 3794 per
1591 3729 1664 3784 hunc
1685 3731 1793 3798 primum

441 3817 563 3872 ianuarii
581 3815 718 3871 meridiem
742 3815 798 3882 jam
822 3815 990 3868 inchoantur.
1027 3809 1130 3864 Calculi
1148 3818 1237 3864 tamen
1256 3806 1475 3861 difficultushiue
1494 3807 1579 3860 oritur
1599 3808 1687 3862 nulia.
1725 3810 1793 3863 liaeo

441 3913 504 3952 vero
522 3895 556 3950 de
575 3896 627 3950 illis
646 3901 749 3949 tantum
769 3893 880 3962 epochis
898 3891 970 3946 dicta
989 3897 1078 3952 sunto,
1097 3889 1195 3957 quibus
1214 3888 1282 3942 horn
1300 3885 1375 3940 nulla
1391 3897 1433 3940 est
1451 3885 1584 3955 apposita.

546 3976 681 4043 Sequitur,
701 3981 731 4029 ut
749 3972 869 4028 dicamus
889 3971 969 4024 etium
988 3968 1020 4023 de
1039 3969 1141 4024 tabulis
1159 3975 1289 4021 motuum.
1327 3965 1404 4018 Prius
1424 3966 1493 4019 enim
1512 3965 1573 4020 loca
1593 3981 1724 4020 cursuum
1743 3967 1792 4020 stris

440 4054 648 4123 assignabantur
666 4052 815 4116 momentis,
834 4050 938 4104 termini
956 4049 1105 4117 spatiorum
1124 4045 1245 4101 termiuis
1264 4053 1426 4112 temporum
1442 4043 1498 4111 jam
1518 4055 1618 4102 rrtotus,
1637 4045 1665 4098 iti
1685 4055 1727 4098 est
1747 4047 1791 4098 eit·

439 4132 560 4187 culorum
579 4132 666 4200 spatia
684 4129 808 4184 coniecta
826 4129 882 4183 suis
900 4128 1073 4196 assignantur
1091 4127 1222 4180 tractibus
1241 4135 1397 4193 temporum.
1436 4123 1487 4178 Est
1510 4133 1601 4176 autem
1627 4123 1654 4176 in
1675 4140 1790 4191 unoquo·

441 4208 507 4264 libet
526 4210 636 4278 planeta
654 4207 747 4262 tahttla
766 4223 897 4261 aunttrum
917 4208 966 4260 100
985 4219 1175 4272 salsamentum,
1195 4219 1243 4272 pro
1261 4220 1306 4258 etr.
1332 4201 1404 4269 quod
1422 4201 1514 4270 Tp'eho
1533 4200 1647 4255 totitleut
1666 4219 1790 4256 annorum

439 4289 516 4345 nobis
535 4287 718 4358 proximorum
737 4286 859 4340 exhibuit
878 4285 996 4352 epochas
1015 4283 1166 4352 singulares
1189 4287 1327 4344 tProgymu.
1347 4285 1365 4332 1.
1385 4299 1410 4344 p.
1427 4286 1468 4334 57.
1489 4286 1561 4336 loir:
1588 4299 1659 4348 quos
1679 4299 1789 4350 sequun-

438 4374 482 4421 tur
500 4366 646 4420 centennrii
669 4368 744 4420 ittet
763 4362 903 4418 millenarii
924 4365 963 4417 tt.
999 4361 1030 4414 in
1049 4362 1099 4415 hac
1127 4360 1220 4415 tabula
1239 4358 1441 4413 dissimulantur
1463 4358 1555 4412 circuli
1580 4361 1670 4414 suncti
1698 4361 1787 4428 integri

438 4447 601 4514 poniturque
627 4445 752 4514 planetae
775 4451 863 4496 motus
891 4439 994 4494 medius
1018 4440 1044 4491 in
1073 4438 1204 4506 principio
1232 4453 1363 4491 annorum
1389 4436 1538 4491 sulcaturum
1571 4438 1600 4490 iu
1631 4453 1787 4506 qtttmunqat

437 4533 538 4592 puncto
556 4525 663 4586 circuli;
688 4525 715 4578 iu
734 4523 787 4578 hnc
810 4538 873 4574 tero
900 4518 1066 4588 singulorum
1085 4532 1226 4582 annuorum,
1245 4515 1286 4569 rel
1304 4515 1486 4570 cerituriarum
1510 4515 1552 4568 sel
1571 4517 1784 4571 millenariorum.

439 4601 606 4669 exprimitur,
626 4610 692 4670 quot
711 4601 803 4671 siguis.
821 4597 957 4668 gradibus,
977 4595 1111 4664 scrupulis
1130 4604 1158 4649 et
1176 4593 1301 4649 secttndis
1320 4601 1409 4647 motus
1430 4592 1475 4645 ille
1495 4595 1663 4661 superat-erit
1686 4595 1726 4646 tot
1746 4595 1784 4646 u*-

437 4679 504 4734 tium
524 4679 565 4732 rel
584 4679 764 4734 restitutiones
778 4679 897 4746 integrus
916 4675 1017 4740 circuli,
1036 4677 1071 4730 ab
1084 4675 1161 4728 initio
1174 4673 1220 4726 illo
1234 4688 1395 4740 quoeunque
1413 4671 1543 4738 inceptas.
1564 4672 1601 4726 Et
1614 4673 1678 4740 quia
1691 4673 1783 4726 tacti·-

437 4772 496 4812 sum
515 4765 588 4822 erat,
614 4759 727 4826 liguram
745 4754 857 4811 eandem
876 4755 902 4808 in
921 4753 1005 4808 tardis
1024 4753 1141 4808 motibus
1160 4769 1208 4822 pet·
1232 4767 1323 4806 omnes
1341 4750 1397 4803 iere
1424 4749 1507 4802 lineas
1535 4759 1717 4804 reuertentem
1735 4749 1781 4802 ubr-

436 4850 490 4905 que
507 4836 665 4904 exprimere,
685 4835 835 4892 meminerit
852 4833 934 4902 igitur
951 4831 1107 4897 calculator,
1136 4831 1182 4887 ubi
1200 4830 1259 4884 loca
1277 4831 1423 4898 figurarum
1443 4828 1522 4894 plane
1540 4838 1653 4891 tacent,
1678 4827 1780 4894 intelligi

437 4915 565 4983 liguram,
594 4931 663 4984 quac
690 4915 777 4970 locum
804 4911 930 4968 illumin
954 4911 1025 4966 linea
1043 4911 1165 4978 proxime
1183 4909 1316 4978 superiori
1342 4907 1423 4977 plena
1441 4906 1543 4975 implet.
1580 4907 1603 4960 ’1
1605 4907 1707 4962 abellae
1725 4923 1778 4960 reru

436 4995 568 5050 mensium
589 4997 620 5050 12
638 4993 702 5050 anni
719 4993 773 5048 Jut.
793 4991 921 5061 simplicis
944 4998 972 5046 et
993 4989 1096 5044 dierum
1115 4993 1145 5047 at
1167 4991 1194 5044 iu
1212 5004 1304 5045 mense
1330 4987 1496 5056 lottgissimo,
1525 4987 1644 5054 itemque
1662 4985 1777 5040 horarum

436 5081 487 5130 etc.
505 5071 618 5142 adinum
636 5071 746 5140 epochis
765 5071 831 5142 ipsis
847 5069 876 5124 in
890 5067 983 5126 cadem
1001 5069 1078 5124 iacie.
1115 5069 1169 5124 Sed
1186 5068 1213 5121 iu
1232 5075 1390 5134 argumento
1408 5065 1576 5134 obliquitatis
1595 5063 1733 5130 ecliptica·
1749 5061 1776 5114 ..b

435 5149 590 5212 tarditatem
609 5157 699 5206 motus
733 5149 860 5208 sulficere
877 5147 951 5205 risus
969 5156 1011 5206 est
1030 5148 1115 5206 saltus
1134 5163 1184 5218 per
1201 5161 1287 5202 annos
1305 5153 1470 5216 quaternos,
1490 5143 1597 5198 ontissls
1616 5143 1696 5198 etism
1714 5155 1772 5194 non·

435 5227 511 5286 atas
529 5235 558 5288 at
574 5237 680 5288 tuno·
763 5225 956 5284 *buconius
