4459 6275
312 2005 317 2018 ·
359 2081 363 2090 ,
413 1969 419 2077 J
461 1944 772 2068 arrianus
799 1922 1256 2102 'rernononnm
1284 1951 1753 2107 concinniorem

829 2249 863 2291 .,-
933 2218 1056 2280 LIBER
1077 2218 1288 2283 SEPTIMUS.

522 2437 584 2557 ao
601 2390 896 2508 srrrraarcou
924 2412 1051 2506 sinna
1078 2410 1133 2506 rr
1161 2437 1414 2509 ausoniam
1444 2396 1701 2510 nocrarnan

572 2554 574 2559 ’
923 2588 928 2596 -
979 2557 1232 2629 renuimus,

522 2940 607 3012 Quae
628 2939 687 2998 erit
707 2937 839 2995 materia
861 2936 933 2995 iibri
962 2933 1050 2995 VII?
1080 2937 1251 3013 Disputatio
1281 2935 1334 2996 ilia
1364 2941 1496 2996 veter‘nm
1527 2936 1562 2996 de
1591 2945 1675 2996 motu
1698 2952 1785 2996 nonae

432 3032 462 3087 et
483 3033 607 3107 ochrae
629 3025 772 3101 sphaerae
803 3040 857 3084 seu
879 3023 1018 3098 fixarum,
1043 3033 1072 3083 et
1094 3042 1171 3101 quae
1193 3024 1262 3084 hinc
1285 3023 1445 3102 dependet,
1476 3023 1620 3084 differenti
1644 3026 1786 3102 magnita-

432 3113 501 3176 dine
523 3114 592 3174 anni
605 3112 720 3190 ,siderei
743 3118 773 3172 et
794 3113 862 3171 anni
885 3113 1005 3188 tropici3
1030 3111 1065 3173 de
1089 3114 1292 3189 praecessione
1307 3112 1576 3189 aequinoctiorum
1599 3111 1636 3172 de
1660 3111 1786 3172 mutabili

411 3191 612 3278 'obliquitate
636 3200 788 3276 eclipticac
804 3206 840 3258 'et
863 3202 1003 3259 connexis
1026 3201 1259 3276 quaestionibus.

521 3294 601 3363 Quot
632 3288 778 3362 sphaerae
809 3287 898 3345 hahet
931 3291 1121 3347 astronomia
1152 3288 1259 3347 aetus?
1294 3287 1413 3347 Decem.
1471 3287 1570 3346 Prima
1603 3299 1648 3346 est
1683 3288 1788 3356 Lunae,

433 3375 562 3437 secunda
591 3375 743 3447 Mercurii,
775 3376 861 3433 tertia
883 3374 1021 3448 Veneris,
1053 3382 1158 3451 quarta
1181 3375 1273 3446 Solis,
1305 3375 1557 3450 quinta'blartis‚
1587 3374 1786 3446 senadern,

436 3465 562 3539 septima
585 3461 704 3521 Saturni
732 3462 848 3538 (harum
879 3461 1111 3523 semidiametros
1144 3480 1179 3522 ex
1211 3465 1356 3522 sententia
1387 3473 1517 3522 veterum
1547 3462 1617 3521 vide
1644 3463 1718 3520 libro
1741 3463 1788 3520 IV.

434 3550 484 3609 iol.
510 3547 593 3627 333),
619 3557 724 3608 octava
747 3545 878 3620 fixarum,
903 3567 981 3607 arona
1003 3559 1032 3609 et
1055 3550 1167 3609 decima
1191 3558 1259 3608 sunt
1282 3547 1412 3626 ἀταςροι.
1457 3550 1649 3610 Recentiores
1675 3549 1789 3608 undeci-

436 3655 523 3711 mam,
547 3636 668 3713 quidam
692 3645 721 3696 et
744 3635 947 3695 duodecimam
970 3636 1079 3697 audent
1101 3637 1217 3696 addere.

525 3719 625 3798 Quam
640 3742 765 3784 caueam
781 3725 963 3795 habuerant,
986 3726 1132 3799 sphaerae
1145 3726 1281 3800 finarum
1303 3724 1529 3799 superponendi
1547 3726 1695 3799 sphaerae
1717 3726 1789 3782 aiios

434 3815 499 3872 aine
521 3812 633 3870 stellio?
654 3814 723 3870 Fuit
739 3823 862 3887 tempus,
887 3830 953 3871 cum
969 3814 1158 3887 ignoraretur,
1183 3812 1255 3870 fixas
1279 3814 1533 3888 inconsequentia
1554 3814 1706 3886 signorum
1724 3830 1787 3888 pro·

434 3901 564 3980 moveri,
595 3907 624 3959 et
654 3908 722 3958 tuuc
745 3900 870 3974 sphaera
901 3900 1024 3958 fixarum
1048 3907 1155 3959 octava
1178 3901 1233 3957 luit
1256 3899 1357 3958 habita
1379 3918 1431 3976 pro
1461 3900 1578 3972 ultima,
1612 3910 1644 3958 ut
1677 3900 1788 3975 quidem

434 4006 502 4047 vere
525 3995 586 4062 eet3
618 3987 704 4061 eique
735 3988 789 4045 init
817 3988 943 4045 tributus
965 3995 1062 4046 motus
1085 3988 1122 4045 ab
1154 3996 1217 4045 ortu
1246 3989 1276 4043 in
1305 4004 1441 4046 occasum
1472 3989 1547 4046 circa
1580 3988 1666 4063 polos
1696 3986 1789 4045 mundi

436 4075 617 4147 immobiles,
648 4074 705 4133 hoc
735 4083 779 4133 est
811 4074 914 4133 iisdem
946 4084 1087 4150 perpetuo
1111 4075 1218 4133 Tcrrac
1248 4074 1320 4133 locis
1349 4078 1545 4143 imminentes,
1577 4077 1627 4149 qui
1659 4075 1788 4133 librali.

433 4162 482 4222 iol.
511 4164 581 4221 190.
611 4160 755 4237 designati
784 4170 860 4223 sunt
906 4162 941 4219 In
972 4162 1027 4221 bac
1056 4170 1164 4221 octava
1191 4162 1315 4237 spiracrn
1345 4163 1494 4234 fingebant
1528 4163 1707 4237 descriptum
1730 4179 1788 4221 csse

435 4248 678 4324 aequinoctialem
703 4257 731 4308 ct
753 4248 905 4307 zodiacum
928 4267 993 4307 cum
1017 4250 1092 4327 polis
1115 4252 1185 4321 suis,
1210 4258 1239 4307 ct
1261 4251 1316 4308 sub
1339 4250 1415 4327 polis
1438 4248 1552 4307 zodiaci
1576 4259 1788 4326 supposuerunt

435 4336 618 4394 infibulatum
646 4336 729 4395 velut
755 4354 818 4395 csse
848 4340 1061 4395 concentricum
1084 4339 1253 4413 systematis
1276 4337 1423 4409 Saturnii,
1456 4338 1497 4395 sic
1526 4345 1557 4393 ut
1580 4338 1787 4396 circumvoluta

433 4423 559 4499 sphaera
588 4423 709 4481 lixarum
739 4425 836 4499 spatio
867 4428 907 4480 24
933 4424 1082 4494 horarum,
1113 4442 1232 4484 necesse
1261 4433 1338 4483 esset
1365 4443 1425 4483 una
1456 4423 1632 4482 circumduci
1658 4436 1688 4484 et
1711 4426 1788 4499 polos

436 4518 579 4568 ettotam
602 4511 756 4585 sphaeram
780 4513 991 4569 conccutricam
1014 4512 1146 4584 Saturni,
1178 4512 1275 4570 dcmto
1299 4530 1368 4571 arcu
1391 4514 1526 4582 minimo,
1556 4530 1644 4586 quem
1670 4513 1789 4589 sphaera

434 4596 553 4656 Saturni
583 4596 637 4664 suh
668 4607 773 4658 octava
805 4600 888 4674 quasi
917 4599 1058 4674 reptando
1087 4600 1229 4659 conficere
1255 4600 1341 4675 jussa
1372 4611 1416 4659 cst
1440 4600 1538 4657 dietim
1563 4602 1593 4656 in
1617 4603 1787 4658 contrarium

435 4686 473 4744 ab
497 4699 601 4743 occasu
625 4686 654 4741 in
679 4695 781 4744 ortum.

521 4771 682 4847 Postquam
708 4772 998 4849 verodeprchcusum
1023 4781 1076 4851 cst,
1100 4773 1173 4831 fixas
1198 4791 1315 4849 quoque
1330 4775 1421 4850 signis
1443 4773 1555 4833 zodiaci
1575 4774 1717 4849 paulatim
1739 4792 1787 4832 cr-

390 4857 397 4880 *
434 4858 536 4918 cedere
570 4860 599 4915 in
633 4864 853 4935 consequentia,
894 4864 1061 4937 priusquam
1098 4864 1234 4932 sciretur,
1268 4864 1442 4921 coutinucne
1478 4862 1505 4918 id
1537 4862 1683 4922 lacerent.
1718 4877 1787 4919 anne

433 4954 645 5006 reverterentur
678 4948 747 5005 oiim
780 4949 831 5022 per
864 4948 965 5008 eadem
996 4951 1137 5022 vestigia,
1173 4950 1417 5025 contemplatores
1454 4948 1529 5008 istud
1564 4952 1664 5025 potius
1697 4947 1787 5009 credi·

435 5034 553 5106 derunt,
583 5033 662 5093 ducti
686 5035 740 5093 bac
763 5034 1028 5109 verisimilitudine,
1053 5036 1131 5111 quod
1155 5036 1333 5096 videresibi
1357 5035 1539 5109 viderentur,
1573 5045 1686 5096 motum
1715 5036 1786 5094 huuc

434 5120 555 5179 lixarum
585 5140 620 5181 cx
649 5122 730 5180 tardo
765 5124 896 5183 velocem
926 5125 995 5183 fieri.
1042 5124 1145 5198 itaque
1176 5140 1283 5182 nonam
1317 5124 1472 5200 sphaeram
1506 5131 1632 5184 octavae
1667 5127 1786 5183 circuni·

431 5208 576 5283 Jecerunt,
606 5212 635 5268 in
667 5228 754 5298 quam
784 5219 893 5272 motum
924 5211 1057 5271 diurnum
1087 5212 1392 5288 aequinoctialcmque
1423 5222 1453 5272 et
1479 5211 1633 5278 zodiacum
1668 5213 1785 5289 ejusque
