4459 6275
626 488 770 562 Epitomas
787 484 979 547 liutmuonlaa
997 486 1080 547 Libas
1100 486 1227 558 Quintus.
1263 489 1332 545 Pars
1350 489 1452 546 Prima
1506 484 1514 500 ⁸
1651 494 1744 568 401,

448 668 531 747 Quoi
552 676 625 731 nrrtt
643 648 750 746 portos
774 668 847 731 iibri
875 668 927 730 Vi
953 652 1055 731 Duas·
1085 670 1114 728 in
1136 670 1232 747 prima
1254 668 1434 729 accentricns
1455 684 1523 731 cum
1546 684 1601 731 suo
1624 668 1715 747 plano

358 762 613 817 manseramus
595 774 660 817 arm
683 758 780 817 causis
801 757 1002 837 physicis31n
1016 756 1147 818 secunda
1162 756 1314 817 traduntur
1329 744 1515 818 definitiones
1529 759 1716 818 terminorum

358 845 639 919 astronomicarum,
669 845 720 922 qui
743 850 899 905 occurrunt
920 845 1113 906 communiter
1134 847 1164 903 in
1187 844 1323 904 omuibus
1350 841 1476 920 planetis
1505 846 1583 905 eirea
1610 860 1717 906 eccen-

358 933 464 991 trlcum
486 931 573 1004 lsune,
597 940 628 993 at
649 930 812 1009 explicatur
833 934 909 993 ratio
932 932 1038 993 calculi
1062 931 1162 1009 quoad
1184 931 1261 992 hanc
1282 940 1403 1007 partem.

449 1019 559 1096 Quoiis
581 1021 684 1096 ipitnr
711 1020 872 1096 sonantur
890 1020 995 1097 iiporo
1017 1019 1134 1079 orbitae
1150 1020 1348 1095 planetarios
1368 1036 1406 1079 cc
1426 1020 1589 1095 principiis
1611 1022 1717 1095 qnorti

356 1104 432 1164 iibri
452 1105 610 1184 physicis?
630 1106 661 1167 Si
684 1105 821 1184 planetae
844 1123 950 1185 corpus
972 1123 1031 1166 non
1053 1107 1177 1167 haberet
1191 1106 1279 1167 ilbrns
1294 1107 1485 1184 magneticas,
1508 1113 1542 1166 ut
1556 1104 1717 1166 secundnm

356 1190 480 1268 plagam
509 1193 625 1254 illarum
655 1210 745 1253 unam
771 1196 801 1253 in
830 1196 951 1254 boream
982 1193 1151 1269 elicerenn,
1182 1193 1342 1255 secundum
1372 1193 1493 1254 alteram
1521 1194 1550 1252 in
1574 1200 1715 1267 austrum,

357 1279 521 1340 ”mudum
543 1298 631 1340 uuam
654 1278 774 1357 plagam
796 1280 960 1343 traheretur
981 1298 1084 1342 versus
1104 1279 1212 1356 Solem,
1237 1280 1397 1341 securrdum
1419 1283 1563 1357 reliquam
1585 1279 1717 1358 expelle·
1798 1334 1802 1341 .

356 1374 454 1427 retur:
478 1376 548 1428 tunc
562 1367 624 1443 Sol,
647 1370 803 1447 gyratione
825 1370 956 1446 torporis
976 1372 1024 1429 sui
1047 1372 1124 1431 circa
1145 1386 1231 1429 suum
1254 1385 1339 1429 axem
1362 1371 1567 1430 circumferens
1588 1370 1718 1446 speeiem
1799 1366 1802 1373 '

359 1456 406 1512 sui
430 1458 561 1533 eorporis
583 1457 810 1516 immateriatam
832 1473 886 1534 per
906 1456 1087 1532 amplissima
1109 1455 1210 1516 muudi
1232 1460 1338 1534 sputis,
1363 1456 1512 1533 planetam
1536 1456 1592 1515 illa.
1609 1473 1718 1533 apprc-

358 1541 484 1602 beorum
502 1560 573 1627 'una
599 1543 795 1604 circumferret
824 1551 853 1604 st
887 1540 921 1626 1)
944 1543 1089 1620 siquidem
1112 1543 1164 1604 ille
1185 1545 1270 1603 initio
1293 1545 1472 1605 constitisset
1492 1544 1548 1603 sub
1571 1541 1716 1620 ecliptica,

358 1637 456 1689 totum
485 1630 550 1707 ejus
578 1632 634 1691 iter
662 1632 848 1692 exanimims
874 1633 903 1690 in
933 1631 1054 1709 planum
1085 1630 1239 1708 eclipticas
1267 1629 1431 1705 ordinaret,
1460 1629 1493 1711 2)
1516 1647 1612 1707 eoque
1633 1635 1663 1689 iu
1686 1628 1717 1690 id

358 1719 457 1794 ipsum
480 1723 629 1796 puuctum,
652 1716 730 1778 unde
752 1718 862 1778 iactum
886 1726 931 1778 est
952 1720 1077 1794 initium,
1100 1735 1216 1795 semper
1233 1720 1408 1793 restitueret,
1433 1714 1465 1797 3)
1486 1717 1564 1777 idem
1587 1726 1666 1778 meet
1687 1726 1718 1778 at
1777 1736 1781 1743 ’

360 1804 594 1882 commissoris
623 1812 653 1867 et
682 1805 794 1867 orbitas
817 1805 999 1883 planetariae
1021 1813 1166 1880 annuum,
1197 1803 1228 1886 t)
1252 1808 1317 1882 ipsu
1338 1804 1433 1881 figura
1456 1805 1569 1865 orbitae
1592 1803 1718 1865 circulus

358 1899 439 1952 eust
468 1892 723 1968 absolutissimus,
755 1891 786 1970 d)
808 1892 931 1971 planeta
959 1893 1187 1972 inaequalibus
1210 1893 1299 1970 hujus
1322 1891 1422 1954 circuli
1445 1892 1629 1969 portionibus
1652 1909 1718 1953 om·

358 1979 448 2039 nibus
471 1980 682 2058 aequalissima
704 1979 853 2041 celeritate
875 1980 1038 2045 veheretur.

446 2064 507 2128 ssu
530 2069 602 2146 quia
623 2070 785 2146 posuimus,
808 2069 837 2125 in
860 2068 1019 2145 cujuslibet
1040 2068 1177 2145 planctae
1200 2082 1320 2144 corpure
1343 2066 1507 2146 duplices
1498 2084 1596 2129 rueme
1617 2068 1716 2144 libras,

358 2153 390 2215 dt
412 2156 504 2233 igliur
524 2156 718 2233 permixtione
740 2154 914 2215 facultatum
936 2158 1065 2233 corporis
1088 2156 1243 2233 planetarii
1266 2160 1297 2213 et
1320 2156 1436 2214 virtutis
1451 2158 1581 2215 metricis
1596 2155 1716 2219 Solaria

357 2250 391 2302 ut
416 2238 447 2322 l)
468 2241 589 2319 planata
610 2242 756 2304 describat
779 2243 905 2302 orbitam
925 2241 964 2302 ed
985 2242 1151 2320 eclipticam
1176 2241 1344 2319 obliquam,
1366 2246 1396 2301 ei
1414 2245 1485 2319 qula
1505 2242 1597 2304 iibrae
1612 2243 1717 2303 latitu-

357 2330 435 2389 diuis
458 2329 518 2390 iare
540 2329 659 2408 quidem
690 2332 720 2389 in
742 2327 886 2406 parallelo
908 2331 967 2389 situ
988 2340 1109 2391 manent
1131 2336 1194 2389 toto
1217 2331 1353 2402 circuitu,
1382 2344 1442 2389 nou
1464 2338 1563 2391 tamen
1587 2334 1716 2405 omuino,

357 2419 431 2494 quin
453 2418 553 2494 potius
569 2417 713 2496 paulatim
728 2423 796 2494 post
809 2414 918 2478 multas
932 2419 1102 2495 gyratioues
1118 2417 1311 2489 inflectuntur,
1335 2414 1403 2476 ideo
1427 2413 1458 2496 i)
1479 2417 1611 2495 planum,
1634 2435 1718 2479 com·

357 2503 536 2582 meusium
558 2506 654 2566 orbita
674 2504 821 2583 planetae,
844 2506 977 2583 proxime
999 2505 1119 2582 quidem
1142 2510 1187 2566 est
1209 2504 1330 2582 planum
1352 2503 1522 2581 perlectum,
1545 2522 1604 2566 ιιοιι
1619 2512 1717 2567 mmeu

359 2593 498 2667 omnium
529 2595 600 2669 quln
628 2595 727 2672 potius
755 2598 875 2671 peracto
897 2609 957 2653 uuo
979 2593 1074 2652 reditu
1098 2601 1230 2653 centrum
1253 2590 1407 2670 planetarii
1430 2590 1513 2668 globi
1534 2609 1592 2652 nou
1615 2600 1718 2653 exacte

358 2681 524 2740 restituitur
552 2679 590 2740 ad
611 2696 697 2740 snum
726 2681 857 2755 initium,
889 2678 942 2739 sed
964 2696 1074 2739 uorum
1096 2680 1236 2740 circulum
1265 2678 1387 2738 decurso
1402 2687 1441 2740 ct
1463 2679 1599 2740 absoluto
1621 2682 1718 2757 priore

360 2767 549 2827 connectitiu
562 2766 681 2828 modum
694 2766 866 2827 circulorum
878 2766 990 2828 dierum
1008 2766 1194 2837 naturalium,
1211 2766 1248 2826 de
1263 2766 1371 2843 quibus
1385 2764 1461 2827 libro
1475 2766 1626 2828 tertio'iol.
1644 2768 1717 2843 idi,

359 2854 408 2915 rel
430 2856 462 2913 in
485 2854 605 2915 modum
627 2853 679 2930 iiii,
702 2852 782 2932 quod
805 2856 912 2915 vermis
935 2856 1046 2915 sericus
1068 2855 1172 2929 iuudit,
1196 2853 1402 2914 domunculam
1424 2856 1482 2916 sibi
1509 2856 1720 2933 circumjicians

361 2950 391 3002 st
412 2948 530 3001 struens
559 2961 594 3004 ex
618 2942 809 3020 plurimorum
831 2943 1005 3002 circulorum
1027 2958 1225 3003 connexorum
1247 2941 1442 3019 implexione,
1472 2960 1534 3020 qua
1557 2946 1646 3003 etlam
1667 2960 1718 3003 ra·

359 3032 441 3090 dona
464 3028 596 3105 efficitur,
621 3036 653 3089 ut
674 3028 839 3102 longissimi
862 3046 1002 3090 mamona
1024 3030 1061 3090 ad
1084 3031 1253 3091 lateranen
1269 3030 1404 3115 omnibus
1421 3029 1528 3090 seculis
1543 3028 1719 3096 subilsdeur

358 3116 433 3179 locis
465 3114 579 3179 codun
610 3116 690 3178 iiaut
735 3117 773 3176 Et
801 3117 872 3195 quia
893 3115 984 3178 fibrae
1005 3116 1176 3180 libratoriae
1199 3118 1347 3197 planetam
1370 3117 1484 3178 iaciunt
1505 3116 1678 3180 altrinsecus
1700 3136 1721 3178 a
1797 3142 1803 3154 =

358 3204 431 3266 Sole
455 3204 540 3280 trabi,
563 3224 579 3266 a
602 3207 721 3282 regiona
744 3221 815 3266 vero
838 3204 917 3282 pelli,
940 3205 1007 3266 ideo
1032 3204 1151 3284 planeta
1174 3206 1207 3283 3)
1231 3206 1371 3267 describit
1389 3206 1514 3265 orbitam
1527 3208 1606 3266 circa
1620 3205 1720 3266 Solem

359 3291 491 3370 quiden,
514 3301 625 3353 ainau
648 3299 682 3352 ut
704 3294 781 3354 eirca
803 3309 888 3352 suum
912 3301 1052 3366 centrum,
1075 3294 1133 3354 hoc
1155 3303 1201 3354 est
1223 3313 1241 3353 a
1263 3293 1333 3353 Sole
1356 3294 1556 3368 eceentricam,
1580 3293 1720 3354 efficitur-

359 3395 418 3458 que
440 3379 499 3440 bac
519 3383 633 3441 ratione
657 3377 689 3460 4)
710 3397 770 3442 uon
793 3381 938 3458 periectas
960 3381 1100 3456 circulus,
1123 3380 1176 3441 sed
1199 3380 1494 3458 a‘lateribuspaulo
1517 3382 1669 3456 angustior
1690 3388 1721 3440 st

359 3468 571 3545 compressior,
593 3471 729 3528 nimirum
752 3469 862 3546 figurae
885 3467 1041 3544 ellipticas.
1089 3468 1120 3541 b)
1146 3466 1193 3526 Ob
1215 3466 1339 3527 eandem
1362 3483 1481 3526 causam
1505 3476 1535 3527 et
1558 3469 1628 3544 quia
1650 3484 1721 3544 spe·

360 3557 422 3616 clas
446 3557 578 3631 corporis
599 3553 726 3629 Solaria,
758 3563 869 3615 motum
892 3554 1031 3635 planetae
1054 3554 1231 3626 conciliaus,
1262 3556 1291 3611 in
1314 3553 1449 3631 ampliori
1474 3555 1582 3614 circulo
1604 3556 1722 3615 tenuior

360 3649 391 3703 ci
421 3640 598 3702 imbecillior
627 3648 690 3718 ast,
719 3641 841 3719 planeta
867 3659 963 3719 nequa
986 3640 1119 3717 ejusdem
1141 3639 1301 3700 celeritatis
1323 3657 1389 3700 esse
1411 3649 1510 3718 potest
1530 3643 1561 3700 in
1584 3642 1720 3701 omnibus

362 3729 481 3790 orbitas
503 3730 655 3808 partibus,
677 3727 731 3789 ssd
753 3727 853 3789 tardus
876 3731 905 3785 iu
929 3727 1018 3804 longa
1039 3727 1180 3787 distantia
1202 3743 1222 3785 a
1243 3725 1323 3801 Sola,
1345 3727 1435 3788 velox
1458 3730 1487 3787 in
1509 3745 1611 3806 parra.
1656 3727 1722 3787 De—

357 3819 451 3894 nique
474 3817 546 3893 quis
567 3818 665 3878 stiam
678 3816 770 3876 flbsas
791 3813 961 3875 libratoriae
984 3817 1043 3876 situ
1064 3831 1119 3875 suo
1137 3813 1281 3892 parallelo
1294 3814 1486 3891 plurimarum
1502 3815 1721 3875 revolutionum
1800 3883 1804 3890 ¹

358 3904 599 3966 mcooesioulbus
622 3911 804 3975 amoventur,
828 3901 895 3964 ideo
918 3904 1008 3961 silam
1030 3901 1098 3963 loca
1120 3902 1175 3963 sub
1197 3900 1333 3980 zodiaco,
1356 3903 1465 3979 quibus
1486 3901 1625 3980 planetas
1647 3902 1722 3980 flunt

358 3991 499 4052 aldsalml
527 3989 758 4068 tardlsrlmlqua,
788 4006 847 4049 nou
869 4006 986 4066 semper
1006 3997 1140 4065 manent,
1171 3988 1224 4050 sad
1245 3990 1390 4067 paulatim
1413 3988 1574 4050 succedunt
1595 3992 1626 4049 in
1648 4004 1721 4050 eon·

357 4079 525 4157 effluentia

451 4165 636 4242 Papinum
665 4165 845 4241 dcwripsirti
870 4167 1006 4243 (tpurorn
1032 4167 1150 4223 itineris
1178 4165 1363 4239 planetarii,
1401 4177 1457 4225 n'ec
1486 4172 1609 4240 optom,
1642 4179 1723 4238 qnos
1749 4189 1753 4197 ·

359 4254 474 4327 omns,
493 4255 675 4329 procoma
696 4255 732 4312 in
748 4254 862 4329 plone,
885 4253 1078 4325 subjiciatur.
1122 4252 1186 4312 ussi
1217 4251 1275 4312 hoc
1300 4269 1403 4312 verum
1433 4259 1492 4325 est,
1521 4266 1579 4309 nun
1610 4265 1721 4308 nurum

361 4351 462 4402 tamen
495 4349 540 4402 sn
565 4342 596 4399 in
625 4342 807 4401 asuouomia
828 4347 880 4400 aut
902 4342 1049 4418 privatum
1072 4339 1242 4417 Cuperniei,
1272 4355 1327 4398 nac
1349 4356 1425 4415 opus
1447 4347 1493 4398 est
1514 4338 1613 4397 omnia
1635 4335 1721 4396 simul
1815 4365 1818 4370 ’

361 4430 392 4486 in
414 4426 522 4490 eodem
545 4427 635 4505 plano
658 4431 888 4504 repraesentari,
911 4427 964 4487 ssd
986 4433 1111 4502 possunt
1132 4425 1337 4503 perplexiones
1359 4426 1444 4499 illue,
1468 4432 1550 4485 ortas
1573 4441 1592 4485 a
1612 4422 1723 4483 tardis-

361 4516 438 4576 sima
459 4514 655 4576 translatione
676 4523 820 4575 metarum
842 4511 1008 4575 latitudinis
1029 4521 1059 4574 et
1080 4512 1254 4586 altitudinis,
1279 4514 1382 4572 eadem
1405 4512 1578 4573 dexteritate
1600 4511 1722 4584 secerni,

362 4619 424 4679 qua
446 4604 494 4663 asi
515 4611 585 4663 sunt
608 4611 723 4664 scimea
745 4605 915 4677 asnouumi,
939 4597 1043 4662 minori
1067 4609 1165 4661 tamen
1187 4609 1343 4679 apparatu.

453 4689 613 4770 Quomodo
645 4699 755 4750 vetera
781 4696 975 4749 amaverant
1000 4692 1075 4748 istos
1096 4689 1315 4749 manatione·
1334 4686 1537 4747 iotitsrdinirm
1565 4695 1594 4744 ct
1615 4686 1724 4744 aititu-

363 4779 499 4840 dinsenr?
535 4779 699 4838 commenti
721 4786 791 4836 suni
811 4795 866 4856 ppo
888 4775 1094 4838 latitudinibus
1123 4776 1224 4836 orbem
1255 4791 1360 4843 unum,
1393 4772 1633 4833 deierantem
1659 4787 1723 4830 uo·
1792 4813 1796 4818 -

364 4865 448 4940 dos,
475 4869 616 4927 extimum
640 4867 730 4926 totius
752 4864 885 4927 deonas
907 4863 1108 4943 planetariae;
1131 4879 1184 4940 pro
1207 4860 1412 4922 altitudinibus
1436 4877 1507 4920 uero
1530 4860 1618 4920 orbes
1639 4859 1722 4933 duos,

414 4983 510 5035 topici
523 4981 610 5036 (ipsso.
629 4981 669 5026 Vl.
1472 4965 1514 5022 ‘26
