4459 6275
921 1907 1153 2082 helil
1217 1908 1267 2083 l.

453 2240 465 2257 ,
517 2189 700 2254 Undecimus
715 2193 762 2250 est
775 2201 879 2264 anuas,
903 2204 940 2249 ex
962 2204 1022 2264 quo
1038 2185 1257 2249 commentaria
1270 2202 1338 2248 mea
1360 2184 1398 2248 de
1413 2186 1544 2248 motibus
1566 2183 1669 2248 stellas
1686 2186 1792 2248 Martis
1876 2244 1880 2254 ,

432 2278 524 2343 edidi.
570 2275 628 2353 Qui
650 2275 734 2350 liber,
762 2293 827 2335 cunr
849 2277 879 2335 in
902 2291 999 2353 pauca
1021 2275 1235 2353 multiplicatus
1258 2281 1336 2336 esset
1365 2273 1546 2353 exemplaria
1570 2272 1792 2352 doctrinamque

432 2367 469 2431 de
493 2365 591 2427 causis
614 2361 787 2425 coelestium
816 2365 891 2424 inter
918 2364 1036 2440 spineta
1066 2379 1252 2423 numerorum
1283 2368 1314 2422 et
1334 2361 1441 2440 reliqui
1471 2369 1631 2441 apparatus
1652 2370 1791 2425 ashono·

432 2453 500 2514 mici
525 2451 608 2513 velut
631 2448 848 2528 abscondisset,
878 2466 944 2511 cum
967 2457 997 2511 et
1018 2452 1112 2528 pretio
1141 2449 1209 2510 libri
1240 2450 1389 2511 tenuiores
1418 2450 1664 2526 absterrerentur,
1695 2452 1793 2513 risum

433 2547 479 2604 est
501 2540 615 2615 amicis,
638 2544 716 2599 reete
740 2556 788 2599 me
811 2545 899 2599 etex
922 2535 1019 2598 elicio
1041 2536 1202 2613 iacturum,
1232 2538 1257 2596 si
1282 2537 1487 2615 Episemou
1511 2537 1741 2614 conscriberem,
1764 2539 1795 2597 lu

434 2645 495 2706 qua
518 2643 635 2689 summa
657 2624 807 2687 doctunae
830 2635 890 2685 tam
904 2624 1045 2704 physicae
1068 2623 1104 2686 de
1120 2624 1213 2700 coelo,
1239 2640 1328 2701 quam
1350 2626 1574 2701 astronomicae,
1597 2627 1718 2686 resectis
1741 2624 1795 2686 de·

436 2715 682 2777 monstrationum
703 2712 824 2788 taediis,
853 2714 986 2773 oratione
1008 2712 1134 2790 simplici
1165 2719 1195 2774 et
1215 2709 1306 2791 plana
1329 2719 1570 2790 proponerentur.
1614 2712 1741 2775 Factum
1763 2710 1796 2773 id

436 2819 525 2865 ame
555 2808 624 2863 ante
645 2799 754 2862 multos
781 2816 892 2876 anuos,
923 2800 975 2861 sed
1006 2798 1075 2861 dum
1103 2797 1225 2861 editioni
1256 2801 1356 2860 variae
1383 2799 1567 2863 intercedunt
1592 2816 1709 2878 merae,
1736 2816 1796 2861 nou
1841 2804 1845 2811 '

435 2889 562 2953 reiectus
592 2893 708 2950 tautum
728 2886 847 2950 libellus
869 2888 932 2966 ipse
954 2874 1009 2948 init
1039 2886 1197 2965 aliquoties
1226 2894 1257 2948 et
1286 2888 1316 2945 ui
1337 2887 1437 2964 fallor,
1467 2905 1529 2966 qua
1554 2886 1696 2964 dabatur,
1726 2905 1796 2967 per·

436 2979 547 3053 lemos,
585 2974 639 3038 sed
674 2978 769 3054 ipsum
798 2977 888 3037 ctiam
911 2974 1047 3037 editionis
1078 2976 1234 3036 consilium
1257 2975 1355 3054 coepit
1376 2975 1557 3037 labefactari.
1613 2973 1799 3051 Quibusdam

438 3068 516 3127 enim
538 3067 570 3123 in
594 3062 727 3125 doctina
747 3062 901 3142 sphaerica
915 3069 984 3125 aute
1006 3064 1162 3124 triennium
1184 3061 1264 3125 ediis
1286 3061 1417 3124 diffusior
1438 3065 1520 3125 viam
1552 3080 1619 3124 sum
1640 3066 1670 3122 in
1694 3062 1798 3143 dispu-

440 3156 553 3215 tatione
576 3150 614 3214 de
628 3159 712 3213 motu
734 3152 793 3214 vel.
806 3139 905 3229 quiete
920 3150 1028 3213 Tenue
1052 3150 1165 3228 diurna,
1189 3169 1278 3229 qnam
1299 3169 1352 3230 pro
1373 3153 1488 3215 ratione
1510 3154 1661 3229 epitomes.
1707 3151 1799 3229 Cogi·

437 3243 540 3303 tabam
560 3241 660 3319 igitur,
682 3241 709 3300 si
730 3238 807 3301 banc
828 3246 942 3316 partem
964 3256 1024 3300 non
1045 3245 1261 3317 concoquereut
1283 3238 1417 3314 lectores,
1442 3258 1519 3318 qnae
1540 3248 1639 3302 nmen
1661 3241 1691 3300 in
1713 3239 1797 3300 nulla

437 3332 569 3410 epitoma
590 3328 790 3389 astronomica
804 3325 896 3403 deest,
921 3334 1032 3406 quanto
1054 3328 1145 3406 igitur
1159 3326 1332 3388 insolentior
1346 3326 1406 3388 illis
1420 3329 1535 3388 iuturus
1556 3329 1597 3389 sit
1609 3326 1729 3388 libellus
1742 3330 1799 3388 istc

437 3424 570 3495 quartus,
593 3417 645 3492 qui
666 3422 765 3476 tamen
787 3412 880 3475 multa
903 3413 940 3476 de
962 3415 1041 3475 omui
1063 3414 1213 3477 coelorum
1227 3422 1333 3476 natura
1350 3432 1429 3476 nova
1443 3423 1473 3476 et
1495 3417 1647 3493 inopinata
1661 3414 1797 3491 ventilat,

438 3511 471 3565 ut
484 3503 622 3566 dubitare
636 3504 744 3582 possis,
756 3501 947 3582 'physicaene
961 3504 1060 3581 potius
1075 3520 1114 3564 an
1130 3505 1328 3564 astronomiae
1342 3510 1456 3581 partem
1467 3504 1568 3579 iacias,
1590 3505 1647 3563 nisi
1662 3510 1800 3565 uhouc·

437 3593 528 3668 mium
544 3593 641 3670 ipsam
655 3587 868 3668 speculativam
884 3598 976 3651 totam
990 3589 1130 3670 physices
1148 3608 1213 3652 esse
1226 3597 1339 3669 partem
1354 3592 1454 3654 seiros
1477 3592 1522 3651 Er
1537 3589 1662 3653 adverso
1678 3597 1800 3669 reputa·

439 3681 518 3755 bam,
542 3677 620 3741 hano
634 3679 729 3756 ipsam
742 3694 806 3739 esse
821 3680 983 3756 materiam,
998 3679 1083 3756 cujus
1097 3677 1322 3756 amplificandae
1337 3679 1425 3756 inque
1439 3678 1592 3757 publicum
1606 3677 1799 3740 inculcandae

438 3785 530 3829 causa
545 3764 693 3834 scribendi
707 3764 801 3827 libelli
816 3773 951 3827 auctores
966 3765 1038 3826 mihi
1051 3765 1123 3827 iacti
1138 3768 1197 3826 sint
1210 3768 1306 3840 amicl,
1331 3767 1427 3826 omitti
1442 3766 1660 3845 speculationes
1672 3766 1727 3826 has
1741 3782 1801 3826 uon

437 3871 535 3934 posse,
559 3854 616 3914 nisi
633 3851 704 3914 data
717 3870 808 3930 epora
821 3854 959 3915 tenebras
975 3853 1125 3914 doctrinae
1140 3853 1297 3928 theoricae,
1320 3855 1382 3913 suis
1397 3856 1507 3933 quippe
1522 3854 1672 3933 principiis
1687 3852 1801 3930 spolia·

439 3949 498 4018 tas,
522 3940 658 4004 studeam
674 3939 833 4003 offundere.
856 3940 989 4002 Tandem
1006 3940 1248 4019 disceptationem
1263 3941 1350 4000 istam
1366 3938 1481 4002 diremit
1495 3944 1666 4017 necessitas,
1688 3943 1803 4002 utinam

439 4031 580 4109 nuspiam
602 4030 699 4090 miuus
720 4029 903 4108 importuna,
929 4046 1022 4107 quae,
1045 4027 1126 4106 quod
1147 4028 1210 4091 deri
1232 4028 1318 4089 aliter
1343 4044 1401 4090 uon
1422 4030 1536 4108 potuit,
1568 4030 1653 4106 quasi
1677 4026 1802 4090 consilio

441 4124 617 4197 susceptum
637 4115 731 4178 rideri
752 4115 831 4178 iecit
874 4116 1023 4179 Fervebat
1044 4115 1185 4195 praelum,
1208 4114 1349 4194 surgebat
1372 4132 1448 4194 opus
1470 4115 1621 4179 doctrinae
1643 4113 1802 4191 mennae,

443 4212 581 4270 curatore
602 4203 668 4282 ejus
688 4201 832 4284 legitimo,
857 4221 944 4282 quem
966 4208 997 4265 in
1017 4201 1209 4284 praeambulo
1232 4203 1385 4267 doctrinae
1406 4202 1579 4284 sphaericae
1601 4204 1699 4281 tetigi,
1721 4203 1802 4265 anti·

441 4310 534 4372 quum
559 4292 721 4368 obtinente,
745 4288 921 4355 dormitante
943 4311 981 4354 au
1004 4295 1133 4355 animam
1155 4293 1254 4355 ioman
1275 4300 1396 4370 meum,
1427 4299 1526 4371 partes
1548 4309 1620 4355 rere
1642 4292 1708 4369 ejus
1729 4308 1803 4370 sup·

441 4381 545 4461 plenta
567 4378 748 4444 liberalitate
769 4382 887 4457 paceni
909 4382 1140 4457 eminentissimi,
1164 4398 1229 4442 cum
1252 4397 1321 4443 eece
1342 4379 1415 4441 mihi
1438 4398 1558 4444 camam
1582 4380 1712 4442 subitam
1732 4395 1804 4458 pso·

442 4467 595 4532 dciscsndi
621 4483 756 4548 opusque
778 4468 1020 4549 interrumpendi,
1049 4487 1108 4549 quo
1131 4471 1196 4548 ipsc
1219 4476 1349 4548 tempere
1372 4475 1402 4531 et
1423 4469 1489 4548 typi
1510 4468 1599 4531 duem
1619 4467 1688 4529 libri
1708 4466 1807 4546 quarti

441 4557 604 4635 attigeram
626 4562 657 4617 et
670 4553 820 4618 nundinas
834 4556 1094 4621 Froncoiurtenses
1107 4556 1255 4619 adessent
1300 4555 1418 4633 Incidit,
1442 4558 1604 4620 rectisdma
1617 4555 1754 4631 iutumm,
1777 4553 1804 4616 sl

441 4643 518 4705 iiber
530 4648 663 4722 quartus,
680 4645 731 4722 qui
746 4645 938 4705 communiter
951 4652 1012 4706 mm
1025 4644 1157 4724 physicis
1171 4661 1261 4723 quam
1277 4646 1452 4705 astronomis
1467 4647 1592 4724 scriptus
1607 4651 1660 4720 est,
1682 4643 1806 4707 seorsim

442 4733 533 4796 etiam
558 4728 708 4814 ederetur,
734 4739 769 4791 ut
796 4749 851 4811 pro
873 4732 994 4795 arbitrio
1016 4735 1135 4795 emtoris
1157 4732 1318 4795 astronomi
1339 4731 1389 4793 rel
1412 4734 1510 4794 omitti
1528 4731 1579 4795 rel
1600 4732 1691 4795 inseri
1711 4731 1806 4811 possit

441 4822 472 4882 'm
494 4817 640 4897 reliquam
662 4820 821 4899 epitomen.
866 4819 979 4897 Habes,
1000 4819 1092 4885 lector
1113 4815 1273 4898 benerole,
1294 4821 1424 4883 udones
1445 4819 1599 4898 eduens,
1622 4837 1697 4899 quas
1717 4834 1805 4898 spero

442 4907 498 4971 tibi
519 4906 733 4970 sahshcturaa
1370 4906 1375 4916 '

402 5029 404 5034 ·
531 4993 621 5072 Quod
650 5011 721 5057 vero
743 5012 837 5075 genus
859 4998 957 5075 ipsum
979 4997 1085 5059 attinet
1105 4994 1351 5077 philosophandi,
1379 5011 1440 5058 uon
1462 4992 1592 5058 alienum
1613 5013 1634 5057 a
1653 4995 1805 5076 proposito

445 5082 543 5160 luerit,
567 5100 604 5145 ex
627 5099 742 5161 nupera
761 5082 891 5161 quadam
914 5085 1048 5164 epistola,
1072 5102 1162 5163 quam
1183 5085 1223 5147 ad
1241 5085 1341 5164 magui
1362 5084 1501 5163 principis
1514 5083 1698 5160 familiarem,
1720 5099 1808 5161 mag·

443 5187 514 5233 nurn
537 5177 568 5234 et
588 5170 698 5250 ipsum>
715 5172 811 5233 virum
841 5173 963 5252 scripsi,
993 5172 1136 5236 nonnulla
1163 5172 1212 5236 bic
1233 5173 1435 5253 praemittere,
1468 5171 1577 5251 quihus
1606 5170 1657 5234 rel
1684 5188 1807 5250 comps-
1891 5245 1895 5253 ³

444 5259 520 5321 ratio
543 5259 707 5322 msutmcc
729 5265 790 5322 um
811 5259 902 5339 hujus
924 5259 1032 5339 libelli,
1061 5278 1152 5341 qnam
1173 5262 1292 5341 cognati
1314 5261 1411 5339 operis
1434 5257 1696 5340 Harmonicorum,
1728 5275 1807 5323 anuo
