4459 6275
517 779 581 841 380
1009 779 1153 855 Εριιοιιιι
1169 780 1360 837 Αιιιιιιοιιιιι

516 970 590 1016 ram.
634 952 685 1014 Sic
706 971 777 1016 vero
800 971 906 1034 corpus
928 955 1045 1019 Saturni
1068 965 1121 1037 put
1142 957 1264 1019 ιιιιιιιι
1284 957 1412 1035 alicujns
1439 956 1577 1035 planetae
1599 972 1793 1035 nequaquam
1814 955 1878 1017 dari

516 1049 615 1120 potest
636 1058 775 1103 mensura
795 1046 838 1102 rei
860 1046 1032 1121 utriusque:
1063 1046 1099 1105 de
1122 1060 1182 1123 quo
1203 1062 1317 1105 rursum
1338 1053 1431 1106 testas
1451 1045 1629 1105 adduximus
1650 1046 1879 1106 obsenauoasa

517 1129 722 1191 diametrorum
745 1139 849 1191 ιιιιιι.
892 1131 965 1193 sois
987 1135 1075 1210 igitur
1096 1133 1187 1193 Terra
1210 1131 1434 1195 taliamentum
1455 1142 1517 1209 est;
1540 1152 1559 1193 a
1580 1150 1720 1193 mensura
1741 1149 1815 1193 saro
1829 1131 1879 1191 di·

517 1218 698 1279 mensionum
712 1227 816 1281 natura
831 1219 963 1297 postulat
985 1222 1099 1281 initium
1122 1220 1184 1281 lieri
1208 1221 1454 1281 conformationis.

601 1305 650 1365 De
670 1308 801 1367 ron'totc
828 1307 1020 1369 ammosa
1040 1308 1153 1368 borram
1174 1324 1226 1368 tec
1256 1308 1415 1384 globorum
1442 1307 1518 1384 quid
1546 1306 1736 1367 mudum?
1768 1306 1878 1377 Primo,

516 1407 574 1452 non
606 1399 651 1451 est
678 1401 922 1473 consentaneum,
953 1395 1076 1455 candem
1108 1398 1139 1454 in
1162 1395 1299 1457 omuibus
1320 1413 1385 1456 esse
1405 1394 1580 1454 densitatem
1601 1397 1756 1455 materiae.
1801 1393 1878 1455 liam

515 1480 566 1537 ubi
589 1482 753 1539 ιιιιιιιιιι
774 1489 820 1539 ιιι
841 1481 942 1557 aliqua
964 1499 1119 1561 corporum
1139 1482 1313 1556 multitudo,
1345 1484 1386 1543 ibi
1409 1484 1499 1542 etiam
1522 1480 1724 1541 conditionum
1748 1482 1878 1541 sanetas

516 1564 554 1627 ad
582 1564 798 1627 distinctionem
820 1568 989 1630 adhibenda
1010 1572 1078 1643 luit,
1110 1578 1143 1630 ut
1171 1578 1270 1631 essent
1297 1569 1348 1629 illa
1378 1586 1446 1629 rere
1468 1567 1570 1629 multa
1614 1568 1784 1646 Praedpna
1806 1584 1877 1628 raro

516 1669 684 1730 corporum,
714 1663 749 1713 nt
771 1672 909 1732 corporo,
942 1656 1070 1717 conditio
1094 1665 1139 1718 cst
1161 1660 1276 1718 interna
1298 1656 1451 1735 dispositio
1473 1658 1606 1734 partium
1651 1656 1728 1715 Nam
1755 1654 1877 1715 molium

516 1743 711 1817 inaequalitas
739 1741 956 1819 quodammodo
979 1746 1150 1822 corporibus
1172 1747 1244 1820 ipsis
1272 1745 1381 1805 accidit
1402 1753 1521 1823 propter
1548 1743 1737 1820 superdcies,
1769 1742 1876 1803 molam

516 1828 695 1900 definientes,
718 1847 773 1889 nec
795 1847 863 1906 pars
886 1833 999 1892 iuterna
1020 1834 1149 1908 corporis
1171 1834 1257 1891 unius
1279 1850 1298 1891 a
1319 1840 1402 1908 parte
1423 1830 1544 1892 alterius
1567 1831 1623 1891 irae
1644 1830 1733 1891 molis
1750 1833 1877 1891 ιιιιιιιιι·

412 1964 414 1969 ,
517 1916 674 1993 scriptione
689 1915 794 1977 dillert.
830 1917 1023 1996 Praecipuum
1046 1935 1118 1980 vero
1132 1926 1332 1996 argumentum
1355 1918 1600 1979 dissimilitudinis
1615 1918 1806 1979 materiarum
1820 1917 1877 1977 da·

515 2006 589 2063 citur
611 2021 630 2063 a
652 2003 899 2081 mntemplatloue
922 2006 1134 2081 periodieorum
1158 2016 1329 2083 temporum,
1352 2015 1475 2084 atquae
1496 2022 1555 2065 non
1570 2004 1713 2082 procedit,
1734 2008 1762 2065 si
1782 2007 1877 2066 iacia-

515 2108 579 2151 mus
595 2090 718 2151 eandem
739 2091 894 2168 globomm
910 2093 1093 2167 densitatem,
1117 2102 1149 2153 ut
1170 2095 1245 2154 inira
1259 2093 1421 2153 audiemus.

603 2177 754 2252 Secundo,
782 2189 1008 2240 consentmreum
1039 2190 1100 2253 est,
1137 2189 1170 2242 ut
1200 2181 1338 2258 quodque
1366 2198 1472 2256 corpus
1500 2189 1546 2240 est
1568 2178 1632 2241 Soli
1660 2180 1805 2254 vicinius,
1836 2183 1877 2241 ita

517 2276 547 2329 et
576 2266 696 2327 densius
718 2284 793 2327 essa.
838 2267 913 2328 Nam
942 2278 972 2328 ιι
994 2268 1045 2329 Sol
1075 2272 1138 2347 ipse
1160 2278 1206 2329 est
1236 2271 1366 2328 omnium
1388 2284 1540 2345 corporum
1564 2270 1656 2327 totius
1678 2267 1781 2327 muudi
1803 2268 1877 2329 dan·

517 2356 680 2426 sissimum,
710 2354 796 2430 cujus
824 2356 867 2414 rei
890 2358 1089 2416 testimonium
1118 2356 1252 2434 perbibet
1282 2359 1424 2417 immonsa
1445 2354 1598 2432 multiplex
1621 2357 1685 2424 vis,
1715 2370 1797 2432 qnaa
1817 2372 1874 2413 aon

516 2450 615 2519 potsst
643 2458 708 2502 essa
736 2443 800 2502 sine
832 2442 965 2519 subjecto
988 2446 1227 2521 proportiouam3
1259 2452 1288 2503 et
1310 2443 1376 2504 loca
1397 2446 1478 2519 ipsa,
1508 2453 1609 2503 centro
1632 2444 1746 2515 vicina,
1779 2441 1875 2503 ideam

517 2527 663 2605 quandam
695 2530 849 2606 angustiae
880 2538 999 2607 gerum,
1029 2532 1127 2608 qualis
1153 2539 1199 2591 est
1226 2533 1257 2590 iu
1285 2531 1514 2591 condensatione
1544 2531 1685 2592 materias
1709 2529 1826 2591 multas
1846 2532 1875 2589 iu

515 2617 613 2677 locum
635 2625 801 2694 angustum.
885 2641 893 2663 ι

601 2703 720 2765 Tertio:
743 2721 839 2781 nequa
854 2712 953 2765 muron
968 2705 1162 2781 magnitudini
1177 2721 1331 2782 corpomm
1345 2704 1604 2783 proportionaliter
1617 2706 1673 2763 erit
1686 2702 1876 2766 admatisuda

516 2794 633 2865 raritas,
663 2793 803 2869 parvitati
831 2790 970 2853 densitas.
1017 2793 1107 2855 Verbi
1135 2810 1239 2864 eausa,
1272 2792 1412 2852 distantia
1438 2790 1525 2851 simul
1552 2800 1583 2851 ιι
1604 2791 1772 2868 amplitudo
1792 2792 1873 2869 globi

516 2881 646 2941 Saturnii
675 2897 727 2958 per
747 2880 899 2957 superiora
928 2889 972 2940 est
1000 2879 1038 2940 ad
1066 2880 1234 2940 distantiam
1258 2879 1355 2955 adque
1384 2877 1606 2956 amplitudinem
1636 2878 1720 2956 globi
1747 2878 1875 2941 Jorialls

516 2978 548 3029 ut
576 2970 613 3028 10
636 2966 675 3027 ad
699 2970 717 3026 ι
741 2968 810 3029 iere.
856 2968 931 3027 Dico
962 2966 1138 3028 densitatem
1163 2966 1303 3028 materiae
1330 2970 1359 3025 in
1381 2966 1471 3043 globo
1492 2964 1614 3025 Saturni
1637 2966 1676 3027 ad
1699 2965 1873 3027 derrsitatem

518 3058 548 3115 in
570 3056 660 3134 globo
676 3053 764 3115 Jovis
786 3072 844 3116 uon
867 3072 932 3116 esse
955 3057 984 3114 ln
1001 3072 1037 3115 aa
1059 3057 1247 3132 proportione
1262 3055 1457 3128 statuendam,
1480 3062 1619 3129 quaeest
1641 3056 1717 3115 intor
1732 3056 1752 3111 b
1767 3055 1807 3116 ad
1825 3058 1872 3118 ιιι.

515 3145 630 3205 tiamsi
647 3146 713 3221 qnia
735 3144 791 3204 hoo
811 3151 990 3220 sequeretur,
1014 3145 1039 3203 is
1060 3152 1196 3220 peccaret
1214 3144 1277 3219 jam
1299 3145 1329 3201 in
1352 3143 1442 3203 aliam
1466 3143 1619 3202 varietatis
1641 3141 1752 3218 legam,
1782 3145 1874 3204 inuo-

516 3232 626 3293 duceus
654 3233 769 3307 copiam
798 3233 938 3291 materiae
964 3247 1021 3291 non
1053 3230 1254 3307 inaequalem,
1284 3229 1338 3290 sod
1368 3230 1492 3291 eandem
1521 3246 1573 3305 per
1604 3245 1706 3290 omnes
1727 3230 1872 3306 planetas

515 3318 714 3396 Multiplicata
737 3320 813 3377 enim
837 3319 914 3378 mole
937 3318 1055 3377 Saturni
1070 3321 1121 3377 Ι10
1144 3321 1173 3376 iu
1204 3318 1378 3378 densitatem
1402 3320 1437 3392 ι,
1471 3315 1601 3393 prodiret
1623 3319 1708 3392 eopia
1732 3322 1873 3380 materiae

517 3409 567 3479 50,
592 3406 762 3464 tantundem
778 3406 898 3479 scilicet,
922 3415 1073 3480 quantum,
1096 3407 1121 3466 si
1145 3405 1253 3465 molem
1268 3404 1356 3464 Jovis
1380 3407 1398 3463 5
1422 3409 1451 3463 in
1467 3406 1642 3464 densitatem
1657 3405 1723 3480 ejus
1743 3408 1784 3464 ιι)
1797 3407 1874 3465 mul·

516 3494 689 3571 tipllcasses.
737 3495 775 3551 eit
797 3492 1004 3569 praestabilius
1028 3502 1058 3553 et
1081 3495 1211 3553 ornatius
1234 3510 1299 3553 esso
1323 3492 1453 3566 videtur,
1487 3502 1517 3550 ut
1544 3508 1641 3568 neque
1669 3492 1765 3552 moles
1792 3496 1873 3570 ipsae

515 3581 668 3658 globorum
692 3580 825 3640 diversae
848 3581 1001 3640 densitatis
1024 3582 1082 3639 sint
1106 3583 1181 3641 inter
1203 3598 1235 3639 se
1258 3580 1407 3655 aequales,
1433 3597 1527 3655 neque
1541 3579 1670 3638 densitas
1695 3581 1723 3637 iu
1748 3580 1874 3641 molibus

514 3668 667 3742 globorum
699 3670 904 3744 inaequalibus
927 3668 965 3727 sit
988 3668 1107 3741 eadem,
1138 3685 1234 3744 neque
1257 3670 1345 3726 otiam
1368 3670 1453 3746 copia
1475 3669 1615 3727 maurina
1639 3668 1817 3742 aequalibus
1837 3671 1874 3725 sit

515 3756 669 3816 distributa
692 3757 876 3832 portionibus
898 3772 950 3830 per
972 3773 1073 3815 omnes
1096 3754 1211 3830 globos,
1233 3754 1310 3813 mole
1332 3763 1361 3813 et
1376 3754 1520 3814 densitate
1542 3756 1683 3814 materiae
1704 3754 1873 3814 distinctos:

516 3846 587 3920 quin
611 3845 708 3920 potius
731 3852 763 3903 ut
785 3847 883 3903 omnia
907 3845 1028 3916 varient,
1053 3851 1084 3902 ut
1108 3859 1167 3918 quo
1190 3841 1291 3902 ordine
1313 3842 1393 3916 globi
1417 3841 1541 3901 mobiles
1566 3840 1632 3899 inde
1655 3861 1674 3899 a
1696 3853 1798 3902 centro
1816 3845 1871 3900 sibi

516 3934 640 3992 invicem
661 3930 831 4004 succedunt,
855 3930 957 3991 codem
982 3932 1069 3990 etiam
1092 3930 1216 4006 (ordine,
1240 3932 1369 4005 inquam,
1392 3947 1449 3988 non
1473 3926 1671 4005 proportione)
1694 3946 1754 3988 non
1777 3933 1873 4007 spatia

514 4027 628 4079 mutum
656 4035 808 4096 corporum
832 4021 920 4094 inquo
944 4020 979 4077 ιιι
1002 4021 1165 4090 raritatem,
1196 4016 1248 4076 sed
1271 4019 1363 4092 ipsam
1387 4020 1475 4076 etiam
1498 4017 1637 4076 materiae
1659 4019 1777 4092 copiam
1802 4020 1873 4094 ipsis

514 4105 721 4166 admotiamur:
753 4115 786 4165 ιιι
815 4108 839 4165 ιι
870 4107 1013 4167 Saturnus
1045 4106 1166 4164 baberet
1195 4106 1311 4179 copiam
1340 4108 1479 4163 materiae
1503 4106 1561 4175 bii,
1592 4101 1665 4161 Jovi
1689 4105 1872 4180 relinquatur

515 4196 610 4253 minus
637 4193 755 4268 quidem
779 4211 868 4269 quam
889 4197 939 4263 50,
962 4193 1029 4268 plus
1051 4202 1149 4250 tamen
1173 4209 1262 4267 quam
1286 4191 1436 4250 dimidium
1461 4192 1518 4261 25,
1548 4197 1620 4265 puta
1643 4192 1718 4251 loric
1744 4195 1803 4252 36:
1831 4195 1871 4252 ιιι

516 4284 593 4339 enim
618 4290 701 4338 erunt
723 4298 846 4357 corpora
866 4280 983 4355 quidem
1008 4289 1039 4338 ut
1063 4281 1126 4338 50:
1144 4281 1202 4350 ιι,
1226 4282 1310 4355 copia
1333 4281 1473 4338 materiae
1496 4286 1528 4335 ut
1551 4280 1592 4336 ιθ
1608 4296 1615 4333 :
1633 4279 1689 4348 ³6,
1713 4283 1820 4340 raritas
1841 4289 1872 4340 at

518 4370 639 4426 50:36
664 4367 712 4428 vel
736 4372 775 4426 36
793 4388 800 4425 :
819 4371 870 4440 ιδ,
893 4385 945 4426 seu
969 4368 1113 4426 contraria
1137 4366 1266 4426 demutas
1289 4375 1321 4425 ut
1344 4368 1466 4424 25:36
1492 4364 1538 4424 vel
1563 4367 1603 4422 36
1621 4384 1630 4421 ε
1648 4365 1700 4423 50.

603 4454 757 4514 l'raeterea
772 4473 838 4515 cum
854 4454 979 4514 antebac
994 4454 1203 4530 aequalitatem
1221 4456 1325 4529 copiae
1339 4451 1498 4513 materialis
1520 4469 1615 4511 essem
1629 4461 1760 4524 secutus,
1783 4471 1872 4514 coac·

516 4551 563 4600 tus
578 4560 643 4601 snm
659 4544 864 4603 transscribere
888 4542 1080 4617 magnitudini
1097 4559 1250 4618 corporum
1265 4543 1481 4618 proportionem
1504 4542 1635 4615 ipsorum
1657 4541 1870 4614 periodieorum

516 4639 686 4706 temporum,
713 4638 744 4688 ut
766 4633 843 4690 sicut
857 4630 1000 4692 Saturnus
1023 4630 1112 4689 babet
1136 4633 1292 4700 30anuos,
1315 4628 1506 4704 depuerit,
1529 4630 1572 4686 sic
1596 4629 1686 4686 otiam
1707 4629 1872 4705 amplitudo

515 4718 668 4792 globorum
684 4717 811 4776 Saturnii
835 4717 873 4775 ud
895 4716 1045 4778 douialem
1068 4729 1146 4777 esset
1168 4725 1201 4775 ιιι
1224 4719 1265 4775 30
1287 4714 1325 4774 ad
1353 4720 1400 4773 ia.
1446 4714 1531 4773 Hauc
1555 4730 1623 4772 vero
1640 4720 1870 4790 proportionem,

516 4813 548 4863 ut
569 4807 699 4874 nimiam,
722 4804 943 4863 observationes
965 4805 1172 4864 diametrorum
1196 4821 1278 4863 meae
1302 4812 1332 4863 et
1355 4802 1437 4862 lierni
1461 4801 1681 4875 redarguerunt.

602 4891 729 4966 Quarto:
760 4894 975 4966 proportionem
1006 4894 1109 4967 copiae
1137 4890 1296 4951 materialis
1324 4908 1389 4950 esso
1416 4889 1600 4948 statuendam
1628 4892 1763 4964 praecisa
1785 4890 1871 4950 dimi·

516 4980 593 5039 diam
622 4980 819 5054 proportionis
847 4979 967 5038 molium
996 4996 1048 5038 seu
1072 4978 1296 5055 amplitudinum
1326 4979 1368 5053 (ιι
1389 4980 1433 5037 ιιι
1454 4976 1636 5051 sesquiplam
1663 4975 1870 5038 diametrorum

517 5070 544 5123 iu
568 5066 665 5140 globis
688 5074 717 5123 et
740 5063 910 5124 dodrantem
932 5064 1160 5144 superficierum)
1187 5069 1244 5125 ista
1274 5065 1406 5124 suadent.
1452 5064 1527 5122 Nam
1558 5066 1652 5139 primo
1675 5066 1719 5123 sic
1743 5065 1809 5136 tier,
1839 5077 1869 5124 ut

517 5165 575 5211 tam
598 5152 672 5212 baec
694 5153 797 5227 copiae
820 5156 983 5229 proportio,
1016 5171 1103 5229 quam
1127 5152 1294 5224 densitatis,
1322 5161 1446 5227 utraque
1468 5154 1506 5210 sit
1529 5149 1651 5210 dimidia
1674 5156 1870 5229 proportioa'a

516 5239 736 5301 intervallomm
759 5257 778 5300 a
798 5238 877 5314 Sola,
901 5249 990 5318 atquo
1011 5243 1054 5302 ιιι
1076 5240 1251 5320 aequalibus
1272 5241 1457 5319 portionibus
1485 5237 1564 5300 illins
1586 5242 1787 5321 proportionis
1814 5241 1869 5302 sibi
