4459 6275
875 791 959 850 issum
975 791 1106 861 Quartus.
1140 791 1211 849 Part
1226 791 1329 849 Tertia.
1714 798 1778 861 m

419 968 511 1033 iim
532 969 704 1049 obducitas,
726 987 805 1048 quae
825 972 856 1030 iu
878 971 972 1032 latum
994 970 1096 1045 tandit,
1120 988 1175 1031 sca
1195 970 1323 1048 angulus
1336 970 1511 1045 latitudiuis,
1534 988 1595 1048 quo
1608 970 1780 1034 dabditatnr

420 1059 552 1136 ipsorum
575 1076 658 1137 opus,
681 1058 829 1119 sensibilis
852 1064 923 1130 erat,
948 1058 995 1117 irie
1018 1059 1173 1121 discrimen
1195 1060 1272 1119 inter
1293 1067 1391 1137 partes
1414 1059 1495 1135 globi
1517 1058 1671 1137 planetarii
1693 1070 1723 1120 st
1737 1062 1780 1121 sic

418 1145 495 1205 iatar
518 1148 659 1206 terminos
681 1146 820 1206 librarum
843 1145 1017 1220 latitudiuis,
1040 1148 1205 1223 proximum
1220 1145 1285 1206 Soli
1306 1153 1337 1206 et
1355 1147 1583 1207 remotissimum
1604 1148 1644 1207 ab
1662 1164 1707 1222 eo,
1731 1149 1779 1207 cui
1875 1160 1878 1167 ’

418 1230 592 1293 tummim
613 1235 864 1309 transcripsimus
885 1241 997 1294 motum
1019 1233 1162 1309 limitum,
1192 1232 1281 1295 valde
1302 1234 1379 1296 erile
1400 1240 1460 1295 est:
1488 1233 1556 1310 jure
1578 1236 1667 1310 igitur
1689 1237 1779 1296 etiam

418 1334 497 1398 opus
518 1320 577 1382 hoc
596 1322 694 1398 ipsura
716 1323 812 1382 minua
835 1327 881 1382 eat
902 1321 964 1383 illo.

417 1454 458 1519 V.
494 1457 551 1520 Da
586 1456 809 1538 duplicatis
836 1459 968 1520 Lunae
1000 1459 1370 1536 inaequalitatibus
1401 1478 1608 1559 earumque
1637 1462 1779 1524 causis.

509 1579 595 1641 Mar
616 1599 662 1657 eo,
685 1598 765 1658 quae
785 1583 930 1643 Mamur
952 1583 1108 1658 diepam
1129 1590 1204 1642 aunt
1222 1582 1260 1642 dc
1281 1586 1395 1654 mutis,
1418 1583 1528 1659 quiores
1549 1588 1774 1660 primariorum

418 1674 522 1731 m
543 1671 609 1728 veri
630 1671 790 1746 mpliciter
811 1671 988 1747 memsam
1009 1669 1191 1744 redduntur,
1213 1674 1306 1730 etism
1327 1670 1364 1728 de
1379 1669 1482 1745 Lusco,
1505 1671 1686 1732 secundario
1706 1674 1778 1747 plo·

419 1763 508 1830 aaa,
540 1763 614 1817 aaut
636 1758 857 1834 intdlipmdoi
894 1761 919 1821 l.
942 1755 1070 1817 Omnino
1099 1756 1218 1834 quidem
1240 1756 1326 1818 Luna
1353 1759 1431 1817 eirca
1452 1757 1572 1821 Tenem
1601 1758 1724 1819 eandem
1747 1761 1776 1818 ir

418 1860 528 1920 gwere
551 1843 674 1905 sormam
695 1852 793 1906 motus
816 1846 990 1918 aemulatur,
1013 1863 1103 1922 quam
1127 1845 1285 1905 observant
1307 1847 1437 1923 primarii
1458 1848 1535 1906 eirca
1551 1845 1660 1921 Solem,
1683 1863 1778 1922 eoque

419 1932 510 1993 aum
533 1931 652 1993 easdem
674 1934 705 1991 in
726 1934 791 2010 eius
814 1950 935 2011 corpore
958 1948 1065 1993 causas
1086 1940 1216 1993 statuere
1238 1932 1389 2005 debemus,
1416 1931 1504 1993 libras
1526 1952 1631 2012 nempe
1653 1950 1778 2010 magne-

419 2020 494 2081 ticas
525 2026 708 2097 tractumque
730 2037 830 2082 sarum
853 2019 1036 2082 rectilineum
1060 2027 1088 2081 et
1110 2018 1215 2096 plagas
1239 2019 1328 2096 hujus
1350 2027 1460 2081 tractus
1482 2024 1656 2096 coutrmias,
1688 2038 1777 2082 uuam

419 2105 542 2183 pisam
564 2105 674 2170 Terrae
704 2110 843 2183 amicam,
871 2108 1027 2169 adversam
1049 2109 1216 2187 iuimipam3
1244 2115 1371 2168 tractum
1393 2108 1519 2184 denique
1540 2109 1619 2170 hunc
1639 2109 1778 2169 librarum

418 2192 476 2255 sibi
505 2194 564 2270 ipsi
590 2212 643 2272 per
672 2204 767 2257 totum
794 2196 897 2256 ianuae
928 2198 1080 2257 circuitum
1110 2194 1323 2272 propemodum
1351 2193 1540 2272 parallelum3
1575 2204 1608 2257 u't
1636 2196 1779 2257 translata

418 2278 506 2343 iana
533 2282 687 2343 inlocum
717 2287 886 2363 oppositum
924 2284 976 2344 liat
1005 2284 1183 2360 pennatatio
1214 2281 1368 2359 plagarum
1396 2289 1426 2342 et
1457 2283 1618 2345 secuudum
1653 2286 1778 2344 amicam

418 2367 584 2429 tttralratur
606 2369 692 2431 Luna
716 2389 739 2455 p
760 2375 858 2450 specie
880 2373 1010 2450 eorporis
1032 2369 1172 2442 Telluris,
1203 2369 1365 2430 secuudum
1387 2371 1535 2430 inimicam
1558 2387 1629 2432 vero
1650 2371 1793 2448 repella--

418 2462 481 2530 trrr,
511 2473 607 2534 uque
635 2461 749 2520 ratione
776 2467 874 2519 motus
899 2460 964 2535 ejus
987 2460 1077 2519 etiam
1097 2459 1128 2515 iu
1150 2455 1272 2534 longam
1294 2456 1344 2517 vel
1366 2458 1502 2517 incitetur
1526 2459 1575 2518 rel
1595 2459 1778 2532 remittatur3

416 2543 548 2620 itemque
570 2543 645 2605 alias
665 2546 754 2608 libras
778 2549 909 2625 corporis
931 2553 1046 2624 oportet
1069 2547 1235 2621 concipere,
1259 2545 1368 2621 quibus
1391 2544 1495 2606 Lunae
1517 2544 1709 2607 coniiciuntur
1730 2546 1778 2607 di-

416 2635 585 2711 gressiones
607 2635 646 2694 ab
669 2633 812 2712 ecliptica.

524 2732 558 2788 in
574 2733 713 2804 praesenti
737 2733 875 2789 schemate
893 2741 958 2791 sunt
975 2733 1100 2805 expressi

416 2810 489 2867 mar
506 2810 613 2879 aliquot
631 2812 733 2869 Terrae
750 2831 812 2869 eum
830 2814 1005 2882 circumacto
1022 2817 1099 2872 coelo

416 2890 523 2960 lima,
541 2892 615 2947 enea
631 2892 722 2948 Solem
740 2894 842 2961 emtis3
860 2899 888 2949 et
904 2893 932 2947 iu
950 2893 1027 2950 coelo
1044 2895 1099 2950 Lu·

416 2986 470 3029 aaa
493 2969 563 3027 ritus
586 2970 691 3041 aliquot
708 2971 795 3041 ipsius
812 2972 921 3038 Lunae,
943 2972 1016 3030 circa
1033 2974 1099 3029 Tar·

416 3066 477 3107 rara
496 3050 596 3106 euntis.
631 3049 725 3120 Imago
749 3066 814 3106 vero
831 3051 949 3119 lingulas
966 3054 1098 3124 magneti·

416 3144 467 3186 cae
485 3124 619 3194 significat
636 3126 720 3184 fibras
737 3128 766 3184 in
784 3128 864 3199 globo
876 3130 972 3185 Lunae
990 3126 1100 3202 ma'gnez

415 3209 499 3275 tiras,
524 3207 623 3277 quibus
640 3207 719 3263 Luna
737 3207 810 3264 eirea
826 3207 938 3263 Terram
956 3208 988 3264 fit
1005 3226 1098 3267 eccen-

415 3288 497 3344 trlea.
532 3288 602 3344 Nam
625 3304 718 3344 mucro
740 3288 773 3358 A,
799 3289 830 3356 B,
855 3288 883 3358 C,
906 3288 940 3357 D,
964 3289 998 3355 Ε,
1023 3289 1054 3359 F,
1074 3290 1097 3343 (i

415 3365 554 3438 signidem
575 3365 684 3436 plagam
701 3365 803 3423 Terrae
825 3367 939 3423 amicam
964 3375 992 3423 et
1011 3368 1100 3439 rergd

415 3445 443 3500 lu
460 3445 659 3516 longitudinem
680 3446 796 3502 mediam
808 3446 964 3502 secundam.
1001 3448 1099 3517 Itaque

415 3525 496 3582 [aaa
519 3526 555 3581 ad
577 3524 617 3595 A,
641 3524 665 3580 G
687 3526 741 3580 sita
765 3533 809 3580 est
829 3524 918 3581 madio
943 3525 1005 3583 looo
1027 3527 1099 3582 iuter

415 3605 1099 3676 mmaapogaeummnanoet

415 3684 500 3755 paulo
520 3692 585 3741 aute
602 3700 763 3754 apogaeum,
781 3684 815 3740 ad
829 3685 849 3739 0
861 3685 945 3754 paulo
958 3692 1022 3755 post
1033 3700 1099 3754 apo·

416 3779 521 3836 poam,
540 3764 576 3820 ad
593 3765 628 3834 R,
646 3765 669 3820 F
687 3764 770 3835 paulo
789 3772 853 3821 ante
870 3764 1036 3834 perigaenm

507 3860 536 3916 2.
568 3856 610 3917 At
631 3873 697 3916 cum
719 3856 768 3916 hie
783 3855 886 3916 Lunae
908 3862 1005 3914 motus
1022 3856 1119 3914 cirea·

415 3941 549 4017 Turum,
564 3950 599 4004 ut
612 3961 702 4021 supra
716 3950 762 4004 est
777 3943 963 4020 explicatum,
985 3960 1004 4000 a
1020 3939 1098 4005 duo·

416 4031 473 4093 bus
495 4031 591 4092 veluti
613 4030 744 4092 lontibus
767 4030 929 4104 derivetur,
960 4030 1096 4087 nimirum
1146 4055 1152 4068 ·

416 4126 446 4179 et
467 4136 488 4179 a
512 4118 664 4178 volutione
687 4119 792 4177 diuma
815 4118 936 4189 Terrae,
969 4132 1045 4191 quae
1069 4123 1113 4174 est
1134 4114 1329 4174 meditullium
1353 4118 1428 4177 coeli
1451 4120 1536 4195 parri
1560 4117 1678 4189 Lunae,
1707 4124 1738 4177 et
1759 4137 1779 4178 a

416 4205 571 4268 volutione
594 4204 672 4267 Solis
696 4208 879 4268 encastum
902 4220 996 4277 arem,
1019 4205 1072 4280 qui
1093 4202 1146 4263 Sol
1168 4201 1361 4264 meditullium
1385 4213 1430 4266 est
1453 4208 1533 4267 orbis
1556 4207 1668 4281 magni,
1693 4221 1776 4263 eom-

416 4295 515 4356 mauis
537 4292 649 4354 Telluri
678 4303 707 4354 ct
738 4293 821 4355 coelo
846 4292 962 4353 Lunae:
993 4290 1171 4352 rationabile
1194 4289 1331 4367 equidem
1353 4294 1421 4366 erit,
1454 4301 1487 4353 ut
1508 4310 1599 4355 verus
1628 4300 1659 4366 et
1688 4291 1778 4351 realis

417 4379 522 4444 Lunae
545 4388 643 4440 motus
665 4384 742 4441 circa
756 4380 877 4440 Tenum
900 4383 1001 4458 (etiam
1023 4380 1053 4438 iu
1077 4387 1220 4455 quantum
1241 4388 1338 4439 mente
1359 4387 1527 4442 remoretur
1547 4382 1586 4439 ab
1606 4380 1671 4456 ipso
1694 4395 1778 4440 corn-

417 4470 514 4530 umis
537 4467 591 4528 illa
612 4475 641 4530 et
664 4470 719 4528 toti
740 4466 824 4531 coelo
849 4468 949 4528 Lucae
972 4465 1168 4527 accidentaria
1192 4465 1372 4528 circumlatio
1394 4470 1471 4528 circa
1485 4463 1600 4548 Solem)
1623 4466 1700 4526 duos
1722 4483 1777 4527 re·

417 4556 472 4618 luti
503 4556 601 4618 ioutes
631 4555 740 4618 habeat
762 4557 947 4633 patiaturque
979 4571 1080 4615 omnes
1107 4556 1277 4616 affectiones
1299 4555 1365 4615 ilias
1389 4554 1537 4631 duplices,
1568 4571 1643 4630 quas
1665 4553 1775 4614 habent

417 4652 516 4706 noma
538 4645 743 4721 primariorum
765 4641 907 4720 singulas.
953 4644 1052 4719 Atque
1075 4642 1104 4700 id
1128 4645 1243 4720 egregie
1266 4649 1408 4703 consonat
1422 4643 1622 4720 experientias
1643 4650 1674 4702 et
1695 4644 1776 4719 scitis

418 4730 564 4794 artificum
585 4740 616 4792 et
637 4732 793 4792 vocubulis
815 4733 904 4807 ipsis,
936 4729 1051 4790 eahae
1073 4728 1271 4807 duplicatione
1294 4732 1375 4790 ortis.
1421 4729 1487 4790 Non
1510 4736 1623 4790 tautum
1645 4731 1723 4789 enim
1745 4730 1776 4786 iu
1883 4721 1891 4733 '

418 4820 630 4897 superioribrrs,
652 4834 705 4896 pro
728 4836 774 4894 eo,
798 4817 878 4895 quod
900 4824 962 4878 erat
986 4819 1016 4876 in
1038 4819 1241 4894 primariorum
1263 4816 1381 4893 aliquo,
1411 4824 1510 4878 motus
1531 4816 1646 4878 medius
1667 4815 1772 4875 solita·

418 4908 478 4968 rias
501 4908 532 4967 in
555 4906 642 4968 era
662 4907 718 4967 luit
739 4914 769 4966 et
791 4905 904 4965 medius
926 4913 957 4966 ct
979 4906 1103 4965 variatio
1126 4908 1347 4965 semimenstrua
1369 4903 1458 4979 hujus
1477 4903 1582 4979 medii,
1612 4899 1775 4965 sedetiam

418 4993 582 5069 hocloco,
613 5012 680 5057 curn
703 4999 800 5072 agitur
828 4994 865 5053 de
887 5000 985 5053 motus
1006 4991 1096 5068 hujus
1119 4992 1328 5069 inaequalitate
1351 4990 1514 5069 periodica,
1545 5009 1622 5068 quae
1649 5005 1708 5047 uon
1730 4998 1777 5047 ast

420 5084 643 5146 mmmmm
673 5090 708 5142 ut
741 5083 881 5154 variatio,
918 5079 971 5141 sed
999 5087 1148 5140 menstrua
1177 5097 1229 5140 seu
1257 5081 1357 5156 potius
1386 5079 1581 5153 sommariis,
1610 5075 1775 5152 deprehen-

420 5167 516 5234 ΜΝ
538 5186 592 5249 pro
615 5168 741 5252 simplici
763 5168 889 5245 alicujus
916 5168 1046 5245 primarii
1066 5165 1212 5244 duplicem
1234 5166 1336 5230 Lunae
1358 5168 1554 5228 intensionem
1576 5171 1605 5225 st
1625 5164 1776 5226 remissio·

1491 5267 1568 5328 ’ἰδ’
