4459 6275
881 789 1098 860 ··oonpesm
1112 789 1335 847 amamus·
1397 800 1400 827 =
1739 792 1782 857 se

442 968 687 1046 iliuesiarpiieis
709 971 796 1028 toties
817 985 926 1049 ponere
944 976 977 1028 ot
998 969 1028 1026 io
1050 986 1083 1029 se
1098 969 1306 1047 multiplicare,
1328 974 1404 1046 quot
1422 975 1493 1029 suut
1513 969 1544 1027 iu
1562 966 1782 1029 denumerem

440 1055 798 1133 reduplicetae-unitates.
839 1056 913 1116 Esto
935 1055 1058 1133 simplex
1081 1058 1155 1117 iuter
1171 1059 1192 1116 2
1209 1062 1240 1117 et
1255 1059 1284 1130 8,
1307 1058 1456 1133 quaeritur
1478 1055 1565 1131 huius
1587 1053 1691 1131 triple:
1713 1070 1782 1132 ergo

439 1145 498 1202 tria·
517 1145 597 1202 tiu
628 1161 662 1205 so
688 1144 871 1220 multiplico,
896 1142 971 1202 liunt
992 1145 1029 1215 8,
1058 1145 1178 1204 sintrio
1200 1145 1279 1203 iiio
1306 1160 1338 1204 se
1368 1143 1457 1203 ducta
1486 1143 1679 1216 sumunt-ih
1713 1158 1783 1219 orgo

438 1246 525 1307 quae-
543 1231 621 1292 irtar
643 1232 661 1289 8
685 1238 716 1289 et
735 1234 775 1290 ti
807 1237 851 1290 est
872 1230 960 1306 triple
986 1229 1083 1304 iilius,
1114 1247 1190 1307 quas
1213 1232 1288 1291 inter
1310 1234 1328 1288 2
1352 1233 1433 1303 eod.
1478 1229 1545 1291 Hoc
1565 1227 1781 1306 modo.potoet

438 1319 581 1378 constitui
610 1324 639 1377 et
666 1316 858 1394 sesquialtero
879 1319 1030 1396 proportio
1051 1320 1261 1401 proportionis,
1292 1320 1317 1376 si
1346 1319 1427 1396 priua
1449 1320 1596 1383 minorem
1617 1320 1781 1399 terminum,

437 1405 467 1464 iii
484 1404 775 1482 estproporiiouem
797 1404 959 1481 simplicem
980 1406 1211 1482 bisonem,.quia
1231 1408 1326 1465 minor
1346 1406 1485 1466 terminus
1506 1403 1717 1480 sesquialterae
1738 1413 1783 1465 ost

438 1495 466 1565 i,
489 1495 636 1569 quaeritis
658 1491 804 1552 mdidbns
828 1490 977 1567 quadratio
1000 1493 1064 1568 ojus
1085 1495 1288 1568 terminorum,
1308 1491 1424 1553 „deindo
1449 1493 1497 1553 his
1522 1490 1670 1553 radicibus
1692 1495 1782 1553 teroir

439 1582 469 1638 b
489 1596 527 1640 se
554 1587 657 1639 mutuo
678 1579 894 1656 multiplicatio,
926 1581 996 1656 quie
1022 1578 1118 1655 major
1138 1581 1279 1664 terminus
1302 1574 1515 1656 sesquialterae
1535 1580 1623 1641 esti
1653 1585 1685 1639 et
1703 1580 1782 1655 quis,

438 1666 519 1744 quod
547 1675 594 1727 est
620 1669 712 1733 totms
740 1666 979 1743 sesquialterum,
1009 1666 1038 1725 id
1066 1669 1197 1745 somissis
1226 1677 1272 1728 ost
1300 1667 1425 1744 triplum.
1467 1664 1553 1727 Haeo
1580 1673 1627 1726 est
1652 1665 1793 1742 doctriua,

437 1753 617 1815 Ptolemaei·
632 1753 668 1814 de
696 1755 915 1832 proportionum
943 1752 1159 1831 compositione.
1179 1760 1214 1815 ot
1241 1754 1407 1828 divisiones
1430 1755 1563 1814 inuenies
1586 1770 1650 1814 eam
1680 1754 1783 1830 procul

439 1841 531 1901 iuisio
552 1844 584 1900 in
603 1842 743 1901 clusine
757 1843 923 1902 actoribus
939 1849 968 1901 et
990 1844 1020 1901 ie
1041 1841 1161 1914 Olario,
1183 1848 1295 1918 estque
1321 1841 1422 1917 aliqua
1452 1842 1518 1918 eius
1533 1858 1606 1917 pore
1628 1839 1783 1917 inneguie

440 1931 575 2006 quinque
594 1935 625 1989 et
645 1931 676 1986 in
696 1929 869 1989 fractionum
896 1927 1138 2005 multiplicatione
1161 1936 1191 1989 ot
1212 1926 1374 2003 divisioue3
1403 1927 1456 1988 red
1476 1931 1627 2008 negotium
1654 1944 1714 1987 uon
1737 1935 1782 2002 ost

438 2015 531 2094 plane·
547 2016 630 2077 idern·
647 2023 678 2076 et
698 2015 860 2076 ceredum
882 2034 901 2076 a
921 2017 1100 2086 contusione.
1146 2016 1238 2077 Detur
1253 2014 1552 2093 proportioeimplox
1571 2017 1678 2075 interi
1703 2022 1737 2076 st·
1750 2018 1780 2089 9,

440 2106 592 2181 quaeritur
606 2102 826 2181 aliasimpler,
849 2120 925 2179 quae
947 2120 1012 2163 cum
1034 2105 1091 2165 ists
1109 2105 1271 2163 constituat
1285 2102 1519 2180 'reduplieaiam,
1547 2118 1624 2178 queo
1644 2101 1781 2163 denomi-

439 2198 523 2253 netur
554 2189 761 2274 aesquialtera:
792 2206 901 2267 qusoro
932 2184 1044 2259 radie'qs
1073 2186 1154 2251 dot
1184 2197 1216 2251 et
1238 2191 1274 2263 9,
1304 2197 1477 2266 quaesunt
1499 2193 1518 2249 i
1542 2197 1572 2249 ot
1594 2191 1631 2265 83
1664 2190 1781 2266 etjam

441 2282 459 2338 i
484 2320 493 2338 .
518 2281 537 2337 i
561 2322 571 2338 .
594 2281 612 2337 2
639 2303 676 2328 =
702 2279 730 2348 8,
755 2280 783 2337 3.
806 2279 878 2337 ee
905 2302 941 2329 =
967 2281 1031 2350 ei,
1053 2279 1209 2354 utigitur
1234 2275 1330 2337 nitere
1350 2277 1473 2361 simplex
1498 2272 1636 2354 quaesim
1664 2278 1783 2338 interi

438 2374 466 2426 et
488 2368 542 2428 il.
588 2363 701 2440 Quodsi
722 2367 869 2443 proportio
891 2367 1098 2442 proportionis·
1114 2364 1201 2426 datae
1226 2363 1333 2426 ‹l'oboat
1359 2381 1425 2425 esee
1449 2359 1566 2448 ¹⁰⁰l„„
1596 2363 1781 2440 queoreudae

441 2460 540 2514 esseut
563 2453 676 2513 radices
698 2456 882 2512 tonnitorum
904 2455 1054 2513 comesimi
1075 2452 1184 2513 ordinis
1197 2460 1241 2512 ·et
1269 2461 1338 2512 tnnc
1360 2451 1540 2530 smgnisrum
1562 2452 1692 2512 radicum
1716 2453 1779 2511 203

439 2535 525 2599 iuro
547 2548 647 2612 meost
667 2537 920 2619 multiplicandos,
951 2558 1037 2616 quem
1058 2539 1189 2619 lebcmm
1218 2546 1252 2600 ut
1273 2556 1396 2611 ,sumam
1427 2540 1512 2607 Deus
1539 2545 1669 2612 erertst3
1702 2538 1779 2597 snm

438 2628 667 2701 ierant-sutem
696 2640 762 2687 euru
789 2626 955 2702 legaritirmi
976 2627 1082 2703 Nepoti
1110 2624 1414 2688 iuriis-iurodibns·
1427 2628 1562 2688 numeru.
1614 2625 1779 2701 Diligenter

440 2717 529 2791 igitur
545 2721 606 2775 est·
618 2713 858 2797 attendendum,¹
872 2713 989 2790 quando
1007 2715 1161 2791 quontites
1183 2713 1285 2790 aliqua
1298 2712 1429 2791 'simplex
1459 2713 1508 2774 vei
1529 2712 1644 2773 munilia
1667 2712 1780 2772 dicatur

427 2802 559 2862 -sltoriru
584 2800 725 2878 simplicis
758 2803 929 2877 quantitatis
951 2801 1162 2878 perquisitura,
1182 2809 1232 2867 ,ot
1247 2801 1370 2878 quondo
1407 2802 1555 2878 proportio
1575 2800 1780 2886 proportionis

438 2888 554 2951 dicatur
581 2904 646 2949 esse
675 2887 874 2964 sesquialter.
921 2889 963 2949 lit
987 2890 1062 2961 hoec
1089 2887 1284 2949 consideratio
1315 2890 1433 2948 omuino
1458 2887 1556 2948 locum
1583 2888 1781 2955 oecononum

436 2976 526 3037 hahet
546 2978 578 3034 in
600 2974 709 3035 muudo
731 2984 849 3052 propter
868 2978 962 3052 ipsam
977 2975 1173 3037 conditionem
1187 2993 1342 3037 austrum
1361 2977 1550 3037 morutium.
1593 2967 1667 3034 lion
1682 2981 1781 3051 potest

438 3066 515 3125 onim
537 3062 709 3141 simpliciter
729 3065 840 3140 quseri,
864 3081 939 3139 quse
960 3058 1170 3142 sit'proportio
1190 3063 1484 3142 periodicitemparis
1505 3062 1544 3123 ad
1558 3061 1780 3139 amplitudinem
1851 3104 1853 3109 -

439 3153 537 3225 neu,
563 3158 671 3212 ¹esseut·
687 3153 762 3209 enim
784 3153 842 3211 ista
865 3152 1042 3212 diversorum
1063 3167 1220 3229 generum,
1249 3148 1443 3229 ini'osmpus,
1470 3151 1520 3212 hie
1539 3150 1617 3211 linea
1638 3149 1781 3211 roudh-

439 3246 548 3315 rsster3
569 3255 630 3299 nse
647 3254 699 3315 per
720 3255 820 3298 omnes
840 3237 974 3314 planetas
995 3245 1094 3317 potest
1116 3257 1182 3299 esse
1201 3239 1321 3312 eadem,
1343 3241 1414 3315 quie
1433 3233 1492 3299 nou
1514 3237 1592 3299 idom
1613 3240 1697 3315 vigor
1718 3239 1780 3297 vir·

437 3330 507 3387 tutis
530 3328 679 3386 moventis
699 3325 778 3403 opud
796 3342 906 3385 omues.
950 3326 1024 3386 Cum
1047 3343 1175 3404 quaero,
1206 3343 1282 3403 quse
1302 3328 1343 3385 sit
1362 3328 1514 3404 proportio
1536 3323 1649 3403 periodi
1671 3324 1709 3385 sil
1731 3341 1780 3388 err·

436 3414 509 3489 beor,
535 3415 637 3491 inepta
658 3419 704 3471 est
725 3416 871 3488 quaestio,
893 3415 965 3489 quia
986 3413 1124 3491 periodus
1147 3420 1191 3474 est
1214 3422 1338 3490 tempus,
1360 3415 1439 3474 orbis
1463 3412 1599 3488 estliu'oa
1620 3409 1780 3493 (hocloco)

437 3515 488 3562 seu
506 3503 586 3560 iter.
633 3499 707 3559 eum
733 3517 815 3571 vero,
831 3517 954 3576 quaero,
985 3519 1063 3577 quoe
1092 3503 1131 3561 'sit
1156 3502 1306 3579 proportio
1328 3500 1512 3578 periodorum
1540 3500 1577 3560 ati
1601 3502 1703 3573 orbes,
1732 3499 1780 3560 irie

435 3577 714 3665 *irmingardem
736 3595 782 3654 ost
802 3586 928 3664 aliquid,
951 3588 1063 3651 scilieet
1085 3589 1114 3646 in
1137 3588 1215 3649 hune
1235 3588 1370 3647 modumr
1401 3606 1478 3666 queo
1501 3590 1541 3647 eit
1560 3588 1709 3665 proportio
1731 3604 1779 3648 ro·

438 3675 590 3754 duplicata
610 3676 806 3753 proportionis
827 3675 967 3751 simplicis
989 3672 1174 3753 periodorum
1195 3675 1234 3736 od
1248 3679 1466 3754 proportionem
1480 3675 1640 3752 simplicem
1656 3676 1778 3734 orbium.

436 3764 511 3824 ilem
534 3762 610 3823 haee
629 3762 770 3821 tortitudo
799 3779 850 3822 sou
872 3765 1005 3823 remissio
1034 3757 1133 3839 potins
1162 3766 1291 3844 metricis
1313 3781 1421 3824 causeo
1449 3765 1686 3840 proportionetur
1707 3764 1779 3838 ipsis

436 3850 586 3911 muron
605 3848 791 3925 planetarum
812 3846 962 3908 mobilium
985 3868 1004 3910 a
1025 3849 1103 3924 Sole,
1126 3850 1206 3911 ioute
1227 3860 1335 3925 motus,
1360 3850 1555 3928 leprosum
1576 3849 1779 3927 srchetypieis,

437 3954 497 3998 uuo
528 3936 654 3997 oonsilio
688 3937 843 4013 quaesitis,
876 3935 928 3995 sed
958 3940 1132 3998 necessitato
1160 3940 1350 4014 geometrice,
1378 3941 1474 4015 quam
1496 3954 1551 4014 ego
1580 3937 1619 3996 ad
1640 3937 1779 4004 materies

437 4027 645 4088 munitatem
666 4024 773 4083 referre
794 4022 885 4095 soleo,
898 4027 940 4082 ut
961 4026 1000 4083 sit
1020 4026 1108 4084 etiam
1129 4042 1186 4085 sue
1206 4026 1521 4102 geometriaemuteria
1544 4025 1587 4102 (tu
1603 4023 1651 4083 hie
1666 4030 1696 4084 et
1708 4022 1780 4084 alibi

433 4129 480 4173 me
508 4114 639 4190 potoris·=
652 4113 769 4187 egregio
794 4110 900 4185 juvere
921 4104 1136 4189 suppeditando
1156 4113 1303 4174 sumbola
1332 4111 1454 4186 idonea,
1488 4129 1525 4171 ex
1547 4108 1779 4188 quibus-philo·

436 4200 562 4278 sophiae
581 4198 822 4274 nnutuoperiti
851 4205 977 4275 mentem
999 4216 1093 4259 meam
1121 4216 1226 4277 cepere
1247 4199 1381 4277 possint).
1426 4198 1538 4276 Quodsi
1565 4195 1643 4258 ossei
1663 4197 1778 4275 pondre

436 4287 512 4348 idem
536 4284 810 4347 eiuumrebendum
836 4285 867 4343 in
890 4286 1024 4346 omnibus
1040 4286 1182 4362 orbibus,
1212 4303 1271 4346 nou
1295 4286 1415 4348 dubium
1439 4294 1497 4360 est,
1531 4287 1600 4362 quin
1628 4287 1777 4363 proportio

434 4373 652 4452 pedodieorum
670 4374 769 4434 lutura
789 4373 877 4434 luerit
897 4372 987 4450 duple
1008 4373 1045 4433 ad
1067 4376 1284 4451 proportionem
1312 4372 1544 4447 intervallorum,
1575 4374 1643 4460 loge
1664 4389 1777 4434 rursum

434 4464 613 4538 geeneoma
644 4466 674 4522 et
699 4462 873 4521 securiore
900 4462 1059 4535 manueli,
1074 4469 1076 4474 '
1089 4465 1160 4537 quin
1189 4469 1305 4539 tompus
1326 4460 1506 4539 periodicum
1535 4463 1720 4537 componitur
1741 4477 1777 4520 ox

434 4555 557 4626 utroquo
580 4565 629 4609 re:
663 4545 692 4627 i)
713 4565 750 4607 ex
772 4547 849 4606 dicta
871 4550 1040 4609 remissione
1055 4550 1172 4626 rigoris
1193 4552 1353 4623 moventis,
1384 4557 1417 4608 ut
1438 4550 1561 4624 quisque
1581 4547 1702 4625 planeta
1724 4564 1777 4606 or-

435 4638 540 4710 tenor,
572 4631 857 4715 2)exproii1itete
884 4635 996 4711 circuii3
1029 4652 1151 4712 quarum
1174 4635 1295 4697 duarum
1318 4633 1561 4712 rerum'utrsque
1583 4634 1664 4715 (quia
1686 4632 1777 4694 inter·

435 4723 546 4785 rollum
571 4730 618 4783 est
638 4722 717 4782 erbis
731 4721 957 4804 semidiameter)
978 4726 1214 4800 proportionetur
1228 4723 1390 4784 intervallis
1404 4724 1434 4779 in
1449 4723 1637 4801 proportione
1650 4722 1775 4798 simplo3

431 4813 553 4890 inomao
580 4812 669 4887 igitur
700 4811 730 4867 in
757 4804 945 4887 proportione
978 4809 1077 4887 duple.
1120 4810 1203 4872 Haec
1231 4813 1319 4889 igitur
1348 4812 1495 4887 proportio
1523 4809 1722 4887 periodorum.
1738 4810 1776 4868 ad

433 4896 711 4961 mbes'estreadem
741 4915 793 4974 por
816 4914 916 4958 omnes
937 4898 1021 4975 bigae
1043 4897 1225 4975 planetarum
1254 4906 1402 4973 uteturque
1424 4893 1639 4975 suspiriorum,
1674 4903 1776 4972 estque
1876 4954 1878 4958 .

433 5005 491 5047 nou
513 4984 702 5063 aequalitatis
723 4988 888 5062 proportio,
919 4991 953 5044 ui
975 4986 1148 5046 concinnum
1170 4988 1266 5046 visum
1296 4990 1342 5054 eet
1362 4983 1523 5044 Aristoteli.
1569 4983 1627 5044 Sed
1654 4999 1710 5042 uec
1727 4991 1777 5044 'eei

434 5073 524 5152 dupla
547 5073 762 5157 proportioni
783 5071 876 5133 videri
898 5072 988 5133 elicui
1008 5075 1196 5153 possit,'neu
1219 5073 1316 5133 omnio
1338 5071 1409 5146 ejus.
1422 5072 1566 5147 puucipia
1589 5068 1775 5147 expendenti,

435 5160 554 5220 soron
573 5161 725 5237 proportio
747 5160 940 5236 sesquialtera
959 5178 1011 5238 per
1031 5178 1134 5220 omues
1149 5161 1232 5236 bigas
1245 5159 1439 5237 planeteurm.
1459 5209 1462 5214 ,
1482 5155 1586 5242 Utrum
1606 5173 1675 5217 vero
1698 5174 1775 5236 pon·

435 5246 487 5310 im
512 5246 592 5309 idom
612 5247 644 5307 in
665 5247 801 5310 omnibus
821 5247 950 5328 planetis
971 5264 1035 5311 esse
1047 5241 1163 5326 leont,
1185 5259 1230 5310 ats-
1246 5245 1375 5321 dium,
1404 5250 1434 5306 ot
1454 5243 1485 5303 iu
1507 5261 1567 5324 qua
1585 5247 1774 5326 proportione
