4459 6275
449 791 511 856 888
559 834 561 838 -
930 787 972 842 De
990 787 1104 845 Tabulis
1122 788 1304 860 Rudolphinis

439 963 510 1019 tina:
535 962 645 1017 Gratim
669 977 720 1030 ugo
743 962 779 1016 ob
802 961 952 1017 eucarium
975 960 1043 1017 illud
1065 962 1237 1033 primumque
1261 970 1369 1032 gustum
1392 965 1491 1021 nobilis
1514 980 1634 1036 operae,
1657 982 1737 1036 quam
1752 974 1795 1021 tna

433 1055 546 1095 munere
569 1040 635 1095 mihi
658 1040 736 1096 licuit
759 1055 793 1097 ex
818 1039 922 1095 chartis
943 1038 998 1094 illis
1023 1039 1173 1099 initialibus
1198 1040 1327 1098 delibare.
1369 1043 1431 1099 Non
1455 1045 1586 1100 morabor
1613 1044 1698 1101 isthic
1718 1046 1794 1101 ambi

435 1119 540 1187 bosus,
567 1133 618 1174 nec
636 1118 740 1186 indiges
760 1125 789 1172 tu
809 1118 959 1187 peregrinis
978 1117 1104 1174 laudibus
1123 1121 1230 1189 privato
1248 1120 1350 1188 indice,
1373 1122 1534 1179 eruditionis
1552 1130 1622 1179 tuae
1638 1126 1797 1181 conscientie

438 1212 558 1255 securus.
577 1197 679 1252 -Die
700 1199 740 1253 10.
759 1197 848 1252 Junii:
869 1197 1003 1253 Constitui
1018 1196 1129 1254 differre
1145 1199 1279 1255 hactenus
1297 1200 1399 1271 literas,
1418 1218 1564 1271 quousque
1583 1206 1738 1259 auctarium
1753 1207 1794 1261 ali·

441 1276 513 1348 quod
533 1275 567 1331 de
585 1291 646 1330 mea
665 1290 748 1345 opera
766 1275 936 1331 redhiberem
955 1283 982 1332 et
1002 1276 1080 1331 simul
1108 1278 1175 1331 certi
1193 1278 1296 1348 aliquid
1315 1286 1493 1349 optatumque
1506 1283 1618 1339 Vienna
1635 1286 1795 1341 nunciaret:

442 1372 513 1411 nuuc
531 1356 570 1411 ita
587 1356 734 1417 usuvenit,
755 1362 784 1408 nt
804 1368 912 1422 possem
924 1362 1059 1409 neutrum.
1095 1354 1166 1413 Nam
1185 1356 1294 1411 chartas
1311 1372 1385 1412 meas
1404 1362 1598 1431 typographus
1616 1370 1751 1433 moratur,
1773 1376 1797 1419 et

435 1434 541 1490 Vienna
564 1442 670 1489 mature
690 1433 858 1503 aliquidaut
881 1430 914 1487 de
938 1448 998 1487 meo
1022 1433 1135 1488 consilio
1155 1436 1383 1504 exspectare-uix
1407 1446 1500 1507 potes,
1528 1452 1680 1513 postquam
1704 1442 1796 1499 subditi

436 1529 545 1570 canaam
569 1514 633 1569 Dux
657 1510 922 1581 Witrttembergicus
945 1511 1086 1580 receperit.
1129 1513 1224 1581 ltaque
1252 1513 1305 1568 alio
1327 1513 1506 1573 declinandae
1534 1530 1602 1575 suut
1628 1522 1750 1579 rationes
1773 1540 1795 1580 et

435 1607 502 1667 sane
525 1593 559 1647 ad
582 1593 699 1648 vicinam
718 1591 886 1646 academiam.
908 1598 955 1645 aut
978 1590 1103 1659 proxima
1127 1592 1248 1661 comitia,
1271 1608 1341 1661 quae
1360 1594 1438 1661 ajunt
1460 1596 1595 1653 inclinare
1614 1600 1795 1661 Ratishontm

435 1672 661 1740 occasionemque
680 1671 751 1725 iortc
769 1668 886 1738 aliquam
905 1676 1066 1737 suggerent,
1093 1684 1108 1723 e
1127 1668 1225 1725 uicinia
1247 1687 1308 1726 cum
1327 1672 1383 1726 Ser.
1403 1674 1531 1731 Electore
1551 1679 1690 1734 Barariae
1707 1681 1795 1737 transi

433 1753 713 1822 gendi,·praesertim
738 1751 762 1805 si
779 1749 862 1804 editio
881 1748 985 1803 interea
1003 1749 1063 1818 ejus
1082 1752 1283 1821 commentarii,
1309 1752 1342 1806 da
1366 1768 1420 1819 quo
1446 1756 1613 1826 scripseras,
1640 1768 1795 1827 maturetur,

433 1846 570 1901 quamque
594 1830 635 1884 nti
655 1844 752 1902 ¹omues
767 1829 940 1883 vehementer
958 1829 1123 1899 approbant,
1148 1831 1187 1885 ita
1211 1847 1265 1886 non
1291 1829 1419 1899 dispicio,
1446 1836 1680 1903 quemadmodum
1706 1854 1797 1908 operae

434 1910 508 1981 apud
526 1909 578 1964 hoa
597 1907 811 1978 typographicae
829 1908 871 1962 rel
889 1907 921 1961 in·
935 1914 1012 1962 tanto
1032 1923 1205 1964 numerorum
1224 1910 1338 1979 penuria
1355 1912 1397 1965 rel
1415 1914 1444 1967 in
1463 1921 1540 1970 taum
1551 1932 1671 1985 operum
1690 1918 1796 1973 aliorum

433 1987 589 2059 frequentia
606 2003 702 2043 curare
720 2002 754 2042 ex
777 1994 825 2041 tuo
844 1995 907 2041 roto
927 1995 954 2041 et
972 1986 1034 2042 libri
1052 1988 1185 2056 dignitate
1208 1990 1323 2058 possint.
1343 2021 1376 2031 -
1395 1993 1447 2048 Die
1470 1995 1515 2048 25.
1532 1996 1625 2051 Junii:
1650 1996 1749 2066 Nuper
1763 1997 1795 2051 itt

433 2086 485 2126 usu
504 2067 590 2135 venit,
615 2073 645 2121 nt
662 2066 736 2135 apud
755 2067 901 2120 Doctorem
920 2065 1105 2134 experientem
1124 2074 1152 2123 et
1171 2069 1217 2135 qui
1234 2068 1358 2136 proxime
1378 2070 1485 2127 Vienna
1503 2083 1618 2127 uenerat
1637 2075 1794 2129 menuouem

434 2150 551 2205 iacerem
570 2145 604 2200 de
622 2144 750 2200 subsidiis
769 2144 944 2214 pecuniariis.
979 2144 1033 2214 Ait,
1052 2144 1162 2201 facilius
1180 2146 1260 2215 longe
1278 2147 1324 2201 hic
1342 2149 1370 2202 iu
1388 2150 1487 2207 ricinia
1499 2169 1584 2223 quam
1605 2154 1730 2209 Viennae
1745 2170 1794 2209 rem

433 2225 549 2296 transigi
565 2238 656 2295 posse,
674 2223 697 2277 si
713 2223 831 2292 primum
850 2222 1017 2293 intelligatur
1036 2239 1069 2277 ex
1090 2228 1235 2291 quaestore
1252 2226 1414 2294 Augustano
1440 2231 1490 2297 (lei
1509 2234 1561 2285 tem
1581 2233 1793 2301 bieimiuirnuiup

435 2313 503 2377 ampl
520 2320 561 2375 gut
578 2304 736 2372 iiuqipurp),
756 2303 865 2371 quinam
884 2315 918 2355 ex
932 2301 1052 2357 Suevicis
1071 2301 1188 2357 statibus
1207 2310 1317 2373 quotam
1332 2322 1409 2361 suam
1428 2309 1570 2377 proximae
1583 2310 1721 2379 imperiali
1738 2328 1793 2365 con·

434 2384 576 2445 tributioni
588 2398 642 2438 non
656 2381 837 2450 exhibuerint
856 2396 918 2435 nam
933 2378 1015 2435 talem
1033 2382 1186 2451 quempiam
1205 2391 1306 2439 statum
1325 2393 1352 2439 et
1366 2394 1570 2442 numeraturum
1589 2388 1618 2441 iu
1632 2389 1719 2445 lucris
1731 2390 1793 2459 ejus-

430 2463 675 2528 modi-creditoris,
693 2476 754 2518 cnm
767 2476 821 2529 qno
838 2474 854 2513 e
872 2458 958 2514 ricino
971 2466 999 2514 et
1017 2460 1102 2516 amice
1120 2461 1234 2529 transigi
1250 2462 1350 2531 possit,
1375 2474 1401 2516 et
1423 2467 1530 2519 exorari
1548 2466 1681 2523 iueillime
1698 2468 1793 2523 l'ienrr

433 2560 524 2616 posse.
559 2545 629 2599 Eam
653 2558 711 2597 rem
732 2548 760 2595 te
786 2552 950 2609 cognoscere
976 2553 1088 2592 necesse
1112 2538 1176 2606 suit,
1201 2540 1360 2608 priusquam
1384 2543 1487 2612 aliquid
1505 2546 1615 2602 Vienna
1640 2548 1788 2605 nunciatur.

435 2627 471 2681 D.
489 2625 571 2679 Pater
587 2619 738 2689 Zieglerus,
757 2615 915 2685 hioguntiae
928 2616 1064 2672 Electoris
1083 2618 1319 2687 confessionamus,
1337 2621 1460 2690 impense
1478 2632 1556 2694 optat
1570 2625 1791 2697 Rudolpheernm

432 2702 596 2773 exemplum.
633 2696 816 2777 Collocabitur
834 2696 903 2752 bene
923 2700 951 2750 et
967 2713 1018 2764 per
1035 2713 1097 2752 enm
1115 2698 1246 2754 destinari
1264 2700 1378 2756 alterum
1397 2702 1478 2757 etiam
1497 2707 1601 2773 poterit
1618 2706 1655 2761 ud
1675 2706 1792 2775 lingnii-

433 2798 494 2837 cum
511 2780 676 2835 illectorem.
712 2776 753 2830 De
772 2774 860 2845 pretio
880 2789 929 2842 ego
942 2782 1059 2848 ,curator
1077 2792 1130 2830 ero.

467 2864 470 2869 '
537 2857 588 2914 Die
606 2858 649 2914 26.
667 2855 800 2925 Augusti:
823 2852 885 2923 Ego
908 2861 936 2908 et
959 2854 1085 2923 priuatim
1109 2855 1174 2909 mihi
1199 2861 1226 2911 et
1245 2856 1351 2924 publice
1370 2859 1526 2926 posteritati
1550 2861 1586 2916 de
1606 2864 1723 2919 Tabulis
1741 2864 1789 2918 llu-

380 2962 383 2969 ·
433 2937 572 3009 delphinis
590 2936 765 2991 vehementer
782 2932 916 3000 gratulor,
940 2941 968 2987 et
991 2933 1063 2988 ioret
1086 2933 1131 2987 hic
1154 2949 1219 2989 sane
1244 2934 1319 2989 locus
1339 2939 1500 2993 excurrendi
1520 2940 1547 2992 in
1567 2940 1666 2998 laudes
1686 2958 1790 3011 exspec-

433 3019 484 3075 tati
503 3018 603 3088 operis,
621 3015 675 3071 nisi
692 3013 758 3068 mihi
776 3018 834 3067 tute
853 3009 978 3077 injiceres
997 3027 1107 3071 mauum
1126 3011 1244 3080 itemque
1262 3029 1295 3069 aa
1316 3016 1392 3070 serio
1407 3016 1520 3084 juberes
1538 3020 1664 3078 edicere,
1687 3024 1712 3076 si
1729 3038 1791 3091 quac

434 3100 463 3155 in
481 3113 514 3153 ea
532 3095 678 3166 scriptione
692 3093 763 3149 hono
782 3090 892 3164 publico
905 3088 1100 3146 observassem.
1140 3088 1259 3146 inseram
1273 3092 1355 3162 igitur
1368 3096 1430 3164 hoe,
1449 3097 1523 3167 quod
1535 3098 1563 3152 in
1583 3100 1690 3156 tabulis
1702 3116 1791 3172 amas·

434 3179 539 3233 tionum
563 3178 619 3230 uod
638 3173 800 3228 exhibentur
817 3176 946 3228 accurate
963 3170 1055 3238 anguli
1074 3170 1108 3225 ad
1128 3169 1230 3238 Solem,
1257 3173 1280 3227 si
1304 3188 1338 3228 ex
1363 3174 1499 3232 adnotatis
1524 3178 1666 3236 distantiis
1689 3197 1790 3250 coupa-

435 3263 536 3322 tentur,
555 3270 644 3322 neque
663 3250 779 3306 vicissim
798 3252 874 3320 ipsae
892 3249 1038 3304 distantiae
1057 3248 1083 3302 in
1097 3264 1130 3303 ea
1142 3250 1277 3304 anomalia
1294 3263 1453 3322 coaequata
1488 3257 1550 3312 h'on
1570 3275 1685 3316 recurro
1703 3259 1791 3316 hired

437 3341 567 3403 puuctum
587 3330 783 3399 aequaturium,
803 3330 850 3383 sed
870 3346 904 3383 ex
923 3329 1032 3395 uulgata
1050 3328 1238 3397 propositione
1261 3332 1344 3397 (quati
1363 3334 1437 3389 sinus
1457 3335 1571 3391 laterum
1592 3342 1700 3396 sinibus
1718 3359 1791 3398 aneu·

433 3413 520 3466 lorum
548 3411 603 3465 siut
630 3407 865 3477 proportionales).
902 3409 964 3464 Scio
991 3409 1086 3467 etiam,
1114 3416 1144 3463 ut
1171 3409 1342 3464 intervallum
1364 3412 1545 3479 planetarium
1571 3419 1607 3471 nd
1634 3423 1791 3475 autumabant

431 3485 558 3556 decemtri,
575 3488 614 3542 lta
626 3487 923 3543 samieceentricitatem
942 3488 976 3541 ad
990 3487 1119 3556 angulum
1138 3489 1448 3558 prosthaphuereticum‚
1469 3510 1518 3547 seu
1532 3495 1717 3552 differentiam
1730 3501 1791 3553 inter

434 3574 611 3636 coaequatam
635 3572 662 3619 at
685 3566 811 3620 eccentri.
848 3567 892 3621 Ex
915 3568 975 3634 ipso
998 3568 1166 3621 theoremate
1189 3570 1356 3635 prodeuntes
1381 3572 1473 3639 auguli
1492 3574 1526 3627 ud
1547 3576 1655 3632 Solem.
1683 3597 1707 3630 r.
1728 3597 1744 3636 n
1768 3580 1790 3632 in

432 3649 538 3705 theoria
557 3647 666 3709 Martis,
691 3645 770 3713 longe
795 3645 925 3699 differunt
949 3648 983 3700 ab
1002 3645 1047 3712 iis,
1074 3646 1119 3712 qui
1139 3647 1165 3699 in
1185 3647 1284 3701 tabidis
1303 3649 1476 3719 colliguntur.
1516 3655 1606 3708 Subiit
1627 3641 1751 3722 quidem,
1773 3657 1790 3708 si

434 3737 555 3785 centrum
575 3726 679 3794 figurae
697 3741 745 3779 seu
765 3725 868 3779 orbitae
888 3725 923 3779 sit
941 3724 1039 3779 mobile
1063 3733 1091 3779 et
1109 3726 1135 3779 in
1155 3728 1231 3793 uirgis
1254 3728 1326 3782 linea
1343 3745 1393 3796 per
1418 3733 1552 3798 quaedam
1575 3736 1655 3801 quasi
1677 3757 1790 3804 ntiquom

433 3810 554 3874 libretur,
569 3813 695 3860 constare
713 3804 765 3859 sihi
784 3803 893 3859 tubulas
911 3820 1005 3873 posse;
1025 3804 1073 3858 sed
1093 3806 1158 3873 qnid
1178 3807 1210 3860 de
1230 3807 1361 3874 ejusmodi
1381 3808 1525 3863 libratione
1540 3813 1656 3880 sentius,
1676 3814 1746 3868 malo
1763 3830 1789 3866 er

433 3896 494 3955 tuo,
517 3887 557 3940 vir
582 3883 744 3951 clarissime,
768 3882 871 3950 judicio
899 3899 1076 3951 cognoscere,
1109 3900 1189 3953 quam
1212 3902 1292 3955 porro
1317 3887 1419 3954 aliquid
1445 3890 1472 3943 in
1499 3892 1609 3945 (tomam
1635 3893 1708 3947 illam
1731 3909 1789 3961 epe·

433 3981 490 4019 ram
510 3965 619 4019 audere.

540 4052 671 4106 Rationes
697 4049 795 4117 quibus
821 4058 911 4104 motus
931 4049 1064 4117 lieplerus
1084 4049 1212 4104 elnam
1232 4051 1356 4120 elegerit,
1384 4053 1428 4106 uhi
1450 4060 1545 4125 typum
1565 4057 1736 4113 Talrularum
1752 4059 1789 4112 ab·

433 4131 563 4195 solueret,
591 4138 625 4183 e'x
641 4128 904 4183 Hebenstreitii
929 4131 981 4194 (etr.
1007 4133 1055 4180 rol.
1076 4132 1120 4182 lv.
1145 4147 1168 4194 p.
1195 4135 1261 4182 1733·
1286 4132 1408 4199 epistolis
1435 4135 1541 4188 eminus
1570 4149 1721 4205 apparent:
1741 4139 1787 4190 ani·

432 4227 505 4265 mum
530 4218 642 4265 senatus
666 4208 802 4263 Ulmensis
821 4208 986 4262 benevolum
1014 4208 1039 4259 in
1060 4208 1206 4276 lieplerum
1233 4212 1341 4278 saepius
1368 4211 1451 4264 refert
1471 4213 1709 4270 liebenstreitius.
1735 4216 1786 4268 itm

432 4291 545 4359 gratiam
571 4306 620 4359 pro
639 4288 805 4342 transmissis
830 4287 904 4341 libris
931 4293 958 4340 et
976 4287 1095 4340 fauorem
1115 4288 1284 4355 quorundam
1308 4288 1403 4342 ciuium
1423 4290 1603 4345 lllmensium.
1641 4294 1717 4348 llaec
1743 4309 1785 4344 m·

433 4370 504 4424 risse
523 4368 649 4423 ridentur
668 4366 824 4435 lieplerum,
843 4377 873 4420 ut
892 4367 926 4421 de
945 4367 1009 4422 sede
1029 4366 1134 4421 Ulmum
1153 4369 1342 4422 transferenda
1362 4369 1501 4437 cogitaret,
1524 4370 1586 4424 loco
1607 4373 1701 4441 quieto
1720 4369 1784 4424 loliis

436 4447 535 4517 ubique
555 4447 745 4514 saevientibus,
766 4455 793 4501 et
811 4447 1012 4502 llebcnstreitio
1032 4463 1097 4501 ursus
1117 4447 1152 4500 sit
1169 4447 1357 4501 intercessore.

538 4538 579 4591 Dc
592 4537 703 4605 liepleri
723 4535 838 4589 transitu
857 4536 926 4589 haec
945 4535 1047 4589 habent
1061 4533 1254 4588 Hebenstreitii
1273 4534 1414 4602 epistolae,
1435 4551 1550 4602 epularum
1570 4536 1681 4606 longam
1700 4538 1781 4592 serim

432 4615 501 4670 libro
521 4631 570 4669 suo
590 4615 731 4683 subjunxit
748 4615 915 4670 llanschius.
936 4615 1042 4668 omissis
1061 4629 1125 4666 rere
1144 4614 1254 4682 liepleri
1274 4614 1426 4683 responsis,
1446 4615 1502 4678 jam
1522 4614 1581 4668 siue
1602 4615 1686 4670 (irrisio
1704 4615 1783 4682 ‹leper-

433 4693 504 4748 ditis.
542 4694 656 4762 Scripsit
674 4691 719 4745 ille
741 4693 765 4747 d.
786 4695 827 4746 il.
842 4694 907 4762 hlaji
925 4695 1008 4749 1624:
1030 4691 1108 4760 erotl
1128 4698 1203 4745 turum
1223 4693 1320 4746 attinet
1333 4692 1510 4760 propositum.
1531 4707 1565 4744 eu
1586 4701 1668 4761 typos
1688 4707 1782 4746 nostros

434 4771 692 4840 cattiterographiae
721 4778 763 4825 tut
782 4772 903 4838 Scaliger·
926 4772 1071 4839 indigetat)
1091 4770 1222 4823 nullidum
1248 4786 1343 4823 venum
1367 4768 1558 4838 exponendos,
1586 4781 1670 4841 typos
1688 4774 1783 4840 iuquam

432 4851 535 4906 uallum
554 4850 633 4903 ctiam
653 4849 733 4903 alium
747 4849 774 4902 in
787 4849 875 4903 locum
894 4850 1082 4919 asportandos.
1121 4850 1149 4903 Si
1164 4849 1198 4902 ud
1218 4865 1267 4903 uos
1287 4865 1347 4902 eum
1366 4848 1420 4901 tuis
1439 4848 1524 4916 typis,
1545 4861 1659 4905 ruostrae
1677 4863 1783 4904 statura

433 4927 667 4997 respondentibus,
687 4926 834 4981 ascendere
854 4928 980 4996 voluteris,
999 4946 1080 4997 qurum
1099 4927 1257 4982 maturrime
1277 4928 1419 4982 certiorem
1433 4942 1475 4980 mc
1492 4927 1588 4982 tacito
1628 4929 1698 4986 Stant
1715 4929 1784 4984 aelus

434 5008 689 5076 cattiterographiae
708 5007 810 5060 uicinae
835 5009 938 5074 ubsque
957 5005 1104 5074 inquilinis,
1125 5005 1280 5060 commodae
1304 5020 1368 5060 saue
1387 5003 1495 5060 litturae
1519 5007 1575 5061 tuis
1596 5009 1697 5078 operis.
1733 5007 1785 5060 Sta·

435 5098 524 5142 curret
542 5089 591 5143 tibi
610 5088 742 5152 hlerkius,
759 5088 815 5153 jam
835 5099 984 5157 courector,
1005 5087 1050 5155 qui
1070 5094 1095 5140 et
1117 5087 1149 5141 de
1167 5103 1260 5141 musco
1280 5095 1307 5141 et
1326 5084 1450 5140 eubiculo
1471 5092 1497 5139 et
1517 5085 1551 5138 de
1570 5102 1676 5142 mensa.
1697 5102 1744 5155 po·
1761 5101 1785 5136 tu

434 5172 515 5231 atque
534 5183 651 5233 aequum
670 5165 750 5218 luerit
770 5174 854 5232 tuque
873 5166 1061 5236 postulaveris,
1081 5166 1130 5219 tihi
1150 5165 1339 5220 commodabit.
1378 5165 1418 5218 lle
1437 5166 1570 5234 perimone
1590 5166 1725 5220 incolatu
1744 5167 1785 5218 hor

437 5241 514 5312 habe,
534 5258 577 5298 me
595 5257 738 5299 numerare
757 5258 862 5300 annuos
881 5244 1053 5314 tedoreuos,
1073 5261 1165 5300 remum
1178 5244 1260 5301 aedes
1279 5244 1345 5300 satis
1364 5251 1427 5300 sunt
1439 5242 1572 5300 abiectae.
1607 5244 1687 5312 Quod
1707 5243 1785 5298 iacere
