4459 6275
515 774 578 838 ild
1008 770 1153 843 Eme-as
1168 771 1367 831 hannoniae

511 958 644 1031 sotatur
665 951 705 1012 ab
723 966 780 1011 aas
801 947 954 1027 aplanes,
977 967 997 1011 a
1018 966 1079 1028 qun
1101 968 1263 1030 suspensus
1285 960 1330 1013 eat
1350 950 1493 1030 globulus
1513 951 1646 1030 msdtua3
1678 960 1713 1016 st
1732 956 1874 1017 nucal-

510 1045 587 1100 tates
610 1038 675 1115 ejus
697 1041 726 1097 in
748 1037 858 1098 mundo
881 1047 1141 1116 repraesentantur
1162 1057 1216 1117 per
1236 1038 1323 1117 polos
1342 1039 1496 1117 whastac

579 1126 1358 1201 luschmtoildneaBAGaxisestBetholi.
1663 1186 1667 1193 ,

604 1211 661 1274 Ubi
679 1220 753 1273 susat
770 1212 837 1288 pola·
861 1211 1011 1273 Telluris?
1038 1212 1122 1273 Alter
1145 1219 1192 1274 est
1211 1211 1320 1273 abhinc
1341 1219 1423 1272 trans
1444 1228 1525 1272 mare
1547 1212 1690 1290 gnada
1722 1215 1807 1293 qnod
1828 1222 1873 1278 est

509 1307 579 1380 psat
600 1301 736 1375 Danlam,
760 1299 954 1377 Noraegiam,
978 1298 1172 1375 ldosooviam,
1195 1298 1348 1377 Lappiam,
1371 1298 1537 1360 Tartariam
1558 1303 1590 1359 in
1611 1299 1679 1362 loco
1700 1302 1817 1380 knuto,
1839 1313 1873 1364 at

511 1387 549 1451 de
571 1403 631 1465 qao
653 1403 712 1447 non
736 1394 865 1461 emetat,
888 1389 1011 1464 aquisns
1033 1388 1206 1464 superfusus
1228 1391 1285 1461 sit,
1307 1403 1345 1447 an
1367 1393 1474 1446 terrem
1496 1391 1695 1449 continentem
1717 1390 1871 1453 insulasve

382 1495 384 1499 ·
510 1474 631 1537 habeat.
677 1473 820 1551 ltaliam
842 1481 887 1535 est
909 1476 941 1533 in
962 1473 1127 1535 meditullio
1149 1481 1242 1535 terrae
1257 1472 1473 1551 lisgellanicae
1488 1474 1581 1537 multo
1604 1477 1700 1536 minus
1723 1481 1872 1556 cognitae,

510 1569 544 1622 ut
564 1562 649 1640 cujus
669 1562 757 1622 litora
777 1561 907 1621 nondum
930 1563 1117 1623 circumcirca
1138 1570 1207 1622 sunt
1230 1560 1345 1623 detecta
1365 1569 1396 1623 et
1417 1559 1579 1638 explorata,
1600 1562 1711 1625 uadunt
1733 1573 1770 1626 ut
1790 1569 1870 1629 salv

510 1667 585 1726 mas,
612 1657 756 1728 perpetue
777 1651 933 1710 introrsum
955 1652 1107 1711 continens
1129 1652 1177 1723 sit,
1199 1665 1237 1709 an
1260 1649 1390 1711 maribus
1413 1643 1546 1711 diremtass

596 1736 714 1799 Decus
734 1737 813 1799 ero
832 1740 1059 1813 primocasu
1079 1744 1109 1797 et
1129 1737 1214 1817 polea
1233 1735 1345 1797 Terrae
1363 1743 1512 1813 perpetuo
1533 1737 1639 1798 iisdem
1657 1738 1772 1811 Terrae
1789 1758 1867 1817 pus-

508 1824 587 1885 tidua
608 1825 783 1885 balucem:
805 1843 922 1902 quaem
943 1825 1025 1885 uude
1046 1825 1100 1886 doc
1118 1822 1247 1901 prodes?
1276 1822 1322 1884 Ex
1343 1823 1497 1886 altitudine
1519 1825 1582 1902 poli
1603 1824 1759 1903 sphaerae.
1792 1827 1869 1889 tta-

508 1913 535 1972 st
556 1911 618 1990 poti
640 1912 748 1973 Terrae
772 1920 950 1989 unguentur
971 1914 1002 1971 in
1026 1911 1180 1989 superficie
1202 1910 1347 1987 Telluris,
1378 1912 1502 1972 vertioes
1521 1912 1655 1974 locorum
1676 1930 1737 1974 non
1759 1918 1870 1979 radus·

507 2006 573 2060 rent
593 1997 717 2061 eaodem
740 1999 909 2061 circularem
925 1998 1093 2059 distantiam
1114 2017 1134 2060 a
1155 1998 1233 2076 polis
1255 1998 1416 2077 sphaerae,
1438 2000 1548 2076 qnippe
1571 2003 1622 2079 qui
1644 2009 1715 2063 suut
1743 2005 1869 2065 vute·

508 2086 644 2164 polorum
667 2086 792 2163 Terras;
820 2094 850 2148 et
871 2088 916 2146 sic
938 2103 996 2147 nou
1018 2103 1133 2164 semper
1162 2087 1280 2163 aequali
1303 2103 1373 2147 arcu
1395 2085 1561 2147 elevaretur
1581 2090 1612 2147 ln
1633 2088 1738 2166 aliquo
1759 2088 1868 2151 Terrae

507 2175 575 2235 loco
599 2183 678 2235 certo
701 2173 792 2252 polus,
809 2173 962 2253 sphaerae.
996 2172 1135 2235 Maueute
1159 2176 1248 2251 igitur
1262 2172 1415 2233 altitudine
1437 2173 1499 2251 poli
1520 2174 1664 2252 sphaerae
1687 2176 1866 2251 invariabili,

508 2270 543 2341 ut
565 2261 676 2325 dicetur
698 2252 774 2322 libro
796 2259 860 2342 111,
888 2260 950 2339 poli
971 2263 1062 2322 ctiam
1082 2260 1191 2322 Tenue
1213 2259 1318 2322 iisdem
1340 2259 1495 2327 Terrarum
1522 2259 1596 2323 locis
1618 2262 1795 2325 inhaereant
1814 2281 1868 2327 ns·

509 2356 752 2496 mffllaum
770 2434 836 2513 poli
856 2434 967 2496 massada·
987 2453 1040 2496 acu
1060 2434 1232 2513 aplucrue?
1262 2433 1428 2496 Transeunt
1450 2432 1487 2496 de
1510 2452 1570 2496 uno
1592 2434 1659 2497 loco
1681 2434 1810 2499 fixarum
1829 2434 1868 2501 ad

507 2521 599 2585 aliurn
627 2538 765 2585 successu
794 2522 975 2617 nuculeum,
1008 2531 1038 2585 et
1067 2523 1155 2583 hodie
1177 2522 1267 2599 alter,
1298 2528 1349 2604 qul
1371 2524 1457 2583 uobis
1480 2524 1510 2582 iu
1532 2522 1650 2603 Europa
1672 2541 1791 2605 semper
1810 2543 1866 2607 ap·

506 2620 600 2691 paret,
625 2610 824 2687 estproximo
846 2618 1007 2672 extremam
1029 2610 1142 2672 modae
1157 2606 1251 2670 Ursae
1273 2611 1401 2685 minoris,
1425 2609 1551 2672 alterum
1574 2612 1603 2669 iu
1625 2610 1756 2691 Europa,
1780 2613 1864 2691 Asia,

506 2697 644 2761 America
674 2705 704 2758 et
725 2714 834 2776 magna
856 2706 940 2776 parte
963 2698 1081 2759 atricae
1102 2713 1253 2775 nunquam
1276 2699 1438 2775 camimum
1471 2707 1561 2775 atque
1583 2699 1609 2758 is
1630 2698 1723 2760 lertur
1745 2700 1778 2760 in
1799 2698 1866 2763 loeo

508 2785 584 2850 coeli
608 2801 705 2846 vacuo
727 2802 747 2846 a
768 2783 863 2847 stellis
883 2784 950 2847 tlais
972 2784 1163 2846 notabilibus.

595 2872 752 2955 ammodo
773 2873 947 2953 appellatur
966 2874 1056 2951 polus
1076 2872 1162 2933 nodis
1185 2871 1397 2950 ammobilia?
1425 2872 1559 2933 treticus
1581 2870 1620 2933 ab
1644 2868 1722 2934 llraa
1742 2876 1865 2951 minore,

505 2979 610 3041 graece
632 2961 740 3040 ἄρκτος
761 2960 854 3040 dicta,
879 2968 908 3021 et
929 2959 1175 3038 septentrionalia,
1198 2958 1281 3041 quod
1304 2959 1407 3019 stellae
1428 2956 1521 3020 Ursae
1536 2958 1650 3021 Lattms
1672 2968 1790 3040 septem
1811 2962 1867 3025 bo·

505 3066 558 3110 res
579 3066 634 3110 eeu
657 3050 766 3109 triones
788 3047 931 3109 dicautur.
979 3046 1168 3125 Aqutlcnaria
1192 3048 1281 3108 etlam
1302 3064 1322 3107 a
1344 3053 1432 3108 rento
1455 3046 1614 3124 aquilone,
1637 3047 1690 3126 qul
1713 3052 1810 3128 spirat
1829 3066 1866 3113 ex

504 3134 557 3197 illa
577 3134 684 3215 plaga5
707 3136 750 3197 sic
773 3133 903 3198 borealis
932 3144 1062 3198 avanto
1085 3134 1186 3197 borea.

595 3222 752 3304 Quomodo
767 3222 879 3283 dicitur
892 3224 982 3300 polus
996 3221 1232 3301 inconspicuas?
1255 3221 1448 3297 Antarcticus,
1471 3225 1557 3299 quasi
1572 3225 1682 3284 arctico
1697 3225 1865 3302 oppositus,

503 3317 534 3372 et
547 3310 757 3385 meridionalis,
779 3308 859 3387 qnod
874 3312 959 3372 nobie
979 3313 1009 3370 ln
1024 3311 1080 3372 hac
1090 3310 1248 3371 medietate
1270 3309 1351 3388 globi
1366 3309 1474 3370 Terrae
1498 3311 1684 3371 versantibus
1702 3309 1757 3372 801
1772 3315 1862 3374 meri-

504 3397 609 3458 dianus
633 3405 736 3474 vergat
751 3400 780 3455 iu
802 3397 883 3457 illam
897 3398 1026 3477 plagam,
1050 3416 1152 3459 verens
1171 3415 1259 3474 quam
1274 3398 1361 3476 polus
1385 3399 1440 3459 lete
1462 3397 1518 3457 sub
1533 3396 1626 3460 Terra
1639 3398 1714 3459 latet
1727 3397 1865 3478 abditum

506 3485 643 3546 australis
658 3488 756 3558 etiam,
779 3484 859 3561 quod
874 3494 979 3546 ventus
995 3487 1033 3547 ab
1057 3485 1107 3546 illa
1124 3486 1213 3563 plaga
1235 3484 1273 3545 ad
1289 3503 1343 3545 nos
1366 3487 1487 3546 ueniens
1511 3493 1610 3546 auster
1632 3483 1809 3563 appelletur.

592 3571 657 3633 urar
685 3590 756 3632 uero
785 3572 1105 3648 aplusrcmutcriutis
1138 3573 1863 3649 cirealuncauumeuemetpoloscatoon·

502 3660 649 3732 solubilia,
671 3660 777 3737 plotus
797 3666 904 3720 contro
926 3661 1044 3721 medius
1064 3662 1112 3719 illi
1134 3660 1248 3738 affixus
1270 3668 1298 3719 ct
1318 3660 1493 3733 immobilis,
1527 3678 1598 3720 cram
1619 3678 1718 3737 supro
1740 3661 1864 3737 &aria

500 3747 663 3825 micam
683 3748 820 3825 fluuntm
841 3754 934 3822 aton,
968 3747 1095 3808 Terram
1118 3765 1202 3819 uero,
1228 3749 1316 3821 catius
1338 3748 1449 3824 effipia
1470 3754 1512 3806 cst
1533 3749 1584 3809 ille
1604 3749 1766 3824 pludulras,
1791 3767 1866 3811 uon·

501 3835 606 3897 uolui?
636 3836 698 3895 Etsi
734 3851 835 3894 rerum
862 3834 918 3895 hcc
945 3853 1034 3915 supra
1060 3834 1171 3895 dictum
1195 3842 1248 3906 est,
1272 3837 1343 3910 quia
1364 3844 1462 3895 tamen
1487 3838 1568 3895 visus
1598 3835 1697 3908 aliter,
1727 3839 1865 3896 nimirum

499 3922 681 4001 populariter
698 3922 823 3999 judicat,
846 3921 966 3983 Tenem
988 3931 1075 3996 staro,
1099 3921 1215 3982 coelum
1236 3921 1328 3995 volut,
1351 3920 1418 3981 ideo
1440 3922 1497 3982 troc
1512 3926 1542 3981 in
1564 3923 1691 3999 sphaera
1704 3920 1863 3998 materiali,

500 4008 538 4071 ad
569 4027 657 4071 unum
688 4009 800 4071 Terrae
831 4008 928 4070 locum
961 4009 1197 4084 accommodata,
1236 4011 1279 4069 sic
1309 4011 1488 4085 exprimitur.
1542 4010 1596 4069 list
1623 4013 1702 4070 anim
1735 4011 1864 4088 sphaera

500 4097 611 4177 effigies
633 4096 734 4158 mundi
757 4097 836 4177 talis,
859 4096 976 4174 qualem
999 4100 1057 4158 sibl
1081 4100 1161 4157 visus
1183 4104 1283 4157 noster
1305 4098 1491 4173 imaginatur,
1515 4105 1547 4156 ut
1569 4114 1658 4174 supra
1680 4097 1803 4158 dictum

585 4188 628 4245 st
648 4185 799 4263 pmmodo
821 4203 936 4260 cerusa,
960 4203 1040 4262 quoe
1060 4186 1184 4245 coelitus
1206 4188 1363 4258 conciunt,
1386 4201 1477 4243 verne
1497 4201 1609 4244 eumne
1630 4185 1715 4244 uude·
1733 4192 1865 4261 potami

497 4289 556 4348 per
575 4275 814 4333 tastamentum
833 4273 979 4352 falsitatis
995 4271 1171 4348 particeps?
1192 4270 1272 4331 Nihil
1294 4287 1348 4331 nos
1371 4269 1493 4349 impedit
1516 4272 1589 4331 haec
1611 4275 1693 4331 visos
1713 4271 1862 4352 deceptio,

479 4362 588 4419 =etiam
611 4362 640 4418 lu
663 4364 885 4420 instrumentum
908 4358 1009 4431 relata,
1034 4377 1093 4436 quo
1117 4362 1215 4419 minus
1238 4375 1323 4419 ueras
1346 4376 1451 4419 causas
1481 4359 1660 4419 insudamus.
1704 4357 1783 4421 llam
1805 4363 1863 4421 eb·

498 4445 556 4506 eull
579 4447 711 4524 plerique
734 4450 764 4506 in
787 4448 871 4507 coelo
895 4455 925 4506 et
947 4448 976 4503 in
991 4446 1083 4508 Terra
1105 4447 1194 4507 iidem
1217 4453 1286 4506 suut
1308 4454 1338 4507 et
1354 4448 1411 4505 sibi
1435 4449 1559 4508 invicem
1574 4445 1760 4508 subordiuati
1785 4448 1863 4510 linea

500 4551 537 4594 ex
552 4542 653 4594 centro
668 4534 776 4595 Terrae
792 4537 820 4594 in
836 4533 952 4595 coelum
967 4533 1082 4595 educta.
1117 4533 1187 4595 lam
1210 4541 1320 4594 eertum
1342 4542 1396 4610 est,
1419 4544 1516 4611 partes
1539 4545 1649 4595 tractus
1664 4534 1740 4595 coeli
1755 4554 1776 4596 a
1789 4537 1862 4596 anb-

496 4621 585 4698 Jsetls
607 4622 740 4700 partibus
762 4631 872 4683 tractus
895 4619 1022 4698 Terrae,
1046 4639 1098 4702 per
1120 4639 1195 4701 quos
1217 4628 1328 4681 tractus
1350 4629 1502 4682 transcunt
1523 4623 1554 4682 hl
1577 4620 1692 4696 circuli,
1716 4638 1736 4682 a
1757 4639 1792 4685 aa
1815 4627 1862 4684 ln·

499 4711 593 4770 ricem
616 4713 744 4788 separari
767 4718 849 4771 motu
872 4709 986 4783 diurno,
1011 4719 1188 4789 peractoque
1211 4710 1333 4769 circuitu
1356 4707 1395 4770 ad
1417 4712 1542 4788 primurn
1566 4726 1792 4787 correspoosum
1812 4729 1863 4773 re·

498 4795 571 4872 dire,
594 4799 659 4858 sive
682 4796 795 4858 coelum
818 4799 988 4874 quiescente
1010 4797 1114 4870 Terra,
1146 4799 1210 4856 slve
1232 4795 1306 4856 haec
1328 4799 1497 4873 quiescente
1520 4797 1571 4858 illo
1594 4809 1750 4860 moveatur
1772 4815 1864 4878 supas

497 4886 739 4946 aramundarus
764 4901 887 4961 quornm
910 4892 1069 4961 utrumque
1089 4888 1120 4944 ln
1143 4883 1270 4961 sphaera
1291 4884 1436 4945 materiali
1460 4888 1671 4965 repraesentari
1693 4894 1802 4962 potest.

586 4972 651 5033 Oua
679 4979 781 5032 eutem
811 4989 848 5033 ear
875 4971 994 5032 duodus
1021 4971 1100 5031 idern
1129 4971 1372 5048 praeuectus,
1402 4989 1442 5032 ac.
1472 4990 1509 5034 ec
1538 4975 1721 5034 evetiam
1747 4973 1863 5034 Teme

495 5058 1464 5137 acumentdpottnsraptusrumutertuttesprtmuur,
1495 5062 1791 5137 qrscdumtmett,
1819 5079 1859 5122 aa.

495 5152 595 5207 notan
620 5145 755 5207 Tarus?
779 5144 809 5225 i)
828 5144 908 5223 Quia
929 5147 1091 5206 monenti
1114 5146 1243 5207 odicium
1258 5155 1312 5221 eat,
1335 5164 1443 5208 musas
1458 5147 1563 5221 dicere,
1587 5165 1638 5210 car
1661 5150 1745 5209 vicus
1758 5159 1862 5210 aestu

495 5229 605 5295 hosat
626 5231 780 5295 illad'slbl
801 5234 985 5312 lucinam,
1007 5234 1091 5296 verbi
1112 5234 1440 5314 uadacmdoijam
1462 5235 1613 5313 hoajam
1634 5234 1687 5297 illo
1710 5236 1861 5300 loooha·
