4459 6275
499 804 564 863 stt
1008 788 1151 860 Epitomea
1170 786 1361 843 Astronomiae

498 972 630 1030 alisiam
638 971 685 1029 GE
695 968 730 1027 ad
740 968 798 1037 EA,
817 966 857 1022 sie
866 966 889 1021 B
899 963 1007 1036 pondua
1015 965 1102 1034 ipsius
1112 963 1162 1018 ΕΑ
1172 961 1207 1017 ad
1216 962 1241 1017 D
1251 961 1359 1032 pondus
1368 961 1454 1030 ipsius
1463 959 1523 1029 aa
1542 963 1633 1015 menta
1640 972 1754 1015 remora
1761 956 1819 1028 st,
1830 964 1859 1013 et

497 1048 621 1123 potentia
634 1047 762 1120 ponderis
771 1048 794 1101 B
804 1060 853 1116 per
862 1044 912 1098 EA
927 1042 1044 1097 iormata
1055 1041 1092 1096 sit
1105 1038 1229 1112 potentia
1240 1037 1326 1108 ipsias
1338 1039 1399 1106 jugi
1409 1039 1441 1107 E,
1460 1039 1529 1093 haec
1537 1037 1621 1108 igitur
1629 1038 1756 1108 potentia
1765 1037 1858 1107 jugis

853 1151 903 1200 Μ,
919 1147 952 1189 st.
1310 1116 1415 1174 tenebit
1432 1117 1540 1186 pondus
1558 1118 1583 1173 D
1601 1133 1637 1172 ex
1655 1118 1677 1172 C
1698 1131 1858 1184 suspensum

1310 1197 1339 1252 in
1357 1197 1518 1266 aequilibrio
1536 1195 1695 1264 horizontis,
1715 1194 1820 1253 scilieet
1831 1203 1861 1250 ut

1310 1276 1382 1331 FEC
1407 1276 1443 1330 sit
1465 1281 1568 1329 rectus.
1602 1275 1640 1330 At
1664 1272 1779 1349 siidsm
1796 1288 1860 1343 poa·

767 1351 776 1403 ἰ
1142 1344 1158 1385 ¹
1311 1353 1370 1421 dus,
1389 1369 1405 1406 a
1424 1353 1444 1408 C
1463 1353 1610 1421 revulsum,
1627 1350 1800 1421 ingrediatur
1816 1366 1860 1406 aa·

769 1444 772 1502 g
1003 1432 1005 1438 '
1311 1446 1364 1500 que
1381 1432 1409 1486 in
1428 1432 1464 1496 G,
1483 1433 1606 1500 potentia
1622 1429 1720 1486 eadem
1738 1427 1859 1500 ipsimi}

769 1509 772 1575 Ξ
1309 1510 1371 1580 plus
1390 1512 1491 1581 poterit
1507 1511 1534 1565 in
1552 1510 1606 1565 hoe
1618 1507 1729 1579 pondus
1747 1504 1861 1562 attollet·

769 1581 773 1620 ²
822 1648 907 1655 ---‚
1249 1599 1270 1641 a
1310 1603 1363 1656 que
1381 1588 1449 1643 utus
1468 1588 1669 1659 supraiineam
1687 1588 1745 1643 nc.

1380 1678 1422 1732 Sit
1436 1677 1494 1745 jam
1511 1676 1537 1730 E
1554 1692 1609 1730 non
1623 1676 1725 1746 jugum
1743 1674 1793 1732 sed
1807 1675 1860 1744 Sol,

1311 1763 1338 1812 et
1356 1760 1380 1814 D
1400 1756 1435 1810 sit
1453 1755 1579 1824 planeta,
1597 1755 1654 1821 Ec,
1673 1751 1727 1807 EG
1740 1753 1860 1809 diversae

1311 1835 1457 1891 distantiae
1469 1833 1595 1903 planetae
1608 1849 1624 1888 s
1637 1832 1710 1887 Sole.
1747 1833 1861 1889 seam·

1310 1922 1356 1971 tur
1373 1913 1456 1982 igitur
1482 1912 1701 1979 observationes,
1727 1910 1802 1967 aiem
1818 1911 1861 1966 rte

502 2005 544 2054 eet
562 1997 597 2054 td
616 1998 681 2066 EG,
705 1995 744 2049 sie
762 2009 823 2050 esse
842 1994 891 2051 GK
910 1994 1107 2064 promotionem
1126 1994 1252 2064 planctae
1270 1993 1405 2065 propioris
1428 1993 1456 2045 in
1474 1991 1499 2047 G
1517 1989 1608 2046 adili
1626 1989 1670 2044 rel
1687 1989 1737 2045 cit
1756 2004 1861 2059 promo·

501 2076 603 2136 tionem
620 2075 680 2143 ejus
698 2073 849 2129 remotioris
867 2074 895 2127 in
915 2075 943 2126 0.

590 2181 717 2243 Pondus
739 2199 810 2257 ergo
832 2182 941 2242 tribuae
962 2181 1122 2259 planetae?
1152 2182 1270 2242 Dictum
1293 2189 1338 2243 est
1361 2183 1390 2239 in
1414 2179 1627 2257 superioribus,
1658 2193 1712 2255 pro
1735 2176 1861 2255 pondere

504 2269 747 2333 considerandam
775 2286 839 2329 esse
870 2269 1033 2329 naturalem
1061 2269 1141 2328 illam
1172 2279 1202 2329 et
1228 2268 1410 2330 materialem
1439 2268 1624 2326 senitentiam
1654 2282 1707 2325 seu
1729 2266 1862 2325 inertiam

504 2359 542 2421 ad
564 2357 757 2419 deserendum
779 2356 885 2429 locum,
908 2357 998 2417 semei
1023 2365 1216 2433 compotum,
1244 2375 1321 2434 quae
1344 2360 1429 2435 eripit
1451 2355 1600 2433 planetam
1625 2352 1707 2413 reiut
1729 2370 1747 2413 e
1768 2354 1862 2412 mani—

503 2449 559 2508 bns
581 2445 659 2507 Solis
681 2446 781 2523 rotati,
803 2452 835 2504 ut
858 2444 937 2504 iilam
959 2452 1146 2522 prensantem
1170 2448 1229 2503 vim
1252 2462 1310 2504 non
1334 2453 1435 2506 exacte
1458 2449 1607 2519 sequatur.

594 2533 681 2612 Quae
702 2549 796 2591 cauea
818 2539 873 2606 est,
903 2551 959 2591 eur
983 2531 1036 2592 Sol
1063 2551 1127 2591 non
1157 2551 1252 2609 oeque
1273 2534 1396 2610 fortiter
1422 2538 1543 2608 precum
1563 2531 1724 2606 planetam
1745 2530 1862 2587 eminae

503 2630 596 2698 etque
617 2619 809 2681 comminue?
838 2621 1010 2681 attenuatio
1039 2621 1104 2697 ipsa
1130 2621 1239 2697 speciei
1267 2623 1396 2698 eorporis
1418 2617 1546 2690 Solaria,
1577 2617 1673 2692 major
1701 2618 1730 2673 in
1754 2615 1861 2675 eitius·

503 2708 628 2786 longiori
651 2724 740 2784 quam
761 2709 792 2765 iu
816 2708 959 2768 breviori:
989 2724 1066 2783 quae
1096 2711 1261 2767 attenuatio
1284 2709 1420 2784 quamvis
1443 2709 1482 2766 sit
1510 2708 1538 2763 in
1561 2705 1751 2781 proportione
1773 2705 1863 2762 inter·

504 2796 648 2856 vallorum
671 2794 834 2871 duplicata,
867 2795 924 2856 hoo
946 2803 991 2855 est
1014 2803 1073 2854 tarn
1097 2797 1127 2853 in
1151 2795 1270 2873 longum
1294 2814 1383 2873 quam
1407 2799 1435 2853 in
1460 2794 1566 2865 latum,
1596 2800 1737 2867 operatur
1767 2798 1862 2850 tamen

504 2884 601 2944 solum
623 2886 651 2941 in
674 2883 862 2960 proportione
885 2883 1007 2961 simpla,
1038 2882 1094 2941 hoc
1124 2891 1168 2943 est
1190 2883 1350 2945 seeundum
1373 2884 1467 2943 solam
1496 2877 1727 2958 longitudinem,
1756 2895 1862 2939 murae

502 2987 593 3048 supra
614 2979 683 3031 sunt
706 2969 811 3030 diotre.

785 3106 849 3182 ΙΙΙ.ι
871 3106 1019 3170 Causas
1047 3110 1357 3190 ,inaequalitatis
1384 3112 1421 3170 in
1452 3110 1580 3172 altum.

594 3248 677 3327 Quid
704 3265 776 3306 vera
806 3249 963 3324 planetam
995 3252 1130 3311 extrudit
1157 3255 1192 3310 in
1219 3256 1319 3329 spatia
1353 3253 1520 3312 remotiora
1548 3249 1727 3326 reducitque
1763 3264 1862 3307 oenus

509 3336 636 3398 Solem?
658 3335 751 3413 Idem,
774 3339 824 3411 qui
848 3345 967 3413 prensat
990 3338 1151 3414 planetam,
1175 3337 1227 3398 Sol
1250 3357 1356 3416 nempe
1378 3357 1431 3416 per
1453 3341 1579 3414 speeiem
1595 3339 1640 3393 sul
1657 3337 1789 3413 corporis
1805 3337 1862 3393 rir-

507 3433 638 3495 tuosam,
670 3425 806 3481 emissam
837 3441 887 3500 per
918 3428 1016 3484 omnia
1044 3426 1144 3485 mundi
1174 3429 1278 3503 spatia.
1324 3427 1398 3487 Sunt
1424 3429 1501 3486 enim
1525 3427 1653 3485 ernusto
1677 3431 1706 3482 et
1730 3424 1862 3482 attractio

506 3512 705 3589 prensationis
728 3510 815 3585 hujus
839 3510 983 3586 quaedam
1008 3513 1101 3572 veluti
1125 3514 1278 3574 elementa.
1326 3514 1400 3575 Nam
1432 3517 1560 3574 cattusio
1583 3523 1612 3573 et
1632 3512 1772 3569 attractio
1797 3511 1864 3569 iiunt

505 3601 591 3658 lineis
620 3600 760 3655 virtuosis
791 3616 826 3656 es
858 3607 956 3658 centro
980 3599 1058 3659 Solis
1086 3602 1278 3675 exeuntibus,
1311 3620 1386 3679 quae
1417 3602 1512 3661 lineae
1536 3617 1683 3661 eumuna
1708 3614 1774 3657 cum
1799 3597 1864 3658 Sole

506 3689 692 3758 circumeant,
718 3684 866 3760 planetam
890 3703 1023 3763 quoque,
1050 3691 1100 3764 qui
1125 3688 1251 3748 truditur
1275 3700 1303 3748 et
1326 3688 1458 3763 trahitur,
1483 3689 1536 3748 has
1557 3690 1650 3747 lineas
1675 3688 1791 3762 insequi
1814 3703 1864 3744 ne·

506 3791 588 3834 cesse
611 3781 665 3845 est,
688 3790 741 3849 pro
765 3772 880 3832 illarum
904 3774 1082 3835 tortitudinis
1105 3779 1294 3852 proportione
1317 3778 1354 3836 ad
1372 3778 1556 3836 renitentium
1572 3777 1701 3852 corporis
1718 3773 1863 3850 planetae.

506 3862 552 3921 Ita
581 3861 757 3921 extrusionis
789 3869 817 3919 et
841 3864 1024 3922 attractionis
1055 3866 1191 3923 contrarii
1223 3871 1320 3924 motus
1349 3873 1528 3941 componunt
1551 3861 1769 3940 quodammodo
1793 3861 1864 3921 nane

504 3951 731 4028 prensaiionem.

592 4038 722 4111 Corpori
749 4037 880 4112 simplici
904 4036 982 4096 Solis
1011 4042 1135 4115 auoque
1165 4042 1274 4114 speciei
1297 4042 1521 4097 immateriatae
1545 4037 1653 4095 tribuis
1675 4040 1864 4113 operationes

505 4127 685 4195 contrarias,
709 4127 919 4184 attractionem
944 4133 972 4182 ct
993 4128 1211 4201 repulsionem,
1236 4135 1264 4185 et
1285 4131 1327 4185 sie
1349 4145 1413 4186 non
1435 4126 1592 4200 simplices.
1637 4122 1703 4183 Uno
1728 4133 1773 4184 est
1789 4126 1862 4184 aetio

506 4230 556 4273 sau
581 4210 707 4289 e'rspycru
730 4212 887 4283 naturalis,
920 4207 1057 4273 movendi
1087 4232 1193 4291 eorpus
1216 4214 1354 4290 planetae
1378 4213 1599 4273 assimilationis
1623 4229 1713 4271 caiisa
1737 4230 1791 4271 seu
1814 4227 1859 4270 re·

508 4300 652 4358 ductionis
676 4302 704 4357 in
729 4304 815 4359 situm
838 4300 1038 4376 primaevum,
1063 4301 1178 4362 videtur
1198 4319 1269 4361 vero
1294 4301 1417 4375 diversa,
1442 4309 1560 4377 propter
1584 4299 1787 4359 diversitatem
1811 4299 1864 4358 ob·

505 4388 584 4462 jecti.
636 4386 712 4446 Nam
740 4388 876 4464 planetae
907 4405 1012 4463 eorpus
1044 4409 1078 4449 ex
1108 4406 1166 4448 una
1199 4388 1304 4448 saltem
1332 4390 1422 4466 plaga
1450 4388 1677 4447 familiaritatem
1708 4387 1800 4448 habet
1828 4383 1864 4444 ad

509 4490 613 4548 eorpus
635 4473 727 4549 Solis,
758 4493 792 4534 ex
824 4474 917 4533 altera
940 4474 1050 4537 discors
1073 4484 1126 4536 est.
1172 4476 1242 4536 Jam
1265 4494 1336 4537 vero
1360 4476 1493 4553 ejusdem
1517 4475 1656 4551 simplicis
1679 4484 1725 4534 est
1749 4491 1864 4551 operae,

509 4559 644 4635 amplecti
678 4564 786 4621 similia
820 4569 849 4621 et
882 4580 1017 4638 respuere
1051 4564 1215 4625 dissimilia.
1276 4563 1408 4623 Munitur
1444 4565 1518 4623 hoec
1552 4564 1697 4623 sententia
1731 4560 1863 4639 exemplo

508 4655 693 4722 magnetum,
718 4651 767 4725 qui
789 4650 858 4709 iicet
878 4666 936 4708 non
960 4653 1018 4710 sint
1040 4670 1163 4731 corpora
1186 4652 1340 4725 coelestia,
1364 4670 1423 4711 non
1448 4658 1612 4713 esttamen
1636 4653 1665 4707 in
1689 4649 1749 4709 illis
1773 4650 1863 4709 bitor-

508 4737 564 4795 mis
586 4735 644 4793 ista
668 4737 759 4796 virtus
782 4754 818 4797 ex
841 4740 1052 4815 compositione
1076 4741 1294 4812 elementorum,
1319 4739 1370 4799 sed
1395 4758 1430 4799 ex
1454 4741 1546 4798 iorma
1570 4755 1710 4814 corporea
1728 4736 1861 4814 simplici.

597 4822 668 4881 Erit
694 4841 764 4898 ergo
793 4828 887 4900 maus
911 4827 1058 4902 planetae
1088 4846 1199 4903 corpas
1226 4831 1422 4905 compositum
1454 4846 1491 4886 ea
1521 4828 1684 4901 centrariis
1714 4825 1862 4901 partitur.

508 4911 571 4972 Neo
592 4909 650 4969 hoe
672 4908 806 4987 quidem:
830 4929 896 4972 nam
920 4914 949 4974 id
971 4913 1155 4975 solummodo
1179 4918 1319 4992 sequitur,
1343 4915 1463 4992 globum
1487 4914 1682 4991 planetarium
1705 4929 1771 4973 esse
1787 4911 1862 4988 dgn-

509 5005 604 5059 ratnm
634 4999 712 5058 intus
740 5000 826 5059 raetis
853 5000 938 5062 lineis
965 5019 1017 5062 seu
1047 5003 1145 5075 fibris,
1177 5004 1279 5079 quales
1303 5011 1370 5062 sunt
1394 5003 1591 5078 magnetieae,
1625 5000 1734 5077 quibus
1758 4998 1863 5060 accidit

510 5081 627 5148 habnt
647 5085 800 5148 mariis
821 5086 917 5167 plagis
938 5092 1101 5164 terminari,
1126 5092 1154 5148 in
1179 5108 1301 5166 quarum
1324 5108 1382 5150 una
1405 5107 1463 5147 non
1487 5097 1604 5166 propter
1628 5104 1735 5164 eorpus
1758 5089 1862 5164 ipsum,

407 5201 413 5204 ·
509 5167 563 5229 nri
587 5181 708 5234 ”Mar
736 5173 826 5270 situm
854 5175 918 5260 ejus
946 5176 985 5238 ad
1007 5178 1122 5255 Solem,
1151 5188 1253 5256 regnat
1281 5178 1464 5239 familiaritas
1496 5194 1560 5236 cum
1592 5174 1678 5252 Sole,
1710 5176 1740 5236 in
1772 5173 1863 5236 altera

700 5271 748 5314 ‚m
