4459 6275
522 774 583 836 m
615 806 623 811 -
1071 766 1214 838 epitomes
1235 764 1426 824 maeoniae

523 955 624 1009 centro
647 954 708 1024 eat,
732 949 803 1026 qnia
826 946 940 1009 circulis
962 946 1071 1009 Terrae
1095 955 1127 1008 ot
1147 947 1223 1008 coeli
1245 949 1387 1009 eveniunt
1408 944 1656 1025 proportionalia,
1683 944 1740 1009 aad
1760 962 1800 1008 cx
1822 942 1876 1007 ad-

519 1053 606 1096 verso
630 1035 696 1096 ideo
720 1038 860 1097 eveniunt
881 1034 996 1096 circulis
1010 1034 1120 1096 Terrae
1142 1043 1173 1095 et
1193 1034 1269 1096 coeli
1283 1034 1524 1114 proportionalia,
1547 1036 1619 1113 qula
1631 1036 1717 1097 viana
1739 1041 1770 1096 et
1783 1036 1876 1095 ratio·

518 1126 627 1184 einatio
650 1123 773 1184 circulos
796 1124 938 1183 coelestes
960 1140 997 1183 ex
1020 1129 1120 1183 centro
1144 1122 1252 1183 Terrae
1274 1121 1451 1182 describunt

607 1210 643 1271 Si
669 1210 763 1270 Terra
792 1228 856 1272 non
878 1218 949 1271 essct
970 1213 1006 1269 in
1025 1210 1139 1285 medio,
1167 1210 1313 1270 uideretur
1339 1227 1404 1271 non
1422 1210 1536 1288 futura
1565 1211 1776 1285 accomoda,
1810 1207 1877 1271 Sola

520 1301 553 1355 in
574 1297 709 1357 medium
732 1298 881 1358 circulum
904 1300 1050 1359 uenimte.
1095 1297 1174 1358 Sanc
1196 1314 1233 1357 ex
1254 1299 1451 1373 aequinoctiis
1478 1296 1635 1374 probatur,
1665 1295 1791 1358 'l'erram
1813 1312 1876 1355 eaae

518 1388 548 1443 in
571 1388 701 1447 sectione
728 1388 873 1445 communi
895 1385 1009 1446 zodiaci
1032 1402 1099 1445 cum
1121 1394 1296 1462 aequatore,
1326 1392 1356 1445 et
1376 1386 1420 1445 sio
1442 1386 1472 1444 in
1493 1385 1647 1461 utriusque
1668 1382 1759 1461 plano
1789 1384 1876 1461 inqua

518 1481 617 1532 centro
640 1475 819 1549 aequatoris,
842 1480 875 1533 ut
897 1473 1011 1551 patebit
1033 1490 1069 1535 ox
1093 1471 1226 1533 doctrina
1247 1471 1411 1549 sphaerica.
1455 1473 1497 1532 At
1525 1488 1584 1532 non
1607 1478 1655 1531 cst
1675 1486 1817 1545 neonae,
1845 1478 1876 1531 nt

517 1558 607 1621 Terra
629 1562 668 1620 eit
690 1560 755 1621 ideo
778 1563 807 1620 in
831 1569 931 1620 centro
953 1563 1045 1620 totius
1067 1562 1208 1622 universi.
1251 1560 1327 1619 Nam
1343 1562 1431 1619 etiam
1453 1562 1497 1619 sic
1518 1562 1573 1621 erit
1594 1560 1623 1617 in
1645 1556 1874 1638 planoaodiacl,

518 1650 543 1705 si
565 1650 630 1725 ipsa
652 1658 733 1707 motu
756 1665 811 1709 auo
836 1651 913 1708 eirca
935 1646 1033 1708 Solem
1057 1648 1098 1726 (at
1120 1650 1163 1707 sic
1184 1647 1276 1721 jexan
1305 1646 1408 1707 mundi
1430 1649 1573 1723 muttum)
1597 1645 1745 1708 describat
1770 1644 1873 1707 aodla·

517 1751 584 1794 cum
607 1735 663 1794 sub
685 1736 751 1795 lixis
773 1752 826 1812 per
848 1736 1106 1813 imaginationem
1131 1736 1220 1795 etiam
1241 1736 1285 1794 sic
1308 1737 1362 1793 erit
1384 1737 1413 1793 in
1436 1734 1525 1813 plano
1547 1736 1729 1811 aequatione,
1749 1736 1778 1793 al
1793 1742 1873 1795 nota

516 1826 562 1881 sui
593 1824 722 1901 corporis
752 1823 856 1882 diurno
887 1826 964 1883 circa
995 1840 1080 1882 axem
1102 1838 1188 1882 suum
1219 1821 1365 1882 describat
1394 1822 1519 1881 circulos
1551 1834 1604 1902 per
1631 1822 1873 1899 imaginationem

517 1911 573 1969 sub
596 1910 663 1969 fixis
692 1910 850 1987 parallelos
873 1928 1033 1986 eommque
1055 1909 1184 1969 medium
1205 1916 1409 1985 aequatorem,
1433 1926 1610 1987 quoeunque
1631 1911 1663 1967 in
1684 1908 1753 1969 loco
1776 1908 1874 1969 mandi

516 2000 558 2057 sic
581 2006 702 2059 rotetur.
746 1997 822 2057 Nam
853 2000 879 2057 si
901 1997 993 2059 'l'erre
1025 2000 1054 2056 in
1083 1997 1143 2058 alia
1171 1995 1273 2073 aliqua
1302 1999 1421 2074 ragione
1443 1995 1544 2057 mundi
1573 2003 1604 2057 et
1632 2004 1782 2057 rotaretur
1803 1998 1876 2059 citet

517 2103 603 2146 axem
628 2094 659 2144 et
683 2086 805 2145 ferretur
828 2087 905 2145 circa
921 2085 1030 2159 Solem,
1053 2083 1191 2162 peralias
1212 2086 1301 2144 etiam
1323 2083 1398 2143 iiras
1419 2083 1451 2142 hi
1473 2083 1573 2144 circuli
1599 2084 1793 2162 imaginando
1814 2092 1873 2145 tra·

517 2171 701 2233 ducerentur.

606 2259 641 2319 Si
669 2258 762 2318 Terra
784 2277 848 2319 non
870 2267 940 2318 canet
966 2263 1000 2318 in
1022 2258 1121 2319 medio
1141 2258 1253 2318 mandi
1281 2262 1372 2319 totius
1393 2265 1507 2334 centro,
1538 2276 1704 2337 nunquam
1726 2262 1875 2337 menapios·

515 2353 601 2406 retur
622 2345 725 2405 media
745 2349 879 2423 praeciae
900 2345 1016 2407 zodiaci
1039 2347 1085 2405 vel
1106 2345 1218 2407 mandi
1235 2363 1313 2422 para
1332 2363 1429 2421 supra
1451 2345 1646 2420 horizontem
1667 2346 1721 2405 aad
1742 2348 1793 2407 oei
1809 2346 1875 2425 plat

518 2435 565 2494 ecl
586 2437 697 2507 minua,
721 2437 913 2493 nisitantum
935 2452 970 2493 eo
991 2440 1151 2507 momento,
1174 2432 1300 2510 wando
1311 2432 1430 2493 zodiaci
1451 2433 1499 2492 oei
1519 2432 1630 2493 mandi
1650 2441 1793 2494 amttam
1814 2436 1874 2495 om·

515 2528 577 2580 tur.
628 2520 664 2579 tr
687 2525 713 2579 ai
733 2524 794 2580 sint
810 2519 879 2580 ΝΜ
896 2522 943 2580 cel
960 2519 1015 2580 ΟΕ
1034 2521 1199 2581 horizontis
1219 2520 1326 2594 lineae,
1347 2521 1492 2579 accadrmt
1505 2520 1659 2580 mundum
1673 2524 1710 2579 in
1723 2524 1874 2601 inaequa-

514 2607 566 2681 lia,
589 2612 637 2666 ain
661 2608 719 2682 la,
750 2616 823 2668 tunc
845 2612 879 2666 in
901 2609 1059 2684 aequalia,
1090 2611 1165 2685 quia
1188 2611 1215 2666 A
1244 2616 1382 2667 centrum
1411 2608 1518 2667 incidit
1547 2611 1582 2667 in
1604 2609 1650 2667 1a
1679 2608 1873 2670 horim

514 2694 624 2754 Verum
657 2703 719 2767 est,
756 2695 835 2773 quod
865 2695 1017 2771 objicitur,
1053 2704 1084 2754 at
1115 2695 1188 2754 nihil
1215 2694 1306 2755 habet
1335 2690 1473 2769 absurdi,
1512 2694 1586 2754 nihil
1616 2698 1797 2757 conuannm
1824 2712 1875 2757 aa·

512 2783 674 2859 perientiae
696 2785 878 2844 manifestae.
903 2781 977 2857 Quia
999 2786 1076 2843 enim
1099 2800 1218 2843 mensus
1240 2789 1285 2843 est
1307 2799 1438 2859 unquam
1459 2780 1500 2857 ld,
1536 2782 1616 2860 quod
1638 2782 1676 2845 do
1699 2782 1813 2845 mundo
1833 2786 1875 2845 al·

513 2870 574 2929 mul
597 2888 656 2929 uno
679 2873 785 2930 intuitu
809 2867 1052 2947 comprehendit?
1082 2867 1316 2947 Quantaeunquo
1331 2878 1429 2931 tamon
1444 2869 1544 2929 mnndi
1558 2873 1655 2948 portio
1669 2872 1781 2949 quonia
1802 2880 1875 2934 tam·

515 2974 586 3034 pore
609 2966 761 3033 comatur,
791 2975 827 3018 ea
850 2959 1061 3035 imaginatione
1082 2957 1244 3035 sphaerae,
1271 2960 1348 3017 cirea
1370 2959 1466 3019 vuum
1488 2956 1651 3036 descriptae
1673 2966 1705 3021 et
1726 2958 1876 3023 liorlaonta

519 3045 629 3106 circulo
652 3046 790 3120 bisaciae,
815 3053 949 3105 censetur
971 3062 1037 3106 esso
1059 3045 1219 3121 perlectum
1241 3044 1497 3122 hemisphaerium.

584 3177 658 3246 Pone
672 3191 784 3246 Terram
801 3191 824 3246 0
843 3207 903 3248 esse
921 3191 1011 3248 medio
1031 3193 1092 3249 loco
1110 3193 1182 3248 inter
1199 3193 1272 3246 lex·
1519 3208 1571 3260 mg.
1588 3209 1622 3252 m.

514 3271 677 3324 eremitatem
696 3270 752 3325 reri
777 3269 881 3327 zodiaci
904 3290 951 3330 seu
971 3270 1088 3327 fixarum
1111 3279 1140 3328 et
1162 3270 1275 3326 intera

516 3356 655 3402 centrum:
676 3349 767 3418 itaque
780 3348 857 3418 (ΟΕ,
877 3369 947 3421 quae
960 3361 1002 3408 est
1012 3352 1064 3423 ipsi
1073 3351 1111 3405 Al
1125 3349 1160 3405 ad
1178 3356 1277 3408 rectos,

515 3425 650 3480 resecabit
670 3427 729 3480 ClE
749 3428 855 3482 tertiam
875 3441 989 3501 partem,
1017 3431 1124 3498 critque
1142 3429 1214 3484 cxli
1233 3446 1276 3483 ar·

515 3520 563 3560 cus
592 3502 692 3574 duplus
720 3505 806 3574 ipsius
832 3509 900 3564 cti-3.
937 3513 975 3566 At
999 3507 1176 3564 nihilominus
1201 3507 1276 3563 visus

513 3585 542 3638 in
561 3583 583 3638 0
603 3585 768 3641 constitutus
790 3587 905 3645 haberet
930 3603 1022 3643 arcum
1041 3586 1102 3642 eli:
1121 3603 1171 3656 pro
1196 3587 1275 3642 semi·
1397 3635 1401 3642 ,

515 3663 629 3727 circulo,
657 3680 711 3718 non
736 3665 826 3720 minus
850 3684 931 3736 qnam
955 3683 1047 3722 areum
1073 3666 1153 3720 tn'ss.
1190 3666 1275 3720 Fixas

515 3741 585 3795 enim
604 3758 697 3797 omnes
716 3744 744 3796 in
763 3743 823 3799 [CN
842 3747 1002 3802 transferret
1022 3761 1072 3814 per
1089 3752 1181 3799 rectas
1199 3758 1233 3796 ex
1252 3743 1275 3796 0
1355 3767 1364 3820 ,-

514 3819 628 3875 eductae
648 3821 675 3875 in
694 3818 831 3875 circellum
850 3823 982 3878 minorem
1002 3837 1036 3878 ex
1055 3823 1078 3877 0
1099 3822 1274 3890 descriptum.

601 3913 698 3990 Sioua
723 3913 811 3990 dina,
843 3919 874 3974 in
898 3934 1030 3993 quorum
1053 3931 1117 3974 ano
1139 3917 1275 3973 comitur

519 4000 606 4060 Luna
622 4001 766 4078 deficiens,
790 4005 823 4061 in
846 4004 940 4065 altem
963 4003 1024 4076 Sol,
1048 4020 1112 4062 non
1135 4002 1275 4060 adderen-

513 4096 565 4147 tur
594 4107 630 4148 ca
665 4089 760 4148 Terra
788 4093 917 4150 invicem
944 4093 1097 4168 opposito,
1128 4093 1154 4146 ai
1181 4088 1274 4146 Terra

512 4193 575 4234 non
599 4185 669 4235 canet
688 4180 721 4234 in
744 4177 850 4237 medio.
897 4178 1040 4256 Equidem
1062 4177 1087 4234 si
1104 4174 1196 4238 Terra
1216 4192 1275 4233 non

515 4264 590 4321 inter
612 4261 712 4323 Solem
735 4274 764 4323 et
784 4264 898 4324 Lunam
920 4262 1120 4334 intercederet,
1144 4279 1202 4320 non
1227 4265 1274 4320 vi·

515 4347 595 4408 deret
618 4348 773 4411 luminaria
792 4354 822 4410 in
845 4352 918 4412 locis
942 4352 1094 4429 oppositis.
1140 4351 1181 4408 At
1208 4367 1274 4408 eum

515 4434 600 4495 Luna
623 4436 734 4511 delicit,
763 4439 855 4500 Terra
877 4439 1065 4501 interlucatur
1089 4439 1163 4497 inter
1184 4436 1274 4495 lumi-

512 4525 606 4597 naria,
635 4529 705 4602 quia
728 4529 792 4603 ipsa
814 4527 906 4588 'lema
927 4539 988 4599 est,
1017 4541 1094 4602 quae
1116 4525 1219 4584 umbra
1241 4527 1288 4584 aui
1312 4529 1442 4604 corporis
1466 4526 1580 4586 Lunam
1610 4526 1746 4589 involvit.
1793 4531 1870 4610 Ergo

511 4628 630 4672 necesse
653 4623 712 4688 eat,
736 4614 850 4674 Lunam
873 4613 1058 4676 deiicientem
1079 4613 1108 4670 in
1132 4615 1268 4691 opposito
1291 4613 1371 4674 Solis
1391 4617 1527 4692 spectari,
1551 4631 1727 4693 quocunqne
1749 4615 1871 4680 'dmm

511 4698 700 4776 eclipsantem
723 4718 789 4761 cum
811 4702 896 4762 Luna
919 4703 1061 4781 eclipsata
1083 4703 1258 4777 reposueris.

598 4786 721 4866 &nuper
743 4792 857 4850 oriente
880 4789 973 4850 Lana
995 4790 1137 4866 eclipsata
1160 4787 1214 4850 aot
1234 4789 1340 4849 occidit
1363 4794 1523 4867 ardorque
1537 4790 1685 4851 occidente
1707 4791 1763 4854 illa
1779 4793 1871 4874 colip-

508 4883 592 4948 aam,
621 4884 647 4935 ct
669 4877 724 4936 hoe
743 4895 798 4953 per
820 4885 916 4936 totum
944 4877 1054 4936 Terrae
1084 4876 1249 4951 ambitum,
1279 4878 1452 4954 ubicunque
1481 4879 1597 4956 eclipsis
1622 4881 1656 4938 in
1681 4879 1870 4943 itomanam

509 4963 622 5022 incidit
669 4965 719 5022 An
741 4980 804 5022 non
826 4963 896 5023 lianc
915 4966 1074 5042 motatur,
1105 4964 1230 5024 Terram
1254 4982 1315 5024 csse
1338 4968 1372 5024 in
1393 4967 1491 5028 medio
1505 4965 1640 5025 mundi?
1682 4965 1750 5028 Non
1764 4971 1869 5048 aequi·

508 5060 554 5108 tnr
576 5049 641 5124 hoc,
665 5046 719 5110 sed
742 5048 837 5108 solum
862 5050 943 5122 illud,
966 5052 1085 5112 Terram
1110 5069 1175 5110 eum
1199 5052 1391 5113 luminaribus
1414 5055 1443 5112 in
1466 5054 1571 5115 eadem
1585 5052 1664 5113 linea
1685 5063 1769 5116 recta
1789 5073 1865 5132 oue,

507 5135 625 5212 quando
654 5135 739 5196 launa
772 5134 877 5198 deicit.
923 5138 1028 5200 Posset
1059 5147 1161 5199 autem
1189 5139 1267 5200 idem
1293 5139 1371 5215 deri,
1405 5144 1431 5201 si
1453 5141 1544 5203 Terra
1572 5157 1639 5201 eum
1661 5141 1735 5203 orba
1759 5141 1880 5206 num·

505 5226 638 5298 proxima
661 5225 742 5302 lpaas
765 5223 838 5286 lixas
860 5225 1063 5288 collocaretur.
1108 5227 1300 5306 apparetque
1322 5227 1401 5290 idem
1417 5231 1582 5294 necessario
1605 5231 1696 5292 ctiam
1717 5231 1748 5294 in
1770 5231 1864 5312 plote
