4459 6275
513 788 574 851 tet
718 826 720 831 -
1012 783 1157 856 Epitones
1172 785 1364 845 modae

509 964 568 1027 sits
588 977 648 1023 non
671 960 858 1023 attrnbuntur
883 962 995 1024 erotis
1017 964 1166 1039 grevitste
1186 963 1333 1039 natureli,
1361 962 1417 1027 sed
1437 982 1456 1026 e
1477 963 1596 1027 Tellure
1622 967 1699 1029 retu
1718 965 1875 1045 flbimt

510 1051 554 1113 ibi
576 1050 664 1129 igitur
686 1066 723 1111 ex
745 1066 846 1130 pugne
866 1057 1000 1111 motuum
1023 1052 1053 1111 in
1075 1050 1182 1128 pieque
1205 1050 1337 1113 diverses
1368 1054 1459 1113 oritur
1489 1051 1541 1115 ille
1561 1055 1689 1131 impetus
1718 1062 1752 1117 et
1770 1053 1875 1115 rhad-

510 1139 599 1216 tsti03
621 1136 729 1215 quodsi
751 1140 855 1215 gravis
877 1137 1035 1214 alligentur
1056 1146 1149 1213 rotse,
1171 1155 1231 1200 non
1253 1138 1402 1201 desiliunt.
1448 1140 1490 1200 st
1502 1139 1617 1219 lepidos
1638 1145 1750 1203 virtute
1763 1149 1875 1203 sittes-

509 1227 586 1287 toria
611 1224 650 1285 ud
674 1225 796 1286 Terram
826 1232 895 1285 eunt
924 1224 1041 1303 ellignti
1071 1234 1101 1287 et
1127 1229 1157 1285 in
1187 1225 1300 1287 nullam
1326 1226 1448 1305 plagam
1477 1236 1562 1289 exist
1589 1228 1689 1291 losum
1714 1228 1873 1291 mutius

511 1311 638 1375 Telluris
666 1314 813 1390 grauitate
841 1330 897 1374 ene
928 1312 1069 1389 tendunt;
1100 1313 1199 1373 nullus
1229 1316 1320 1391 igitur
1349 1324 1396 1377 est
1415 1315 1501 1376 loona
1529 1332 1647 1394 puqnse
1675 1323 1709 1379 et
1739 1316 1874 1393 impetat

510 1398 589 1476 Illic,
621 1416 681 1479 quo
704 1400 851 1477 quidlibet
871 1403 901 1459 in
924 1417 980 1461 ens
1002 1402 1168 1477 quentitste
1196 1404 1319 1478 perine
1339 1411 1397 1476 est,
1429 1401 1487 1462 boo
1508 1401 1656 1465 elboeeior
1678 1402 1714 1465 tt
1735 1404 1873 1481 nepetae

509 1485 558 1548 bie
579 1486 693 1564 lapidee
715 1505 752 1549 ne
775 1503 882 1565 graves
905 1487 1023 1564 quidem
1046 1496 1123 1561 sunt,
1146 1490 1172 1549 si
1194 1489 1324 1563 Terram,
1350 1506 1427 1567 qnse
1449 1497 1570 1564 rotatur,
1591 1492 1692 1550 mimo
1706 1506 1874 1553 remum

598 1574 634 1635 Si
660 1575 757 1637 Terra
785 1575 841 1635 boe
866 1576 1050 1636 vetoeistimo
1080 1583 1168 1637 motet
1189 1577 1375 1652 volventur,
1407 1584 1516 1637 nerem
1543 1594 1583 1638 ee
1604 1580 1745 1654 opposito
1773 1585 1874 1639 noter

508 1665 670 1723 mercem
699 1671 877 1739 perpetuus.
924 1661 1030 1723 Posset
1059 1661 1117 1723 boc
1148 1663 1185 1724 de
1212 1665 1336 1725 summis
1363 1664 1506 1724 mondum
1533 1664 1660 1741 iasttqtte
1689 1664 1817 1727 eoneedi
1844 1674 1874 1727 et

509 1766 545 1813 ex
567 1747 624 1810 bne
646 1749 864 1828 refrigeratione
887 1766 979 1810 eones
1002 1753 1105 1827 qneeri
1127 1752 1299 1831 perennium
1319 1752 1434 1811 nivium
1456 1752 1547 1811 etism
1571 1751 1628 1813 sub
1649 1769 1728 1815 sons
1748 1751 1872 1829 torridu,

511 1838 581 1897 item
603 1835 772 1914 [rigiditatis
795 1844 949 1898 ventorum
966 1838 1161 1913 orientalium,
1183 1840 1372 1900 euoenitstis
1387 1840 1550 1901 matutinae
1564 1838 1760 1915 eteimiliurn,
1783 1838 1871 1903 dnn-

508 1924 597 1985 modo
620 1933 649 1984 et
670 1931 812 1985 montane
832 1923 991 1986 humiliore
1013 1933 1043 1986 et
1064 1925 1160 1987 valles
1175 1928 1251 1986 intro
1272 1942 1388 1987 summe
1401 1926 1456 1986 ille
1476 1925 1608 2001 nbilitas,
1631 1944 1708 2005 quaa
1729 1926 1873 1989 animia

508 2009 650 2085 incolunt,
673 2008 772 2073 es‘sem
793 2019 891 2088 tutae,
925 2020 956 2073 et
976 2017 1028 2073 eir
1050 2015 1079 2071 in
1102 2013 1162 2073 illie
1183 2031 1236 2091 per
1258 2013 1336 2073 buno
1357 2014 1530 2075 exteriorem
1551 2015 1685 2075 attritum
1712 2015 1872 2093 impertu-

509 2100 599 2163 butus
621 2105 710 2177 etque
734 2100 860 2177 qnietns,
885 2106 915 2161 et
937 2098 1058 2161 libertus
1080 2102 1110 2159 in
1133 2118 1169 2163 eo
1193 2102 1353 2178 veperibus
1366 2100 1584 2175 ebullientibus,
1607 2100 1714 2165 mendi
1734 2118 1873 2181 qusque·

508 2203 635 2247 smum
682 2186 722 2246 At
752 2203 872 2247 neeesse
901 2203 960 2248 non
993 2195 1053 2262 est,
1086 2195 1120 2247 nt
1151 2188 1347 2249 consedemus
1378 2187 1459 2265 qnod
1489 2187 1636 2265 objieitnr.
1681 2189 1767 2251 Aura
1790 2191 1869 2253 eui·

507 2273 646 2335 aetheree
674 2280 719 2333 tot
749 2274 865 2335 vioibns
893 2275 1008 2335 tenuior
1035 2281 1081 2337 est
1102 2282 1204 2337 nostro
1225 2280 1312 2349 aire,
1346 2292 1436 2352 quem
1456 2274 1596 2337 beurinnt
1620 2277 1808 2353 animantes,
1839 2286 1873 2339 ut

507 2359 693 2438 tranquillior
722 2368 753 2423 et
774 2363 817 2423 sie
838 2361 1036 2423 insensibilior
1062 2364 1102 2423 sit
1123 2365 1241 2423 attritus
1271 2362 1311 2423 sd
1331 2380 1434 2424 eurem
1454 2363 1624 2426 tetberestn
1650 2362 1734 2426 mille
1759 2363 1871 2427 nillis-

509 2451 584 2508 rium
607 2451 637 2507 in
659 2466 718 2508 une
739 2448 826 2525 bere,
858 2466 947 2526 quem
977 2450 1094 2509 attritus
1122 2451 1209 2511 ineiei
1238 2449 1365 2510 bominis
1395 2450 1434 2511 ad
1458 2455 1557 2513 sitem
1585 2453 1618 2511 in
1639 2468 1701 2513 unt
1720 2450 1800 2515 bers
1819 2469 1871 2532 ptr

508 2536 661 2603 dimidium
682 2535 807 2599 milliere
829 2536 913 2597 illum
934 2537 1175 2614 perembnlentis.

519 2684 521 2689 .
573 2622 681 2703 -Qtaid
700 2624 945 2701 rependendum
967 2642 1064 2687 antes
1087 2625 1129 2685 od
1151 2624 1689 2687 euoertteteeoomiomreeutorure
1709 2628 1870 2689 mi*

507 2732 565 2790 que
586 2712 748 2785 ordinum,
779 2729 883 2772 eomes
912 2720 941 2773 et
967 2714 1140 2790 proserius,
1171 2730 1252 2789 quoe
1271 2715 1467 2773 monteri
1493 2715 1560 2771 sirie
1586 2717 1802 2775 eonvourse'a
1820 2732 1871 2775 re·

506 2804 641 2879 cipiunt,
669 2799 796 2860 Terram
818 2803 853 2859 irs
874 2807 960 2861 moire
980 2803 1083 2876 primo
1105 2802 1267 2876 quiescere,
1298 2800 1416 2860 eoelum
1437 2800 1577 2860 moueri?
1619 2798 1807 2878 coperulens
1828 2803 1870 2863 tle

506 2885 673 2966 respondet
721 2887 751 2962 1)
775 2886 849 2947 Cum
871 2886 988 2964 vulgus,
1012 2885 1129 2949 dioendi
1149 2888 1302 2963 magister,
1330 2904 1449 2947 sensnm
1472 2886 1624 2947 oculorum
1645 2904 1705 2949 usn
1726 2887 1869 2967 loquendi

506 2977 659 3053 exprimet,
681 2973 876 3052 philosophus
892 2977 1056 3048 veritatem,
1079 2992 1157 3052 quse
1177 2974 1280 3035 subest
1292 2973 1504 3053 apparentibus
1518 2990 1615 3037 serum
1629 2974 1801 3051 speciebus,
1823 2978 1871 3037 h-

507 3066 612 3144 qnirst,
635 3079 694 3122 non
710 3079 776 3123 esse
794 3062 964 3139 absurdum,
987 3063 1183 3141 cogitationes
1197 3060 1366 3141 pbilosopbi
1385 3068 1515 3121 remota
1530 3078 1597 3123 esse
1611 3060 1760 3138 ejndieie
1776 3062 1870 3144 vulpi

507 3155 543 3230 i)
565 3151 648 3212 Lens
663 3150 763 3227 eliqne
778 3149 946 3229 Scripturas
961 3150 1038 3213 mule
1052 3150 1091 3211 td
1106 3154 1290 3229 propositum
1304 3152 1532 3212 senonomioum
1547 3149 1726 3227 detorqueri,
1750 3167 1870 3216 soru-

506 3257 574 3316 que,
597 3241 648 3316 qui
670 3238 727 3299 boo
749 3236 878 3312 soleant,
906 3237 1020 3314 jndiois
1046 3245 1112 3299 ntut
1134 3240 1290 3300 temerarie
1311 3236 1542 3314 eontemnenda3
1571 3255 1641 3298 narn
1668 3237 1771 3316 palam
1794 3257 1870 3314 esse,

508 3328 599 3388 etiarn
626 3332 745 3385 sanctos
778 3326 920 3386 ecclesius
949 3334 1048 3404 petros
1077 3325 1114 3386 do
1136 3327 1224 3388 rebus
1246 3326 1468 3397 utronornieis,
1493 3341 1569 3402 quas
1591 3341 1652 3385 non
1674 3343 1713 3386 ea
1735 3327 1871 3404 protento

506 3412 679 3486 didicerunt,
702 3410 849 3472 interdum
863 3413 1016 3490 pueriliter
1029 3411 1152 3487 leontos,
1171 3416 1261 3474 errori
1275 3429 1330 3473 suo
1345 3412 1539 3492 pstrooinium
1553 3413 1584 3470 in
1599 3411 1761 3491 Sertptnrts
1778 3432 1873 3492 qute-

506 3502 623 3573 sirisse,
647 3508 681 3559 nt
696 3498 891 3575 Laotsntinm,
916 3502 968 3578 qni
983 3500 1102 3561 Temen
1122 3499 1240 3562 medem
1255 3517 1314 3559 non
1329 3507 1446 3579 poteret
1458 3515 1524 3561 esee
1538 3499 1706 3575 rotundam,
1730 3503 1781 3562 eni
1795 3500 1870 3564 teti

506 3587 592 3660 liber,
617 3594 732 3664 praeter
754 3589 919 3647 institutum
943 3587 1091 3665 loquentis
1113 3588 1169 3648 Dei
1193 3587 1232 3647 ed
1253 3586 1490 3666 pbilosopbiosm
1512 3587 1749 3666 speculationem
1771 3588 1873 3652 dstot-

509 3683 566 3750 ius,
588 3674 764 3753 edetipnleri
788 3674 943 3736 videbitur.

594 3761 679 3839 Quae
701 3765 853 3840 responsio
875 3771 974 3843 potest
997 3761 1135 3840 enplioeri
1157 3761 1299 3841 pluribus.
1344 3762 1534 3823 Astrononsie
1555 3764 1635 3824 enim
1655 3765 1755 3842 aperit
1775 3781 1873 3825 rernm

508 3851 686 3912 naturalium
702 3867 808 3911 nenses
823 3852 1001 3928 inquiritqne
1025 3851 1107 3909 visus
1121 3849 1309 3929 deceptiones
1330 3866 1367 3910 ex
1380 3849 1523 3929 professo,
1547 3851 1624 3910 saeri
1644 3849 1776 3928 eodieee,
1798 3852 1873 3915 sub·

507 3938 624 4000 limiors
646 3937 738 3998 multe
762 3936 919 4012 tredentes,
942 3945 1064 3998 utuntur
1086 3954 1221 3999 sermone
1243 3937 1402 4012 bominum,
1427 3946 1460 3996 nt
1474 3936 1602 4015 intelligi
1622 3940 1748 4017 possint,
1773 3955 1872 4018 eaque

507 4028 662 4088 oeoseione
684 4024 861 4086 netnrelinm
884 4043 978 4086 rernm
1001 4027 1115 4105 speeies
1143 4027 1222 4086 visui
1250 4031 1449 4097 metuentes,
1482 4023 1561 4084 unde
1590 4042 1688 4087 sermo
1717 4026 1873 4088 bominum

507 4123 606 4188 ortus,
635 4113 731 4173 obiter
751 4111 856 4173 saltem
880 4119 910 4173 et
931 4111 1012 4171 eliud
1035 4119 1157 4190 egentes
1180 4113 1342 4188 attingunt,
1365 4111 1396 4170 id
1418 4112 1514 4189 ipsum
1537 4110 1644 4172 laeturi
1665 4113 1873 4186 nibilominus,

507 4205 566 4262 etei
588 4207 734 4261 constaret
759 4203 894 4260 omnibus
918 4202 1036 4258 omnino
1059 4198 1227 4260 bominibus
1257 4198 1399 4260 derisus
1422 4196 1654 4278 deceptionibus.
1700 4201 1766 4263 Nee
1792 4205 1873 4264 enin

508 4289 538 4348 in
566 4286 598 4347 id
625 4289 835 4348 astronomiam
865 4305 902 4349 rte
925 4303 980 4346 nos
1003 4285 1123 4364 quidem
1147 4288 1308 4348 astronomi
1331 4284 1508 4360 ereolimus,
1538 4294 1571 4346 nt
1595 4304 1764 4350 sermonem
1787 4289 1870 4368 vulgi

508 4382 663 4448 mutemus,
685 4375 739 4435 sed
759 4383 792 4433 ut
812 4373 865 4434 illo
888 4381 1023 4435 moriente
1047 4376 1181 4436 veritatis
1196 4375 1273 4435 iores
1288 4376 1454 4453 reperiemus
1476 4373 1692 4436 nibilominus.
1728 4376 1873 4440 Planetas

509 4471 587 4524 aiere
609 4462 658 4522 vel
680 4461 869 4535 retrooedere,
893 4460 1029 4538 solstitia,
1053 4461 1132 4524 Solis
1148 4462 1366 4532 conversiones,
1387 4460 1490 4522 Solem
1511 4463 1589 4535 oriri,
1613 4461 1764 4539 oeeidere,
1789 4468 1873 4528 exire

507 4551 547 4612 eb
570 4566 629 4610 una
650 4549 726 4610 noeli
749 4552 933 4611 extremitate
955 4557 988 4610 ut
1009 4568 1150 4630 sponsum
1172 4549 1210 4609 de
1231 4549 1379 4622 mdsnm,
1402 4547 1489 4608 oondi
1511 4550 1542 4606 in
1564 4549 1698 4625 niteram,
1723 4569 1872 4616 mussen-

509 4636 576 4698 dere
600 4636 675 4698 coeli
697 4636 841 4709 medium,
873 4638 984 4699 moveri
1007 4647 1109 4699 contre
1140 4635 1233 4697 velles
1253 4645 1284 4696 et
1304 4644 1420 4696 montes
1445 4643 1556 4696 ositos:
1585 4636 1660 4698 bueo
1689 4655 1873 4719 usurpem

509 4743 575 4786 enm
597 4723 698 4798 vulpe,
721 4724 832 4786 scilieet
854 4741 920 4786 oum
942 4742 1031 4786 senen
1054 4722 1222 4796 oculorum,
1250 4739 1316 4783 enm
1337 4722 1410 4784 nibil
1434 4722 1538 4784 borum
1561 4723 1601 4784 ed
1621 4725 1740 4787 litersm
1764 4746 1871 4790 verum

509 4815 558 4886 sit,
581 4812 718 4873 omnibus
742 4815 919 4872 asnonomie
941 4815 971 4871 in
986 4813 1043 4875 boe
1064 4811 1323 4873 consentientibus.
1357 4809 1476 4887 Quanto
1498 4813 1595 4871 minus
1611 4813 1793 4891 erigendum
1817 4819 1874 4878 erit

507 4919 528 4961 a
548 4902 698 4980 seripturis
727 4898 868 4959 divinitus
896 4901 1061 4979 impiretis,
1093 4907 1127 4957 nt
1156 4898 1311 4975 repudiata
1337 4899 1455 4976 vulgari
1481 4898 1623 4977 loquendi
1651 4903 1873 4968 senenetndina

508 4989 599 5048 verbs
626 5004 682 5047 sne
712 4985 751 5044 sd
777 4987 917 5048 scientiae
939 4985 1079 5046 nemraite
1102 4988 1242 5047 emunim
1263 4985 1447 5065 appendent,
1476 4987 1680 5064 abstrusisque
1702 4996 1734 5050 et
1755 4992 1872 5071 impor-

509 5079 589 5138 tnois
611 5073 811 5136 locutionibus
840 5072 877 5134 de
904 5075 991 5135 rebua
1013 5073 1090 5134 nitra
1118 5082 1235 5151 esptnm
1257 5073 1481 5136 erudiendorum
1504 5074 1646 5154 populum
1667 5076 1727 5139 Del
1750 5079 1872 5160 simpil-

510 5179 573 5226 oesn
595 5161 766 5242 perturbent
787 5176 882 5238 esque
903 5179 934 5222 re
956 5163 1035 5222 siam
1058 5162 1131 5238 ipsis
1151 5161 1190 5222 ad
1212 5179 1334 5240 seopnrn
1360 5178 1447 5222 snum
1467 5165 1629 5239 genuinum
1656 5162 1747 5242 longe
1769 5168 1872 5230 subli-

513 5246 1873 5336 mammtvmpumenreenuepewesemnm-
