4459 6275
482 784 523 847 la
770 853 776 861 ι
840 786 873 840 In
896 785 1043 855 Epitornes
1065 786 1255 841 massonae
1273 785 1476 855 Copernioauae

482 968 619 1020 netanm
641 967 804 1037 eeeentrici,
827 963 902 1023 libro
914 962 952 1022 V.
975 963 1123 1041 descripti,
1147 962 1325 1025 concordant
1345 979 1412 1023 cum
1435 964 1689 1023 emanationibus
1710 971 1846 1021 tantum·

483 1048 573 1108 nodo
597 1053 624 1107 iu
648 1055 765 1126 punctis
787 1070 923 1111 reraruur
946 1056 1167 1129 oppositionum
1193 1053 1336 1126 cujusque
1359 1070 1424 1111 cum
1448 1044 1533 1124 Sble,
1562 1054 1592 1108 in
1615 1052 1689 1110 locis
1711 1051 1780 1109 aliis
1803 1051 1844 1110 ab

485 1135 545 1194 illis
567 1136 735 1215 discrepant
766 1149 795 1198 et
817 1141 989 1215 inaequales
1018 1148 1101 1212 sunt,
1134 1143 1175 1197 ita
1206 1150 1239 1197 ut
1270 1139 1332 1197 alio
1354 1148 1486 1216 tempore
1508 1139 1642 1211 veloces,
1672 1138 1733 1196 alio
1756 1138 1845 1204 tardi,

483 1223 546 1282 sliu
569 1226 738 1301 retrogradi,
761 1226 821 1285 alio
844 1227 970 1303 denique
993 1230 1157 1286 stationarii
1181 1236 1342 1286 cernantur.
1387 1228 1492 1286 Caus'm
1515 1227 1617 1284 barum
1641 1225 1846 1302 irregularita-

483 1320 547 1368 tum
570 1330 623 1387 per
644 1313 765 1389 liguram
789 1314 942 1392 explicatis
965 1314 1085 1374 additae
1108 1323 1178 1372 suat
1200 1313 1319 1373 tabulae
1341 1313 1554 1392 periodicorum
1576 1323 1708 1372 motuum
1725 1322 1754 1372 et
1771 1331 1844 1390 pro-

484 1400 635 1473 portiones
663 1401 793 1473 orbium,
825 1403 893 1461 loca
925 1403 1108 1479 apbeliorum
1140 1405 1169 1459 in
1194 1401 1330 1478 ecliptica
1352 1418 1512 1477 eorumque
1534 1411 1639 1460 motus.
1684 1401 1756 1459 Jam
1780 1401 1844 1459 adit

483 1483 631 1562 Keplerus
654 1489 819 1564 parallaxes
842 1490 966 1563 orbium,
990 1489 1160 1548 latitudines
1187 1488 1380 1566 planetarum,
1404 1489 1586 1565 distinguens
1608 1492 1685 1546 inter
1707 1488 1845 1546 latitudi-

482 1589 551 1631 nens
573 1585 603 1632 et
628 1575 887 1643 ,inclinationem‘
912 1588 942 1636 et
964 1577 1027 1634 tinit
1050 1578 1126 1634 bauo
1148 1587 1258 1653 partem
1282 1578 1498 1647 demonstraus,
1529 1593 1587 1651 qua
1613 1577 1728 1634 ratione
1756 1578 1845 1634 inve·

481 1662 582 1719 niatur
617 1660 764 1738 latitudo,
800 1674 829 1723 et
865 1675 992 1740 quantae
1029 1667 1086 1722 sint
1123 1663 1295 1724 latitudines
1333 1666 1516 1741 planetarum
1551 1665 1733 1740 superiorum
1773 1683 1841 1722 ma-

480 1766 589 1808 anniae.

572 1836 654 1894 Pura
672 1841 776 1894 tertia.
820 1836 867 1896 De
895 1836 1021 1913 planetis
1050 1837 1244 1897 hilarioribus.
1291 1837 1407 1897 Causae
1435 1847 1660 1909 enumerantur,
1692 1856 1744 1896 cur
1769 1839 1800 1896 bi
1825 1859 1844 1897 a

480 1925 684 1998 superioribus
706 1927 836 2002 separati
860 1925 1091 1997 considerentur,
1113 1925 1182 1984 dein
1205 1935 1301 1984 motus
1324 1934 1499 2002 apparentes
1520 1933 1707 1984 recensentur
1730 1935 1760 1986 et
1783 1945 1844 2002 qua

481 2013 598 2069 ratione
620 2030 639 2068 a
661 2013 791 2069 motibus
813 2013 1023 2088 apparentibus
1045 2012 1082 2071 sd
1105 2023 1202 2070 motus
1218 2030 1303 2071 veros
1319 2012 1501 2071 dereniatur.
1536 2015 1758 2088 Argumentum,
1782 2033 1843 2089 quo

482 2099 637 2174 probatur,
659 2098 795 2173 planetas
817 2098 872 2156 bos
894 2102 970 2158 circa
994 2099 1095 2159 Solem
1117 2103 1147 2156 in
1170 2118 1273 2176 gyrum
1297 2102 1347 2173 ire,
1370 2119 1387 2157 e
1409 2101 1550 2176 pbasibus
1563 2100 1686 2159 l'eueris
1709 2102 1843 2160 desumi·

483 2193 540 2243 tur.
588 2186 634 2244 Da
663 2186 738 2244 locis
765 2185 948 2262 apheliorurn
977 2204 1136 2262 eorumque
1165 2197 1257 2246 motu
1302 2186 1447 2263 Keplerns
1469 2204 1622 2245 recensens
1644 2187 1801 2248 distantias
1824 2207 1844 2247 a

483 2270 555 2330 Sole
578 2272 740 2331 secundum
763 2274 956 2350 Copemicunr
979 2291 1084 2333 musas
1106 2273 1200 2352 addit,
1222 2276 1330 2350 quibus
1353 2273 1402 2332 ille
1424 2284 1521 2332 motus
1543 2277 1630 2332 mrico
1657 2275 1843 2351 planetamm

484 2359 549 2416 orbi
580 2359 655 2418 alios
688 2360 932 2436 superaddiderit.
979 2361 1095 2420 Causae
1118 2365 1278 2420 stationum
1300 2372 1330 2421 et
1352 2361 1632 2436 retrogradationum
1656 2363 1842 2438 planetarum

486 2447 655 2506 interiorum
678 2448 780 2506 eadent
802 2451 916 2506 ratioue
938 2459 967 2507 et
990 2449 1099 2525 figura,
1130 2451 1240 2526 quain
1265 2450 1464 2526 superioribus
1492 2450 1663 2522 traduntur,
1689 2451 1754 2510 loca
1787 2469 1846 2510 no·

484 2533 597 2604 dorum,
621 2538 802 2610 quantitates
826 2535 1013 2594 latitudinum
1037 2537 1124 2595 finem
1146 2536 1257 2594 laciuut
1278 2539 1369 2613 partis
1392 2538 1504 2594 tertiae.

573 2622 655 2680 Pars
678 2632 801 2698 quartu.
846 2624 892 2682 De
916 2623 1009 2682 Luna
1041 2620 1158 2684 ·Lunae
1180 2634 1278 2682 motus
1302 2623 1472 2698 inaequales
1495 2622 1613 2697 quidem
1628 2634 1708 2699 sunt,
1730 2631 1763 2682 ut
1777 2642 1845 2683 nro·

482 2717 531 2767 tus
552 2709 736 2785 planetarum
758 2713 979 2787 primariorum,
1013 2729 1121 2770 caune
1144 2729 1213 2769 sero
1236 2711 1338 2769 bamrn
1361 2711 1604 2785 inaequalitatum
1626 2714 1654 2767 in
1679 2711 1762 2769 Luna
1785 2730 1844 2771 nou

483 2795 571 2872 plane
595 2795 716 2856 eaedem
739 2809 806 2856 sunt
830 2816 906 2873 quac
922 2803 950 2856 in
966 2799 1102 2875 planetis,
1127 2815 1191 2856 cum
1217 2799 1294 2870 illae,
1318 2816 1393 2873 qnae
1416 2815 1467 2873 per
1489 2806 1600 2855 motum
1615 2799 1724 2857 Terrae
1738 2799 1846 2875 plane·

484 2886 523 2941 tis
546 2884 707 2956 accedunt,
736 2889 766 2942 iu
789 2886 889 2956 Luna,
919 2904 996 2961 quae
1018 2885 1142 2944 eundem
1165 2904 1231 2944 cum
1253 2885 1343 2943 Terra
1365 2898 1476 2943 motum
1509 2885 1611 2944 babet.
1643 2897 1844 2960 evanescant3

485 2989 577 3046 quare
599 2984 697 3030 motus
719 2972 822 3031 Lunae
853 2991 968 3048 scama
999 2982 1043 3031 est
1071 2972 1219 3045 directus,
1252 2989 1306 3030 nec
1337 2990 1466 3047 unquam
1497 2972 1612 3031 ridetur
1641 2971 1844 3034 stationarius.

485 3058 604 3116 Causae
630 3060 874 3134 inaequalitatum
897 3059 999 3119 Lunae
1022 3070 1108 3118 sunt:
1131 3062 1330 3118 ecceutricitas
1354 3061 1433 3117 orbis
1457 3059 1596 3132 Lunaris,
1619 3063 1712 3118 rinus
1734 3062 1846 3120 Tenue

482 3145 601 3205 Lunam
625 3145 822 3207 diversimode
845 3166 983 3220 moscus,
1007 3151 1053 3206 ris
1075 3166 1092 3207 e
1114 3146 1184 3207 Sole
1207 3147 1489 3226 prodiens(Lr1meu
1513 3148 1614 3206 Solane
1637 3148 1706 3206 dicit
1728 3149 1844 3227 lieple·

481 3232 559 3309 rss);
590 3233 636 3291 bis
669 3235 812 3293 accedunt
841 3238 981 3310 temporis
1004 3238 1144 3310 aequatio
1167 3245 1196 3293 et
1218 3235 1375 3310 parallaris
1398 3234 1510 3294 diurna.
1554 3234 1610 3292 His
1633 3235 1734 3294 Lunae
1759 3241 1845 3296 inae·

483 3319 678 3395 qualitatibus
707 3321 782 3380 baec
811 3322 918 3379 dantur
947 3325 1082 3381 uomina:
1106 3320 1302 3397 inaequalitas
1325 3321 1439 3380 soluta.
1462 3340 1545 3380 sustu
1568 3326 1714 3398 propriam
1738 3326 1844 3384 obscr-

482 3424 556 3464 rans
578 3407 731 3482 periodum
752 3409 934 3487 (periodica),
958 3419 987 3469 et
1009 3421 1168 3480 mersans,
1190 3408 1228 3465 ad
1252 3411 1394 3466 mensium
1417 3408 1523 3484 pbases
1545 3427 1597 3467 seu
1622 3409 1658 3467 ad
1675 3412 1844 3484 configura-

483 3496 580 3554 tiones
602 3494 702 3564 Solis,
729 3496 837 3555 Terrae
867 3508 896 3556 et
927 3498 1030 3556 Lunae
1058 3498 1183 3571 alligata
1212 3493 1394 3571 tarnodica):
1426 3504 1592 3555 menstmae
1615 3500 1844 3572 inaequalitates

481 3584 587 3639 iterum
621 3582 848 3641 subdividuntur
879 3589 907 3641 iu
939 3595 1143 3659 temporaneas
1170 3593 1198 3640 et
1221 3593 1377 3658 perpetuas
1398 3582 1535 3657 (variatio
1558 3602 1577 3641 a
1597 3584 1739 3659 Tycbone
1763 3586 1843 3645 dicta

481 3679 527 3728 est
551 3670 747 3745 inaequalitas
770 3672 933 3747 perpetuaf.
979 3671 1041 3728 llas
1065 3670 1291 3745 inaequalitates
1313 3669 1603 3744 siugulaslieplerus
1626 3672 1759 3745 pluribus
1793 3676 1841 3729 in-

482 3758 591 3832 quirit,
615 3757 684 3816 binc
706 3762 809 3816 transit
831 3759 869 3816 ad
891 3758 1077 3816 latitudinem
1102 3758 1203 3816 Lunae
1225 3769 1402 3815 menstruam
1425 3768 1453 3814 et
1477 3756 1579 3812 ultimo
1602 3756 1668 3814 loeo
1691 3777 1760 3816 suas
1784 3761 1842 3836 try-

482 3843 622 3919 potbeses
647 3844 683 3902 de
707 3845 791 3904 Luna
814 3863 880 3903 curn
903 3846 1065 3903 Brabeanis
1087 3853 1253 3921 equiparat,
1283 3862 1384 3920 pamm
1409 3843 1525 3918 quidem
1550 3853 1703 3918 utramque
1726 3847 1841 3905 dilierre

480 3931 630 3990 contendit
654 3934 682 3987 in
706 3932 820 3991 calculo
842 3932 1033 4008 longitudinis
1056 3943 1085 3991 ct
1107 3931 1270 3990 latitudiuis
1283 3931 1393 4001 Lunae,
1417 3948 1471 3989 nec
1493 3930 1585 3988 multo
1608 3931 1675 4007 plus
1699 3936 1727 3990 in
1749 3937 1841 3993 inter-

483 4018 570 4078 rallis
594 4018 706 4090 Lunae,
729 4020 883 4096 plurimum
908 4037 977 4078 reru
1000 4022 1029 4076 iu
1052 4021 1145 4078 forma
1166 4029 1306 4076 motuum.

573 4107 652 4165 Pars
675 4112 792 4183 quintu.
839 4108 884 4166 De
915 4108 1118 4165 communibus
1141 4105 1346 4163 allectionibus
1367 4102 1560 4179 planetarum.
1605 4104 1771 4165 Praeurissa
1795 4120 1841 4167 cst

481 4192 592 4251 tabella
615 4198 769 4271 synoptica
788 4198 968 4271 passionum
991 4193 1183 4270 planetarum.
1230 4190 1314 4248 Hanc
1343 4201 1461 4247 secutus
1492 4189 1631 4248 tabellam
1661 4193 1761 4252 ordine
1785 4214 1840 4255 suo

481 4280 649 4339 considerat
672 4286 769 4341 sarias
792 4283 975 4359 planetarum
999 4280 1169 4355 affectiones
1192 4295 1242 4334 seu
1265 4281 1427 4350 passiones.
1487 4280 1516 4334 ll
1539 4276 1683 4337 Omnibus
1706 4296 1841 4340 commu·

480 4370 556 4425 niter
578 4367 701 4437 accidit,
733 4380 765 4427 ut
796 4374 853 4426 sint
883 4368 959 4424 tardi
991 4367 1038 4425 rel
1069 4367 1204 4433 reloces,
1234 4368 1311 4420 aucti
1335 4364 1382 4422 rel
1407 4365 1509 4420 minuti
1532 4382 1662 4422 numero.
1708 4370 1737 4423 Ὺ
1765 4369 1840 4427 Cum

480 4454 552 4512 Sole
575 4459 736 4531 comparati
759 4466 828 4513 sunt
852 4469 952 4512 omnes
975 4453 1112 4529 planetae
1136 4451 1183 4509 rel
1214 4450 1370 4509 orientales
1399 4450 1446 4509 rel
1474 4450 1686 4516 occidentales,
1715 4471 1769 4529 pro
1793 4456 1841 4514 di·

480 4544 620 4600 versitate
644 4544 752 4599 situum
776 4544 814 4600 ad
838 4541 936 4599 Solem
960 4540 1107 4596 diversum
1130 4539 1270 4613 praebent
1293 4545 1452 4614 aspectum,
1476 4536 1608 4595 diversos
1631 4553 1711 4596 ortus
1735 4553 1763 4598 ct
1788 4562 1842 4602 oc·

479 4646 568 4687 neus
589 4632 760 4689 sortiuntur.
804 4629 873 4707 (ilic
889 4627 925 4685 de
941 4626 1156 4685 illuminatione
1175 4624 1284 4696 Lunae,
1308 4625 1344 4684 dc
1367 4626 1431 4699 ejus
1455 4623 1573 4682 lumine.
1597 4622 1633 4684 de
1656 4626 1759 4701 regula
1775 4630 1839 4686 Pli-

480 4718 530 4774 nii.
554 4716 656 4773 boram
680 4719 775 4775 noctis
799 4735 815 4774 e
838 4717 912 4773 iacis
938 4714 1037 4772 Lunae
1059 4711 1275 4786 constituendi).
1321 4715 1356 4769 st
1378 4712 1519 4768 Pisuetae
1542 4714 1616 4769 inter
1631 4731 1662 4770 se
1676 4721 1840 4791 comparati

479 4804 577 4861 locum
600 4805 741 4880 praebent
765 4802 1017 4879 speculationibus
1041 4796 1226 4873 astrologicis
1250 4809 1278 4855 ct
1301 4799 1430 4854 theoriae
1453 4796 1677 4857 harmoniarum.
1723 4802 1840 4861 liecen-

482 4903 584 4948 reutur
607 4893 680 4947 rarii
704 4901 842 4966 aspectus
865 4890 1063 4964 planetanrm.
1092 4888 1251 4963 praemissa
1275 4882 1443 4941 dctinitioae
1466 4895 1653 4958 aspectuum.
1684 4901 1712 4944 et
1735 4895 1841 4964 paucis

478 4978 709 5051 significationes
742 4979 858 5035 illorum
890 4974 1066 5045 astrologica
1098 4964 1404 5031 ratiouc'traduutur.
1451 4974 1480 5042 tj·
1507 4970 1580 5028 Cum
1608 4983 1705 5029 motus
1736 4975 1841 5037 Lernae

479 5066 604 5140 ejusque
626 5065 733 5141 phasea
757 5064 894 5123 lacsslime
918 5063 1110 5119 observentur
1133 5070 1161 5114 ct
1184 5067 1413 5130 cognoscantur,
1439 5055 1521 5113 Luna
1544 5077 1561 5113 a
1584 5056 1716 5132 plurimis
1740 5066 1842 5136 genti-

481 5154 537 5211 bus
559 5153 599 5210 ad
620 5163 785 5227 temporum
817 5152 1055 5209 constitutionem
1084 5145 1252 5215 adhibetur3
1288 5143 1357 5202 binc
1386 5144 1455 5200 anni
1487 5142 1616 5201 Lunares
1641 5145 1754 5220 politici
1785 5154 1842 5208 orti

480 5248 560 5314 saut,
583 5243 726 5316 quisunt
748 5239 841 5298 misti
862 5234 1031 5296 &Menum
1053 5239 1196 5310 perpetuo
1218 5232 1378 5303 meusium,
1406 5239 1436 5289 et
1458 5229 1555 5306 lipsii,
1578 5247 1618 5289 aa
1643 5231 1682 5291 ad
1705 5232 1841 5299 Solarem
