4459 6275
864 791 907 847 De
924 791 1052 864 Epitome
1069 793 1268 851 Astronomiae.
1705 811 1747 870 3⁷

476 971 644 1034 othgerus:
668 971 696 1026 S.
713 971 740 1020 Ρ.
761 971 846 1022 Bemtl
863 984 915 1033 me,
939 971 1082 1022 clarissime
1100 976 1126 1021 et
1143 973 1361 1025 Praestantissimo
1381 978 1433 1042 Vir,
1452 979 1551 1030 deliciis
1569 985 1669 1032 tuarum
1681 980 1746 1034 itte-

382 1059 481 1108 rarum,
500 1045 543 1096 18.
555 1043 626 1093 Febr.
645 1043 774 1108 mrum,
792 1044 886 1109 quibua
904 1041 938 1107 (t.
951 1044 1024 1092 lunii
1042 1043 1142 1092 demum
1159 1047 1281 1107 acceptis)
1301 1060 1345 1107 ege
1363 1048 1466 1098 reddere
1484 1064 1572 1116 parea,
1592 1057 1621 1102 ut
1638 1056 1747 1104 maxime

382 1115 475 1176 selim,
500 1127 684 1179 compensum,
709 1114 841 1163 tenuitatis
859 1124 933 1164 meae
948 1114 1142 1164 mathematicae
1160 1118 1199 1163 eat
1216 1116 1279 1164 mihi
1297 1119 1419 1168 conscius.
1457 1119 1532 1181 Quod
1550 1136 1653 1185 possum
1671 1125 1746 1189 facio,

382 1184 473 1235 saltem
493 1188 522 1233 ut
539 1183 624 1232 videas
642 1185 755 1233 animum
773 1197 830 1245 erga
847 1188 872 1233 te
889 1188 997 1246 gratum,
1016 1184 1056 1232 cul
1069 1187 1114 1232 tua
1127 1187 1321 1234 communicasse
1340 1192 1365 1236 te
1382 1202 1433 1245 uon
1451 1193 1589 1252 poeniteat.

473 1272 558 1320 Primo
577 1272 687 1319 omnium
706 1271 737 1320 ad
761 1269 957 1339 mathematica.¹
982 1268 1173 1332 Reprehendisti
1200 1284 1252 1337 me,
1280 1272 1346 1332 quod
1365 1271 1453 1322 et'alll
1478 1276 1602 1342 lecerunt,
1630 1278 1661 1326 ob
1681 1281 1748 1328 rein·

381 1349 464 1392 tatum
482 1341 627 1407 hagellum,
653 1343 697 1390 aed
720 1346 745 1390 et
762 1335 864 1390 erexisti
882 1344 926 1389 tuo
945 1339 1068 1401 exemplo.
1104 1340 1160 1387 Nou
1178 1343 1252 1402 potui
1275 1342 1337 1392 terre
1361 1341 1401 1391 vel
1420 1344 1490 1404 vulgi
1507 1345 1548 1394 vel
1567 1349 1642 1396 etiam
1661 1350 1747 1399 litera·

381 1420 467 1462 torum
484 1412 643 1478 quorundam
660 1411 841 1476 vellicationes,
859 1410 990 1470 Nagelium
1007 1411 1056 1457 niti
1073 1410 1207 1472 principiis
1226 1413 1298 1474 quasi
1317 1412 1418 1478 divinis,
1437 1416 1598 1477 astrologiam
1617 1421 1746 1486 usitatam,
1791 1464 1794 1469 .

380 1485 435 1535 imo
451 1483 631 1532 astronomiam
649 1482 817 1547 Tychonieam
837 1479 933 1530 nullius
955 1493 1009 1529 aeae
1033 1480 1135 1533 valeria.
1172 1480 1222 1530 Hie
1247 1483 1333 1546 itaque
1357 1482 1434 1533 semel
1465 1484 1584 1535 discussis
1613 1489 1745 1550 hominem,

380 1555 431 1603 etal
448 1553 531 1602 adhuc
548 1552 624 1601 hodie
641 1551 721 1600 multa
732 1553 905 1614 crepitantem,
924 1551 1007 1598 ualere
1017 1551 1091 1614 joasi,
1110 1556 1136 1598 et
1150 1564 1225 1614 nnnc,
1243 1552 1311 1616 quod
1324 1555 1412 1614 exigis,
1431 1569 1537 1604 acumen
1551 1554 1583 1621 (si
1596 1556 1645 1606 diis
1656 1546 1746 1624 plaoe't¹

381 1623 453 1689 qnod
472 1624 520 1671 tihi
541 1623 611 1687 loqul
635 1620 706 1681 libet)
724 1621 929 1670 mathematicum
954 1620 1131 1669 examinandis
1153 1622 1204 1668 tuia
1226 1626 1252 1670 et
1274 1622 1388 1672 Severini
1412 1627 1513 1689 scriptia
1535 1624 1699 1691 apponerem,
1724 1632 1747 1679 el

382 1694 471 1742 datum
489 1698 563 1743 esset.
600 1692 692 1756 Εςοιιο,
711 1693 755 1758 qui
773 1690 896 1740 destituor
915 1691 1138 1757 observationibus,
1159 1692 1218 1747 otto.
1237 1692 1353 1755 iugenio,v
1366 1698 1452 1743 tantm
1470 1692 1531 1744 moll
1549 1699 1613 1759 pari,
1632 1710 1745 1749 summo-

383 1778 440 1812 rum
458 1765 505 1812 hoc
523 1768 635 1824 tempore
659 1767 858 1811 astronomorum
884 1774 998 1810 censeam
1020 1761 1135 1826 labores,
1160 1775 1225 1825 quos
1252 1761 1328 1822 louge
1355 1777 1446 1826 aequor
1468 1771 1493 1814 et
1517 1768 1625 1828 vestigia
1649 1784 1746 1834 semper

381 1835 478 1883 aderet
507 1833 615 1881 Felicem
633 1847 672 1881 me
690 1831 815 1895 praedico,
835 1832 904 1894 quod
920 1830 985 1880 alter
1003 1832 1117 1879 emlcltia
1139 1844 1178 1879 me
1197 1845 1244 1880 sua
1262 1833 1366 1893 dignum
1391 1836 1520 1899 aestimet3
1546 1837 1651 1887 alterius
1669 1830 1768 1889 etlam*

380 1904 503 1961 (nondum
521 1904 589 1952 enim
607 1903 659 1952 ulla
676 1903 739 1952 mlhi
757 1901 797 1953 uel
814 1916 859 1965 per
876 1901 962 1950 literae
981 1915 1037 1949 cum
1055 1901 1262 1962 Longomontano
1281 1900 1385 1969 notitia)
1402 1905 1543 1956 amicitiam
1561 1921 1601 1956 me
1617 1909 1746 1960 insinuare

378 1971 485 2039 sellem,
514 1972 628 2022 simodo
647 1975 748 2038 aeirem,
775 1985 826 2021 nou
844 1973 932 2037 inique
950 1971 1060 2019 latmnm
1078 1971 1156 2020 dubia
1174 1971 1295 2033 quaedam
1314 1987 1392 2035 eaque
1410 1987 1459 2022 ucn
1483 1989 1580 2043 pauca,
1608 1993 1640 2026 ex
1663 1981 1744 2043 ipsius

381 2044 544 2093 astronomia
561 2043 658 2092 Daulea
675 2043 733 2093 hinc
750 2042 810 2091 inde
829 2042 891 2090 mihi
909 2039 1026 2102 collecte,
1050 2039 1138 2106 qualia
1156 2043 1177 2089 al
1196 2043 1223 2090 in
1241 2043 1303 2100 tule,
1324 2043 1370 2090 Vir
1388 2044 1579 2112 humanissime,
1605 2049 1744 2111 deprehen·

380 2114 474 2176 desem,
491 2117 544 2176 jam
560 2127 607 2176 pro
626 2118 716 2176 coepta
734 2115 800 2162 inter
817 2127 864 2178 noa
882 2113 980 2161 elnoera
997 2111 1112 2161 amicitie
1130 2113 1158 2160 in
1176 2113 1260 2160 einum
1279 2118 1349 2161 tunm
1363 2115 1489 2164 effundere
1507 2129 1558 2164 non
1576 2117 1743 2173 formidarem.

378 2184 415 2232 Et
430 2185 493 2234 ratis
509 2187 562 2245 lam
580 2184 699 2235 audacter
716 2187 760 2232 tua
777 2181 953 2234 benevolentia
969 2186 1039 2246 utor,
1067 2187 1092 2230 et
1111 2183 1273 2232 audaciorem
1292 2197 1321 2231 ee
1338 2198 1378 2232 me
1396 2185 1459 2234 iacit
1476 2187 1503 2233 in
1523 2186 1589 2253 dies,
1614 2189 1701 2252 itaque
1720 2195 1747 2239 et

378 2255 447 2306 hisce
469 2253 551 2304 literis
572 2255 695 2320 qneedam
714 2254 792 2304 libere
810 2254 918 2317 praeteri
941 2266 991 2303 nou
1016 2253 1148 2318 embeeeo‚
1178 2267 1221 2316 epe
1245 2254 1346 2320 reniae,
1374 2268 1451 2319 quam
1478 2257 1528 2304 tole
1554 2259 1655 2308 abunde
1681 2261 1744 2310 mihi

378 2324 497 2390 spondes.

465 2410 579 2476 Eclipsln
599 2411 666 2464 Solis
689 2410 758 2477 quod
781 2424 812 2459 ex
835 2410 970 2472 hypothesi
994 2413 1037 2456 tua
1061 2422 1136 2473 quam
1161 2410 1274 2471 proxime
1299 2411 1451 2460 conformem
1476 2415 1647 2463 observationi
1672 2429 1744 2467 meae

377 2487 518 2546 supputare
536 2480 657 2547 potueris,
677 2480 793 2546 equidem
811 2480 885 2528 initio
903 2479 977 2527 velle
995 2479 1111 2536 mirabar,
1132 2479 1257 2543 siquidem
1270 2493 1315 2541 ego
1329 2495 1342 2529 e
1354 2480 1533 2544 supplemento
1547 2484 1760 2545 llphemerirlum¹

377 2553 487 2618 blaginl,
505 2566 557 2617 quo
576 2557 602 2601 et
618 2553 716 2601 hieeeta
732 2550 799 2601 Solia
817 2550 987 2599 eceentricitea
1006 2549 1151 2609 Tychouica
1168 2554 1194 2598 et
1211 2550 1453 2603 semidiametromm
1471 2554 1569 2603 tabella
1584 2554 1616 2602 ad
1634 2561 1743 2609 menum

377 2631 448 2673 tuam
465 2624 580 2672 eontema
597 2623 770 2685 continentur,
793 2620 896 2670 eandem
919 2620 993 2679 louge
1016 2621 1134 2680 majorem
1159 2624 1359 2681 supputaveram.
1396 2622 1447 2671 Sed
1463 2626 1517 2683 jam
1535 2624 1659 2674 calommn
1679 2642 1742 2677 eou-

377 2695 469 2743 ierenti
486 2693 600 2758 prodidit
617 2707 643 2742 ae
662 2694 748 2744 atatim
765 2690 872 2740 latitudo
886 2690 980 2754 Lunae,
999 2695 1049 2737 tem
1069 2703 1213 2754 veroquam
1229 2691 1290 2755 visa,
1310 2695 1389 2752 major
1401 2706 1464 2742 mea.
1493 2693 1630 2743 Excessum
1649 2694 1740 2746 delude

374 2764 523 2826 latitudinis
541 2777 615 2811 verae
633 2762 686 2811 vidi
704 2762 764 2811 oriri
781 2762 872 2823 partlm
891 2774 904 2809 e
922 2760 1077 2822 promotione
1100 2759 1176 2824 nodi,
1205 2761 1296 2820 partim
1321 2775 1334 2808 e
1357 2766 1456 2816 mutata
1477 2765 1609 2812 ementriei
1628 2765 1741 2817 ,Lunaris

378 2832 543 2900 obliquitate.
568 2847 632 2898 qnae
649 2833 699 2881 tihi
717 2832 743 2880 ln
762 2833 859 2894 copulis
877 2831 1000 2887 maxima,
1025 2829 1138 2890 Tycbonl
1162 2829 1274 2879 nlinlma.
1310 2829 1399 2879 Habes
1418 2835 1444 2880 et
1461 2833 1513 2880 alia
1530 2834 1556 2880 in
1576 2834 1708 2885 lunaribus
1725 2850 1743 2885 a

378 2905 499 2966 'hebone
517 2904 625 2953 diversa.
661 2901 769 2951 Proinde
786 2899 862 2951 taeile
881 2900 955 2964 cedo,
978 2905 1006 2947 tu
1031 2899 1105 2948 modo
1124 2900 1195 2962 vide,
1218 2905 1247 2947 ut
1268 2901 1429 2961 postmodum
1452 2903 1603 2965 hypothecae
1622 2911 1681 2957 tuae
1699 2921 1740 2957 re·

376 2975 522 3037 spondeant
538 2974 756 3023 obseruationibua
774 2972 920 3035 eclipsium,
944 2984 995 3018 non
1014 2970 1102 3018 harum
1119 2971 1208 3036 modo,
1234 2971 1278 3019 sed
1301 2977 1363 3033 quot
1386 2977 1429 3020 aut
1453 2973 1555 3021 fuerunt
1574 2972 1598 3036 (a
1616 2976 1740 3039 Tychone,

376 3045 521 3095 Ptolemaeo
540 3039 695 3107 observatae)
714 3048 758 3091 aut
776 3042 879 3105 posthae
895 3041 954 3089 allis
973 3045 1045 3090 erunt
1063 3042 1089 3088 ln
1108 3042 1192 3091 annis.
1228 3036 1352 3105 Equidem
1369 3042 1478 3102 ingenue
1496 3044 1593 3111 luteos,
1613 3060 1670 3094 oum
1687 3042 1745 3109 priss,

377 3130 447 3166 mum
466 3113 647 3179 praefationem
664 3118 732 3162 tuam
750 3110 778 3162 iu
796 3110 987 3175 Ephemeridem
1005 3112 1064 3159 anui
1084 3113 1159 3162 rori.
1179 3112 1293 3177 legerem,
1311 3124 1361 3160 non
1381 3114 1514 3179 placuisse,
1533 3116 1601 3179 quod
1619 3108 1739 3183 pleraque

377 3189 404 3235 iu
423 3186 606 3247 hypothesibus
623 3185 784 3233 luminarium
801 3182 952 3243 Tychoniois
970 3183 1150 3232 immuteverls.
1187 3183 1242 3241 Quo
1261 3182 1376 3247 tandem,
1395 3184 1516 3249 inquam,
1535 3199 1580 3233 noe
1599 3191 1740 3237 vertamuat

378 3256 488 3318 Quando
506 3255 546 3305 rai
566 3256 623 3319 qula
640 3255 698 3304 nola
716 3253 920 3303 emendationum
938 3257 964 3301 et
980 3253 1177 3301 limitationem?
1195 3253 1225 3301 Iu
1241 3253 1414 3302 Aetrcnomioa
1434 3256 1508 3318 etiam
1522 3256 1646 3322 Epitome,
1665 3271 1741 3322 quam

377 3327 452 3376 aride
469 3325 602 3388 legendam
620 3325 729 3387 arriput.
742 3324 796 3372 vidi
814 3324 887 3384 louge
904 3323 979 3385 plura
997 3323 1119 3372 hacteuus
1136 3321 1243 3372 insolita
1254 3336 1345 3387 meque
1363 3325 1501 3384 turbantia,
1520 3328 1583 3392 quia
1600 3326 1741 3378 intellectui

377 3411 434 3447 meo
451 3389 677 3461 irruentesquere
695 3393 788 3444 librum
805 3394 920 3457 eapoeni,
946 3392 1026 3442 donee
1043 3393 1146 3442 tabulae
1164 3390 1351 3458 Rudolphinae,
1370 3398 1409 3441 tot
1427 3408 1507 3444 annos
1523 3399 1577 3458 jam
1596 3387 1740 3461 promissae,

377 3481 485 3534 quarum
502 3468 586 3530 etlam
598 3466 720 3515 desiderio
734 3466 789 3527 iam
807 3458 964 3529 contabesco,
983 3462 1047 3512 torte
1065 3464 1146 3512 lucem
1163 3464 1204 3512 llll
1223 3464 1274 3511 sint
1291 3460 1419 3513 allaturae.

464 3587 650 3666 Keplerus
674 3585 827 3663 respoudit
850 3586 892 3663 (9.
910 3584 996 3662 ,Sept
1023 3582 1132 3664 1614)ι
1176 3584 1257 3660 Quae
1281 3586 1423 3663 scripsisti
1445 3588 1484 3648 ad
1506 3605 1553 3649 ms
1579 3589 1629 3649 15.
1653 3589 1738 3667 Julii,

381 3677 436 3737 Vir
462 3676 631 3736 clarissime
650 3675 796 3752 juxtaque
818 3675 1011 3747 amicissime,
1037 3676 1066 3731 7.
1090 3672 1171 3749 Sept
1196 3675 1313 3749 accepi,
1342 3673 1381 3734 ad
1404 3694 1478 3751 quaa
1500 3684 1582 3737 tanto
1603 3677 1741 3757 libentius

380 3764 564 3841 respondeo,
588 3771 698 3839 quanto
722 3770 753 3822 tn
776 3761 918 3838 majorem
940 3760 986 3821 his
1007 3759 1100 3821 literis
1124 3762 1321 3821 accessionem
1343 3761 1438 3822 iecisti
1469 3763 1508 3823 ad
1531 3782 1613 3840 apem
1635 3784 1740 3843 meam,

377 3855 447 3913 tore-
463 3860 496 3914 ut
521 3851 596 3913 haee
618 3858 718 3911 nostra
739 3868 791 3927 per
813 3850 915 3921 literas
931 3851 1118 3909 conversatio
1148 3865 1207 3907 nou
1230 3852 1293 3908 aine
1317 3849 1411 3911 iructu
1439 3852 1617 3929 reipublicae
1639 3854 1740 3915 litera-

381 3944 443 4000 riae
466 3941 662 4002 continuetur.
708 3937 770 3998 Nec
791 3936 926 4014 pluribus
948 3924 1124 4013 ambagibus
1147 3953 1219 3996 usus
1244 3936 1282 3995 ad
1304 3954 1351 3998 rea
1371 3939 1451 4015 ipses
1474 3938 1592 4015 accedo,
1617 3958 1760 4017 quarum.

377 4031 474 4106 prima
504 4034 552 4088 est
581 4026 617 4085 de
647 4026 763 4088 calado
793 4027 957 4103 euticetem.
1004 4022 1090 4099 Quod
1119 4027 1227 4101 igitur.
1242 4041 1361 4100 mones,
1396 4034 1429 4085 ut
1455 4027 1634 4104 hypotheses
1665 4030 1739 4092 istae

378 4131 467 4177 meae
488 4114 571 4197 (nam
593 4116 623 4174 iu
646 4116 778 4174 minuens
801 4112 882 4173 hisce
904 4128 988 4173 meae
1011 4120 1096 4187 sunt,
1120 4114 1150 4170 in
1172 4113 1214 4172 rei
1237 4129 1351 4171 somme
1372 4111 1533 4195 Tychonie)
1556 4115 1741 4197 ohservatio-

377 4206 469 4265 nihua
500 4203 655 4280 eclipsinm
684 4199 897 4278 respondeant,
931 4200 1069 4259 c'oniirmo
1099 4215 1155 4277 ego
1186 4199 1258 4273 tihi,
1289 4198 1362 4259 nihil
1392 4201 1449 4262 hac
1477 4219 1547 4262 cura
1572 4221 1621 4264 me
1648 4205 1738 4282 priua

377 4291 452 4352 nihil
474 4292 626 4368 antiquius
648 4289 796 4350 habuisse.
830 4287 901 4350 Jaur
925 4289 1002 4349 enim
1033 4303 1109 4348 anuo
1137 4289 1230 4347 1611,
1254 4286 1414 4349 Novembri
1443 4290 1561 4351 exhibui
1583 4291 1739 4354 Caesaria-

376 4383 424 4440 nis
445 4379 623 4440 conailiariis
644 4376 787 4458 libellum,
821 4378 852 4436 in
874 4393 933 4453 quo
957 4375 1082 4452 eclipses
1105 4374 1238 4435 Lunares
1263 4376 1314 4451 50,
1336 4378 1443 4453 partim
1466 4398 1484 4438 a
1506 4397 1569 4453 me,
1591 4381 1698 4456 partim
1720 4399 1739 4441 a

378 4468 522 4546 Tychone
546 4464 614 4526 inde
637 4467 675 4525 ab
698 4482 775 4525 anuo
802 4466 895 4525 1571.
920 4464 1107 4537 observatas,
1136 4464 1252 4541 gemino
1276 4462 1389 4523 calculo
1412 4467 1596 4542 examinavi,
1618 4467 1738 4547 'lycho-

377 4560 446 4616 nico
475 4562 507 4615 et
529 4553 601 4627 hoo,
629 4554 653 4613 ai
682 4553 793 4629 placet,
824 4570 906 4625 meo,
938 4551 1119 4627 adjunxique
1149 4554 1383 4628 comparationes
1411 4556 1605 4616 membrorum
1633 4556 1737 4618 calculi

377 4646 548 4720 utriusque,
579 4644 608 4699 in
631 4641 754 4718 singulis
788 4640 946 4718 eclipsibus
974 4656 1119 4699 summam
1149 4641 1270 4699 rationis
1301 4638 1523 4716 ingredientium
1550 4646 1736 4713 (ctr.v01.111.

376 4756 403 4804 p.
421 4742 472 4789 nso
491 4736 545 4796 ael.
593 4728 627 4787 ln
650 4730 690 4788 rei
713 4744 828 4788 summa
849 4728 971 4807 propius
995 4727 1032 4787 ad
1055 4744 1177 4805 scopum
1201 4729 1282 4787 venit
1303 4744 1386 4786 moue
1403 4728 1534 4790 calculus
1559 4730 1735 4808 exhibetque

376 4820 451 4879 locis
474 4816 648 4895 opportunis
671 4816 821 4877 evidentia
844 4822 1032 4894 argumenta,
1064 4823 1142 4876 recle
1164 4832 1183 4874 a
1206 4833 1252 4874 me
1275 4822 1429 4893 susceptas
1459 4835 1524 4879 esse
1547 4811 1735 4880 mutationes

377 4905 487 4983 Quoad
518 4904 652 4981 singulas
682 4899 752 4964 v'ero
774 4903 916 4981 eclipses,
949 4902 1045 4963 adhue
1075 4905 1186 4981 passim
1215 4903 1392 4963 dissentiunt
1420 4906 1533 4965 articuli
1561 4915 1734 4983 temporum,

376 4992 525 5055 interdum
556 5009 650 5068 caque
679 4989 717 5052 ad
748 4990 839 5053 horae
862 4991 1070 5071 quadrantem,
1103 4992 1269 5067 quantitate
1301 5008 1371 5051 vero
1393 4994 1561 5069 partialium
1584 4994 1736 5071 eclipsium

379 5080 528 5144 interdum
551 5079 648 5141 adhue
670 5073 792 5142 ulterius
815 5078 926 5140 vellent
947 5085 1084 5140 extensas
1108 5097 1173 5140 esse
1196 5081 1374 5141 mutationes
1396 5098 1494 5157 meas,
1517 5084 1560 5141 ita
1582 5087 1614 5142 ot
1635 5084 1735 5162 auspi·

376 5171 437 5231 cari
459 5186 560 5247 cogar,
585 5170 690 5246 optioia
721 5169 883 5229 rationibus
906 5166 985 5242 lieri,
1017 5176 1051 5227 ut
1077 5169 1181 5229 umbra
1203 5168 1311 5228 Tenue
1338 5176 1457 5247 propter
1483 5172 1736 5248 interpositionem

377 5258 505 5336 ancujus
528 5255 670 5337 dhaphani
692 5257 767 5319 inter
787 5254 887 5319 Solem
910 5262 941 5317 et
962 5254 1083 5318 Terram
1105 5273 1164 5318 non
1186 5256 1273 5337 plane
1289 5254 1498 5319 dmmeealiter
1520 5257 1625 5322 inillis
1647 5275 1734 5321 cuer·
