4459 6275
371 773 399 855 *1
438 776 503 867 134ι
920 777 963 832 De
979 776 1091 834 Tabulis
1108 776 1292 848 Rudolphlols

434 951 477 1011 ita
498 950 593 1011 facilis
608 951 746 1030 'lhhinga
767 954 797 1012 in
819 954 1031 1032 proscindendo
1054 957 1134 1016 illius
1156 955 1292 1017 honore?
1336 954 1490 1015 Proximus
1513 952 1674 1014 habitabat
1693 952 1787 1027 aedes,

377 1048 379 1053 '
435 1038 625 1115 quotidianae
648 1041 707 1099 fere
730 1043 917 1103 intercessere
931 1046 1125 1119 visitationes,
1150 1036 1295 1104 dum'ntta
1308 1059 1375 1103 mea
1397 1044 1551 1117 virginem,
1575 1058 1634 1119 ogo
1656 1048 1785 1119 patruum

381 1206 387 1217 Ι
434 1126 499 1204 ejus
522 1128 685 1203 invisimus,
709 1135 741 1187 ut
764 1127 799 1189 de
822 1129 932 1209 templo
955 1132 1026 1191 nihil
1051 1133 1155 1193 dicam.
1201 1131 1259 1192 Sed
1283 1132 1350 1192 vale
1379 1138 1409 1191 et
1431 1130 1530 1189 saluta
1551 1136 1638 1189 tuam
1659 1146 1782 1189 uxorem.

1363 1218 1446 1277 Tuus
1468 1217 1503 1278 J.
1528 1215 1693 1294 Kepferua.

520 1324 976 1404 KeplorusSehiolrardo.
1021 1330 1051 1392 S.
1068 1332 1102 1392 P.
1119 1332 1155 1391 D.
1194 1330 1362 1391 Clarissimo
1387 1332 1440 1390 vir.
1479 1328 1551 1390 Jam
1575 1332 1788 1409 antodsepti·

435 1431 538 1474 mauas
560 1431 612 1491 por
635 1415 778 1491 virginem
800 1415 837 1474 D.
854 1416 962 1477 Blossii
985 1436 1014 1497 p.
1030 1437 1068 1479 m.
1091 1419 1182 1479 filiam
1205 1418 1242 1478 ad
1259 1426 1287 1478 to
1310 1418 1376 1478 misi
1399 1416 1604 1495 iimperiales
1628 1435 1695 1477 cum
1711 1417 1789 1476 volo·

435 1503 512 1561 mine
534 1518 700 1580 papyraceo
723 1501 762 1562 ad
785 1504 933 1581 eaeurplar
960 1504 1125 1566 tabularum
1148 1507 1185 1565 D.
1212 1506 1320 1567 Abbati
1343 1505 1463 1566 Hialero
1494 1503 1704 1582 integrandum
1728 1522 1789 1583 per·

434 1591 560 1663 tinente,
590 1587 687 1665 adque
710 1608 862 1669 mappam,
892 1592 927 1652 de
950 1611 1010 1670 qua
1033 1593 1109 1654 ultro
1133 1595 1289 1667 monuisti,
1322 1596 1346 1652 si
1376 1592 1467 1653 velles
1496 1600 1526 1653 et
1560 1594 1677 1652 otiosus
1705 1609 1788 1665 casea,

434 1675 680 1751 concinnandam,
711 1678 835 1738 necdum
859 1679 904 1739 vel
936 1690 1005 1740 ate
1039 1681 1084 1741 vol
1112 1680 1213 1741 atilio
1237 1698 1302 1740 meo
1332 1681 1488 1759 quicquam
1519 1679 1621 1741 habeo
1644 1681 1787 1759 responai3

389 1834 398 1849 ἱ
435 1781 526 1842 quare
548 1781 620 1842 rogo
653 1763 709 1824 hae
739 1768 892 1826 occasione
923 1767 993 1843 quid
1017 1770 1160 1847 receperis
1191 1767 1345 1845 responde.
1391 1768 1437 1827 De
1463 1784 1571 1845 mappa
1603 1784 1664 1827 non
1688 1772 1790 1845 impor-

434 1859 522 1911 tunus
546 1869 605 1912 ero.
653 1851 776 1911 Charias
802 1852 917 1927 virides,
941 1856 1084 1915 alvisum
1108 1856 1203 1928 fuerit,
1228 1873 1279 1930 per
1295 1856 1478 1915 occasionem
1501 1856 1616 1932 poteris
1632 1856 1789 1927 remittere,

322 2012 333 2027 ἡ
433 1941 494 1999 1111
518 1941 726 2018 occupationes
749 1948 826 2002 tuas.
871 1940 1046 2001 Praesertim
1077 1938 1112 2002 de
1137 1960 1200 2021 cap.
1225 1942 1320 2002 bonae
1343 1945 1407 2021 spei
1430 1943 1547 2001 remitto
1570 1941 1739 2011 audaciam,
1760 1940 1790 2000 de

433 2024 562 2105 uordcap
596 2025 767 2105 simpliciter
803 2029 956 2100 renuncio:
992 2047 1057 2089 eum
1087 2032 1261 2104 scriberem,
1300 2046 1358 2089 non
1390 2031 1573 2107 inspexeram
1607 2026 1789 2089 Jansooium.

436 2113 510 2174 Volo
534 2124 563 2174 et
585 2114 646 2174 filio
670 2130 736 2174 meo
760 2114 913 2192 persuade,
937 2123 1049 2176 tantum
1072 2121 1167 2197 ipsum
1192 2116 1340 2194 proficere,
1360 2122 1475 2193 quanto
1490 2117 1612 2193 saepius
1635 2115 1673 2177 ad
1690 2133 1790 2195 paren·

434 2210 493 2261 tem
523 2202 639 2262 scribet.
684 2199 798 2277 Quodsi
822 2205 899 2262 viros
927 2203 1123 2282 recollegero,
1155 2222 1232 2282 quae
1255 2221 1332 2263 nunc
1361 2205 1399 2264 ob
1425 2203 1560 2263 Austriae
1595 2211 1709 2263 statum
1730 2212 1790 2263 aaut

434 2288 569 2361 afflictae,
593 2288 726 2347 subsidia
748 2289 791 2347 illi
816 2291 984 2368 pecuniaria
1007 2290 1044 2350 ad
1061 2293 1259 2372 epistolarum,
1284 2307 1358 2368 quas
1381 2290 1419 2351 ad
1436 2308 1481 2352 me
1501 2291 1620 2363 scribet,
1645 2306 1790 2350 numerum

434 2374 586 2438 admetiar.
632 2375 753 2454 Semper
776 2378 838 2453 erit,
863 2378 942 2455 quod
966 2399 984 2437 a
1006 2380 1079 2440 meis
1094 2379 1349 2441 emendationibus
1371 2379 1501 2440 remissis
1525 2378 1631 2438 diseat
1671 2377 1790 2439 Materia

434 2464 473 2523 sit
495 2481 531 2524 ex
553 2463 745 2535 lectionibus,
770 2481 844 2540 quas
867 2465 958 2525 audit.

520 2550 736 2630 Typographus
759 2569 841 2613 mous
865 2561 983 2614 cautum
1006 2554 1150 2615 famosum
1166 2554 1201 2615 de
1218 2551 1352 2613 incendio
1367 2551 1587 2625 Kirchemiano,
1613 2569 1703 2628 quem
1718 2552 1788 2612 eroli

434 2639 546 2718 pastori
568 2640 678 2717 petenti
703 2636 829 2716 excudit,
852 2657 930 2702 nunc
951 2641 1008 2699 luit
1030 2659 1180 2720 corpore3r
1194 2642 1341 2720 pergimus
1364 2647 1463 2700 tomen
1486 2641 1514 2697 in
1538 2647 1621 2718 typo.
1667 2636 1753 2699 Vale.

691 2770 697 2784 .
775 2745 783 2783 l

521 2724 803 2912 1111111ῑὲ-ξῖ
823 2782 916 2840 1627.
1019 2832 1063 2894 CL
1088 2833 1126 2894 D·
1150 2832 1186 2893 T·

1205 2918 1362 2980 Officiosus
1385 2926 1415 2978 et
1436 2919 1624 2995 gratissimus
1645 2917 1754 2996 hospes

1345 3007 1377 3066 J.
1401 3005 1560 3083 Keplema.

520 3118 710 3200 Keplorus
742 3118 979 3182 Schieltardo
1014 3119 1045 3180 S.
1075 3119 1108 3179 P.
1138 3119 1176 3179 D.
1222 3119 1389 3180 Clarissimo
1421 3121 1474 3178 vir.
1520 3116 1553 3178 Si
1584 3135 1638 3197 per
1665 3118 1790 3180 11111111
1831 3082 1836 3089 ”

338 3285 341 3292 Ι
435 3211 630 3288 importunius
659 3219 688 3271 te
711 3209 865 3281 admonui,
899 3208 981 3267 uulla
1011 3208 1041 3266 id
1064 3208 1124 3267 alia
1151 3224 1242 3266 causa
1264 3209 1390 3278 facturn,
1424 3224 1513 3282 quarn
1536 3215 1579 3277 ,ut
1602 3210 1790 3267 resciscerem.

434 3296 628 3357 reddideritne
660 3300 742 3373 virgo
766 3297 883 3356 Blossia
915 3298 1068 3372 pecuniam
1102 3298 1301 3368 commissam,
1337 3312 1413 3353 anne
1443 3295 1541 3352 forsan
1574 3294 1671 3353 oblita
1705 3296 1790 3353 fuerit.

434 3385 519 3444 Nune
543 3402 599 3461 ogo
622 3392 668 3444 sat
691 3385 795 3457 habeo,
820 3386 931 3442 utinam
955 3393 984 3441 et
1007 3390 1047 3440 tu.
1089 3382 1177 3457 Spem
1202 3386 1293 3442 mutui
1318 3382 1505 3460 praebuimus
1529 3380 1566 3438 D.
1584 3381 1627 3439 hl.
1644 3382 1791 3442 Hemmin·

434 3490 521 3547 gerus
554 3483 582 3531 et
612 3491 684 3547 eg03
714 3471 921 3549 praestolanda
954 3470 1103 3548 paulisper
1134 3481 1179 3529 eat
1202 3471 1252 3528 illu
1286 3471 1402 3528 solutio.
1450 3467 1538 3542 Quod
1570 3487 1642 3527 vero
1676 3470 1791 3528 schedas

353 3573 357 3580 ’
434 3561 538 3618 scribis
561 3577 764 3638 expensorum,
789 3560 818 3616 id
844 3559 879 3618 de
895 3558 1040 3635 superfluo
1065 3566 1119 3616 est.
1157 3557 1366 3634 suspendisses
1385 3556 1523 3615 schedam
1542 3573 1609 3614 cera
1626 3556 1663 3615 de
1681 3560 1793 3635 pariete.

435 3650 612 3724 quotiesque
636 3648 714 3705 filius
738 3656 767 3707 te
790 3645 1015 3724 interpellasset,
1040 3648 1221 3720 assignasset
1244 3648 1306 3721 ipse
1330 3655 1491 3721 acceptum,
1517 3653 1544 3701 te
1568 3643 1674 3702 levans
1700 3663 1791 3720 opero.

436 3737 480 3793 De
511 3735 710 3811 geographico
742 3735 891 3794 schemate
922 3732 1029 3791 dudum
1054 3733 1105 3790 tihi
1130 3732 1308 3806 significavi,
1339 3748 1460 3789 vacares
1494 3734 1591 3805 magis
1616 3735 1791 3792 necessariis.

340 3891 345 3909 .
434 3821 517 3882 Idem
550 3832 650 3899 repeto
680 3825 829 3898 totiusque
861 3824 901 3880 rei
934 3837 1022 3898 pones
1047 3827 1075 3878 te
1097 3820 1231 3894 relinquo
1263 3821 1421 3878 arbitrium.
1468 3818 1505 3875 D.
1530 3819 1567 3875 D.
1595 3819 1720 3894 collegis
1743 3822 1792 3876 tuis

381 3952 383 3955 ψ
435 3909 471 3969 11
494 3911 634 3970 facultate
656 3910 862 3986 philosophica
884 3908 994 3983 gratias
1018 3924 1073 3982 ago
1098 3923 1219 3981 magnas
1253 3906 1288 3964 de
1312 3906 1405 3965 salute
1428 3906 1498 3962 nrilri
1524 3908 1675 3981 impertita
1707 3906 1792 3981 deque

435 3999 480 4069 iis,
504 4016 580 4073 quae
603 4014 650 4057 rue
673 3999 746 4056 scire
770 3997 806 4056 de
829 3997 888 4053 filio
913 4013 978 4055 tneo
1003 3995 1167 4053 voluerunt.
1212 3994 1325 4052 Auctor
1348 4011 1402 4065 ego
1425 3991 1485 4049 filio
1509 4011 1566 4050 non
1591 3995 1652 4065 fni,
1679 4005 1712 4052 ut
1733 3995 1792 4051 lau·

435 4101 512 4142 ream
544 4091 670 4160 peteret,
705 4087 825 4142 miratus
855 4086 952 4159 potius
982 4099 1044 4138 sum
1069 4082 1258 4153 facilitatem3
1293 4081 1395 4139 deinde
1425 4081 1610 4151 existimari,
1646 4099 1715 4142 eos.
1749 4083 1791 4155 qui

434 4172 586 4247 stipendiis
622 4174 767 4242 fruuntur,
802 4173 914 4228 incitari
948 4170 1089 4229 beneficio
1114 4171 1177 4244 ipso
1209 4168 1247 4225 ad
1271 4167 1504 4225 corrterrdendunr
1536 4185 1589 4242 per
1613 4169 1738 4239 gradus.
1768 4183 1791 4224 et

435 4259 627 4319 tolerabiliori
657 4260 730 4317 forte
758 4259 824 4317 loco
856 4257 984 4315 futurum
1012 4256 1103 4316 filiurn
1133 4255 1233 4313 laurea
1264 4256 1393 4314 obtento.
1447 4254 1583 4312 Ceterum
1624 4267 1655 4313 nt
1687 4269 1791 4313 sumtus

435 4350 463 4403 in
489 4354 705 4422 praeceptorem
728 4348 875 4421 privatum
899 4346 1014 4415 faciam,
1039 4342 1258 4400 deliberationis
1283 4342 1312 4400 id
1328 4349 1403 4416 eget.
1443 4340 1509 4399 Hoc
1524 4343 1623 4400 babeo
1641 4360 1694 4417 pro
1711 4357 1790 4402 certo.

435 4434 526 4491 filiurn
557 4433 638 4492 nulla
670 4433 806 4491 machina
839 4450 925 4507 posse
949 4431 1027 4506 adigi
1060 4429 1097 4487 ad
1122 4439 1276 4506 praecepta
1300 4430 1455 4488 memoriae
1486 4429 1672 4499 mandanda,
1707 4431 1806 4505 eoque·

437 4522 591 4596 desperavi
623 4521 658 4580 de
689 4520 825 4597 stipendii
857 4520 1016 4577 usufructu.
1060 4516 1130 4575 Jarn
1154 4520 1262 4592 privati
1295 4517 1323 4574 id
1347 4526 1450 4592 agunt,
1484 4526 1518 4574 ut
1541 4520 1592 4591 qui
1617 4535 1690 4575 auae
1714 4535 1790 4576 eurar

436 4616 504 4666 aunt
527 4608 643 4679 crediti,
676 4617 833 4684 praecepta
863 4607 990 4678 discant;
1022 4621 1091 4678 erpo
1115 4604 1191 4661 filins
1219 4604 1353 4679 pluribus
1376 4611 1474 4661 utetur
1503 4607 1790 4675 tergiversationibus

437 4696 473 4754 ad
499 4712 530 4754 se
554 4695 776 4755 subducendum
800 4713 834 4754 ex
859 4694 930 4751 hora
953 4696 1079 4768 privata,
1103 4709 1191 4766 qrrarn
1215 4710 1250 4749 ox
1273 4690 1397 4750 lectione
1422 4691 1579 4749 ordinaria.
1628 4692 1710 4750 llaec
1732 4710 1791 4768 por·

439 4782 534 4860 pende
558 4800 682 4857 cumque
707 4784 743 4841 D.
769 4782 804 4839 l).
829 4781 993 4839 fautoribus
1016 4782 1088 4838 meis
1112 4782 1311 4849 communica,
1341 4788 1371 4836 ut
1395 4781 1431 4834 iis
1453 4780 1610 4854 perpensis
1634 4781 1791 4856 dispiciant.

437 4888 474 4927 an
498 4870 552 4928 hos
576 4877 688 4927 sumtus
719 4886 790 4945 ego,
822 4872 871 4943 qni
901 4871 985 4926 cortis
1019 4867 1157 4943 gradibus
1187 4866 1225 4924 ud
1253 4868 1380 4942 inopiam
1413 4865 1602 4940 proficiscor,
1637 4868 1791 4926 consultius

438 4958 521 5015 alitor
544 4958 598 5014 sirn
622 4956 826 5015 collocuturus.
873 4956 949 5014 Petit
972 4953 1049 5012 frlins
1065 4953 1193 5029 Sapulec
1210 4952 1337 5026 lexicon,
1362 4953 1508 5024 haberem,
1534 4956 1559 5010 si
1584 4971 1681 5013 essern
1697 4954 1790 5012 Lincit

439 5044 559 5102 Interim
582 5046 707 5102 amicum
732 5043 879 5113 desidero,
908 5044 958 5117 qui
982 5041 1093 5100 aditunr
1118 5042 1159 5098 illi
1183 5041 1323 5099 correedat
1347 5039 1383 5097 ad
1407 5057 1491 5097 suurn
1517 5041 1678 5117 eaernplar.
1724 5042 1791 5098 Petit

439 5138 467 5187 et
491 5130 594 5206 Magiri
619 5132 785 5209 physicam
810 5130 896 5189 velirn
921 5129 1022 5188 audire
1046 5130 1158 5205 physici
1184 5130 1270 5186 vestri
1292 5127 1443 5201 judicium.
1491 5126 1534 5204 (Si
1560 5131 1666 5204 probat
1694 5129 1789 5200 llapin'

438 5219 601 5293 lectionem,
627 5217 762 5277 ronditur
777 5219 823 5278 hic
840 5218 880 5275 48
897 5217 1042 5276 cruciferis
1057 5234 1114 5275 non
1131 5216 1255 5291 ligatus,
1282 5218 1387 5291 opinor
1402 5214 1558 5292 Tubingae
1582 5219 1684 5275 tritum
1700 5234 1789 5276 exem-
