4459 6275
513 750 578 829 ιἰιι
1009 760 1153 834 uptam
1166 762 1364 821 hannoniae

510 941 601 1002 ucula
623 941 698 1001 tnta
718 958 751 1003 aa
772 946 915 1016 motuum,
936 939 994 1004 hoe
1016 948 1062 1003 cat
1083 948 1249 1020 temporum
1268 943 1499 1020 periodioorum3
1523 943 1762 1007 immobilitatem
1784 948 1874 1008 oraui

473 1034 478 1045 '
511 1026 600 1098 Sola,
623 1035 736 1089 motum
756 1045 887 1089 aunuum
910 1032 1001 1091 centn
1021 1028 1150 1091 'l'ellurir
1172 1033 1251 1092 circa
1271 1030 1391 1106 Solem,
1412 1031 1629 1093 revolutionem
1644 1033 1777 1095 Telluris
1799 1036 1875 1095 circa

510 1131 597 1175 anum
628 1133 714 1176 axem
744 1116 869 1193 ejuaqno
898 1117 1035 1178 edoctum
1066 1118 1097 1175 iu
1126 1117 1353 1196 circumagenda
1375 1118 1477 1194 Luna3
1508 1118 1682 1197 adimente
1708 1120 1875 1183 movendae

512 1202 614 1263 hunno
643 1219 680 1263 ex
707 1201 818 1263 lumine
840 1203 936 1279 Solia,
964 1213 998 1264 et
1019 1222 1098 1282 quaa
1121 1207 1181 1266 alut
1201 1223 1311 1267 cauaae
1333 1209 1556 1284 proportionum
1574 1209 1654 1285 Ιἰιιιιιι
1676 1208 1768 1283 din,
1790 1227 1873 1270 meu-

510 1307 574 1353 aam
595 1296 625 1350 et
646 1308 766 1351 annum.
804 1290 905 1361 Tertia
927 1309 1033 1353 caueae
1056 1293 1172 1369 aperiat
1186 1293 1406 1371 inaequalitatis
1421 1293 1552 1373 triplicia,
1576 1294 1753 1371 altitudlair,
1776 1294 1874 1375 iungi·

511 1376 636 1451 tudtnlr,
660 1377 839 1453 latitudinis,
867 1381 898 1439 in
925 1379 1052 1457 planetis
1081 1379 1224 1456 inguar,
1252 1389 1283 1442 ot
1312 1382 1460 1459 quomo&
1482 1383 1712 1460 inaequalitates
1734 1387 1815 1446 iataa
1845 1386 1873 1445 ia

511 1464 604 1540 tuno,
629 1467 658 1524 vi
684 1465 906 1528 illuminationis
929 1485 965 1528 ax
988 1466 1069 1542 Solo,
1093 1466 1288 1546 duplicentur.

940 1630 1136 1702 PARS
1187 1631 1439 1705 PRIMA.

739 1774 741 1781 ·
823 1763 846 1824 Ι.
881 1763 933 1824 De
960 1762 1140 1840 partibus
1172 1743 1556 1845 Ιῐιιιιιιιιἰιιιιιιοὶιιιιὶι.

598 1907 702 1984 Qum
723 1918 820 1964 comer
843 1920 908 1965 rara
929 1905 1161 1980 diworidoncm
1180 1890 1734 1982 portiammnndiproccipracrunr?
1757 1905 1871 1984 (lopar-

501 1996 568 2057 uici
595 1992 785 2072 philosophia
811 1991 1043 2069 partaa.mondi
1071 1994 1249 2069 praecipuae
1278 1991 1453 2052 adnumerat
1481 1991 1628 2053 dictinctio
1649 1993 1766 2071 figurae
1788 2013 1873 2056 mu-

378 2138 381 2145 .
509 2081 605 2142 danae
637 2080 817 2157 regionibns.
864 2080 939 2139 Cum
961 2082 1039 2140 enim
1061 2081 1092 2138 iu
1115 2079 1287 2157 sphaerico,
1318 2078 1376 2140 Dei
1398 2083 1539 2140 creatoris
1560 2082 1690 2157 imagine
1711 2083 1874 2160 mundique

492 2169 672 2246 ncnerypo
696 2166 745 2243 (ιιι
766 2169 861 2244 primo
884 2167 959 2228 libro
982 2168 1164 2244 probatum),
1188 2176 1247 2229 trae
1267 2168 1328 2226 nint
1349 2170 1495 2244 regiones,
1517 2169 1604 2227 trium
1626 2168 1658 2229 S.
1672 2168 1706 2230 S.
1720 2169 1873 2231 Trinitatia

510 2273 701 2335 pcraouaruru
723 2253 869 2332 symbola,
892 2261 1024 2316 centm
1046 2253 1160 2328 Patria,
1182 2253 1352 2334 anporlioiea
1373 2253 1497 2315 Filii'ot
1519 2255 1874 2337 intermediumSpiritua

509 2346 618 2405 ancti:
642 2341 764 2402 totidem
786 2344 877 2403 etiam
898 2345 1076 2419 praecipuae
1099 2340 1201 2402 mundi
1223 2348 1323 2420 parter
1345 2350 1415 2401 runt
1435 2342 1541 2412 iactae,
1563 2343 1703 2420 ringulae
1724 2348 1757 2403 ln
1779 2344 1874 2423 plagia

511 2431 657 2509 aphaerid
679 2429 814 2506 cingulis,
837 2428 890 2490 Sol
911 2433 942 2488 io
965 2430 1221 2504 centro„lixarum
1242 2428 1371 2507 sphaera
1385 2431 1414 2488 in
1430 2430 1595 2507 superficie,
1618 2431 1874 2508 planetarumda·

511 2522 600 2597 nlqua
621 2525 754 2596 ayatema
775 2518 807 2576 in
827 2519 948 2595 regiona
970 2519 1046 2578 inter
1067 2516 1179 2579 Solem·
1191 2525 1221 2578 et
1242 2517 1317 2578 lixae
1339 2517 1522 2579 intermedia.

603 2603 1875 2684 Patohomcpo,proecipnormrmdiportcacaacnumerondc00oatanct

515 2695 653 2755 Toemm.
698 2690 844 2769 Equidem
865 2694 952 2753 nohia
972 2691 1101 2753 Telluria
1126 2686 1229 2753 incoli'a
1251 2693 1334 2752 viana
1356 2698 1456 2753 uoatar
1477 2702 1578 2770 parler
1598 2691 1676 2754 alica
1698 2696 1798 2771 magia
1818 2711 1873 2754 uo-

378 2823 382 2831 ·
512 2780 633 2850 achileo,
663 2788 697 2841 ut
717 2780 793 2839 libro
821 2781 915 2857 primo
943 2780 996 2841 iol.
1023 2782 1084 2839 lit
1107 2796 1132 2840 a.
1160 2778 1285 2853 dictum,
1315 2783 1418 2856 nequit
1448 2779 1617 2855 ostendero,
1649 2798 1718 2843 cum
1750 2778 1873 2843 ultera·

511 2868 636 2947 pedihus
659 2867 816 2940 caloemnc,
838 2867 933 2929 altera
953 2877 1096 2944 tegamur,
1119 2867 1225 2928 amhae
1248 2868 1396 2929 communi
1411 2865 1574 2928 horizontis
1588 2866 1681 2929 llmho
1696 2870 1872 2931 mmmturc

511 2966 542 3017 at
563 2955 784 3034 conglutinatae
807 2972 873 3017 care
895 2953 1067 3029 videantur,
1096 2956 1190 3015 inetur
1210 2954 1329 3033 palatii,
1361 2957 1390 3013 iu
1413 2972 1473 3032 quo
1495 2954 1615 3027 ntehac,
1643 2956 1760 3032 nahm,
1791 2973 1872 3029 arra,

511 3045 601 3106 horno
628 3051 657 3105 et
685 3045 768 3102 varia
796 3045 991 3105 auinruntium
1019 3043 1200 3105 tencatrium
1226 3059 1336 3120 genera
1357 3044 1418 3102 aiut
1439 3042 1563 3126 inclara.
1608 3044 1649 3104 Δι
1673 3061 1744 3105 cuaa
1765 3060 1824 3104 noa
1843 3046 1873 3103 ia

513 3132 670 3210 disciplina
683 3148 841 3206 venemur,
865 3150 942 3210 quae
964 3149 1062 3195 rerum
1082 3149 1190 3193 murra
1203 3132 1306 3209 aperit,
1329 3131 1413 3192 viana
1428 3128 1616 3210 dacaptlunca
1629 3131 1768 3206 diccunt,
1789 3149 1873 3196 rara-

514 3232 573 3281 tem
603 3220 693 3281 altiaa
721 3218 858 3296 ultraque
879 3222 962 3280 riaua
990 3226 1084 3281 melan
1106 3218 1221 3292 evehit,
1251 3220 1360 3281 nemini
1381 3219 1487 3278 mirum
1507 3236 1575 3280 cara
1597 3220 1704 3299 dchot,
1733 3223 1835 3281 uhu
1853 3239 1874 3281 a

512 3311 634 3381 ratione,
658 3305 834 3384 lnclpulum
856 3326 875 3368 a
897 3310 1038 3386 magistro
1060 3308 1133 3367 novi
1156 3306 1228 3390 quid
1251 3307 1373 3380 diromc,
1397 3306 1477 3383 qnod
1500 3307 1657 3383 ignorabat
1677 3309 1776 3385 priua:
1799 3308 1873 3369 'l'er-

511 3414 574 3456 ram
594 3394 715 3468 scilieet,
738 3411 790 3471 per
811 3413 844 3454 aa
866 3395 998 3456 solitarie
1021 3393 1246 3468 consideratam,
1268 3410 1329 3454 non
1350 3395 1427 3455 inter
1448 3394 1550 3454 mundi
1572 3397 1672 3472 magni
1695 3403 1797 3473 partu
1811 3396 1872 3476 pri·

513 3484 621 3542 marica
644 3481 827 3553 hahendam,
859 3482 911 3543 red
941 3485 992 3542 uni
1019 3484 1238 3561 primariorum,
1271 3499 1312 3542 ae
1343 3481 1525 3560 planetariao
1549 3485 1664 3559 regioni
1685 3501 1740 3545 aaa
1763 3482 1873 3544 mundo

513 3569 615 3631 mobili
643 3568 856 3629 accensendam
884 3579 913 3631 et
942 3574 971 3629 ln
1002 3587 1038 3631 eo
1068 3571 1203 3649 principii
1233 3567 1380 3645 quandam
1408 3572 1552 3631 radonem
1582 3572 1724 3631 obtinere.
1772 3569 1872 3632 solen

514 3659 644 3718 nuncin
667 3674 684 3716 e
706 3673 827 3716 numero
849 3657 999 3717 stellarum
1023 3666 1184 3730 arcemn,
1215 3675 1268 3734 pro
1296 3675 1357 3718 nna
1379 3676 1414 3717 ex
1437 3659 1605 3735 praceipnia
1626 3660 1720 3719 totiua
1742 3660 1872 3720 uaivcai

513 3745 646 3824 partihue
676 3742 922 3806 constituendum.
974 3746 1095 3822 Loquor
1123 3752 1222 3805 autem
1252 3745 1314 3820 jam
1343 3743 1380 3804 de
1409 3744 1515 3817 Terra,
1551 3754 1698 3821 antcnua
1727 3755 1775 3806 cat
1804 3763 1872 3822 para

513 3831 639 3896 aedilicii
656 3831 823 3905 mundani,
852 3848 912 3893 nou
935 3832 1065 3911 verodo
1088 3831 1232 3909 dignitato
1255 3831 1454 3892 dominatricis
1482 3841 1650 3907 ercamrao,
1682 3851 1761 3911 quac
1791 3833 1872 3893 illam

514 3921 670 3983 inhabitat

602 4006 1872 4086 Qoomaeroepmpronrooaaaapooonaaemapaamnm

514 4097 594 4156 hro?
627 4096 730 4155 Mundi
760 4094 899 4171 perfectio
928 4097 1062 4154 consistit
1088 4096 1118 4152 in
1140 4093 1221 4167 lnce,
1252 4092 1363 4166 miore,
1393 4101 1475 4155 motu
1497 4104 1530 4156 et
1550 4096 1704 4155 harmonia
1726 4105 1871 4167 notun,

514 4202 591 4261 quaa
615 4197 682 4241 annu
704 4183 833 4257 analoga
856 4182 1044 4242 facoltatibus
1067 4184 1192 4254 animae,
1217 4181 1267 4239 lux
1290 4183 1459 4255 aendtivae,
1484 4181 1564 4243 calor
1579 4184 1664 4243 vitali
1687 4191 1718 4242 et
1732 4183 1871 4254 naturali,

514 4280 611 4330 motua
633 4269 768 4342 animali,
791 4270 944 4330 harmonia
964 4268 1111 4329 rationali.
1158 4269 1195 4327 Et
1217 4270 1246 4326 ln
1270 4268 1335 4328 luce
1357 4269 1477 4345 quidem
1501 4269 1600 4329 mundi
1623 4271 1761 4331 oomiatit
1782 4288 1872 4329 orua-

514 4366 579 4430 toa,
603 4358 633 4416 in
655 4357 753 4419 calore
776 4359 838 4417 rita
860 4365 890 4417 et
912 4359 1077 4434 vegetatio,
1101 4358 1132 4416 in
1155 4362 1237 4416 motu
1259 4355 1404 4432 quaedam
1427 4361 1512 4434 qoaai
1535 4361 1627 4432 actio,
1657 4360 1687 4416 iu
1709 4358 1872 4418 hmmoalia

515 4444 737 4522 contemplatio,
766 4446 795 4503 in
824 4462 884 4521 qua
906 4442 1080 4505 Arlrtotelca
1108 4447 1192 4522 ponit
1219 4442 1442 4508 heatitrrdinam.
1487 4444 1557 4505 Jarn
1586 4463 1653 4505 cum
1682 4444 1722 4504 ad
1754 4463 1872 4507 oman

514 4532 697 4592 allectionem
721 4533 777 4591 tria
797 4534 962 4593 neomaario
985 4541 1170 4607 concurrant,
1200 4548 1290 4591 mora
1312 4550 1331 4591 a
1354 4550 1442 4608 qua,
1471 4533 1636 4609 aubJeclum
1659 4534 1696 4590 in
1719 4549 1812 4608 quo,
1841 4545 1872 4594 ct

515 4619 608 4679 torma
629 4620 698 4680 auh
721 4637 807 4697 qna:
831 4619 883 4681 Sol
905 4622 994 4697 igitur
1013 4638 1066 4698 per
1089 4637 1192 4681 omnen
1213 4617 1308 4679 dictae
1329 4621 1501 4681 affectiones
1517 4620 1617 4680 mundi
1633 4623 1729 4680 vicem
1743 4623 1868 4682 suana

515 4706 684 4779 affluentia,
714 4706 836 4767 lixarum
865 4710 946 4784 ragio
973 4712 1067 4769 ricem
1097 4708 1263 4781 formantia,
1294 4709 1469 4768 continentia
1496 4716 1526 4768 ct
1548 4709 1744 4780 terminantia,
1779 4709 1870 4770 iater-

514 4794 645 4855 medium
667 4797 762 4855 ricem
783 4794 925 4872 anhjeoti,
957 4813 1009 4873 pro
1032 4802 1137 4854 natura
1160 4796 1302 4871 cujusque
1323 4795 1496 4857 affectionis.
1543 4794 1689 4856 Onunihua
1712 4796 1804 4871 igitur
1824 4796 1870 4857 hia

515 4881 610 4943 modia
632 4881 684 4942 Sol
705 4881 740 4941 lit
760 4884 852 4942 totius
874 4881 976 4942 mnndi
998 4899 1104 4959 corpur
1126 4885 1324 4960 praecipuum

601 4969 677 5030 Nam
700 4968 779 5045 quod
802 4968 928 5030 locem
949 4972 1063 5040 attinet,
1088 4986 1126 5029 ca
1147 4969 1213 5029 cunr
1235 4969 1287 5029 Sol
1309 4972 1372 5047 ipae
1395 4968 1606 5045 pulcherrimus
1627 4979 1675 5034 cat
1697 4977 1727 5032 et
1748 4970 1870 5046 quidm

517 5056 609 5118 valoti
637 5056 741 5117 oculus
768 5055 883 5129 muudi,
912 5065 975 5117 turn
996 5074 1067 5116 vero
1096 5056 1197 5116 mundi
1220 5056 1323 5132 reliqui
1346 5075 1467 5133 corpora
1489 5061 1553 5135 ipae
1575 5067 1609 5119 ut
1629 5060 1697 5120 lona
1720 5056 1797 5118 luein
1817 5069 1869 5118 ιιι

517 5142 678 5204 ιΙιιιιιίιιιι
700 5143 748 5203 lar
770 5141 925 5216 illuminat,
948 5146 1052 5221 pingit,
1074 5154 1205 5206 exornat.
1237 5144 1445 5206 lntcrmodium
1467 5163 1526 5206 non
1548 5148 1646 5223 iprum
1668 5144 1868 5218 eatlucidun,

516 5228 1231 5313 radpoduddumctprrapicuumotrirua,
1267 5231 1868 5313 porqucmd‘upcnaalmlaaaaaa
