4459 6275
1009 778 1121 850 liepieri
1140 778 1238 835 Studia

686 1048 903 1136 Argumenta
932 1055 1051 1122 contra
1080 1051 1307 1122 mutationem
1334 1053 1561 1143 obliquitatis.

529 1213 659 1275 Primum
688 1217 866 1277 subruuntur
897 1218 1103 1291 fundamenta,
1128 1220 1236 1294 quibus
1268 1220 1394 1280 creditur
1425 1220 1590 1280 firmissime
1613 1217 1808 1280 inaedificata

442 1317 507 1360 csse
531 1301 626 1376 major
651 1303 720 1362 olim
736 1306 913 1382 obliquitas.
959 1306 1129 1364 Auctoritas
1147 1305 1307 1366 Ptolemaei
1330 1307 1410 1366 nulla
1424 1315 1484 1367 est:
1509 1308 1698 1367 transsumsit
1715 1308 1806 1378 enim,

442 1396 474 1448 nt
497 1389 620 1462 latetur,
653 1391 857 1467 obliquitatem
880 1393 1123 1469 Hipparchicam;
1147 1396 1202 1452 etsi
1232 1411 1301 1453 vero
1324 1394 1458 1467 simulat,
1488 1413 1521 1455 se
1552 1411 1673 1470 quoque
1698 1393 1806 1453 obser·

441 1493 538 1549 rasse,
561 1480 587 1535 si
615 1487 714 1537 tamen
737 1479 818 1537 illam
842 1480 1045 1539 Eratosthenis
1068 1498 1119 1556 pro
1143 1497 1287 1556 cynosura
1311 1480 1428 1553 habuit,
1459 1481 1545 1542 laeile
1570 1483 1726 1558 seipsum
1750 1479 1807 1541 de·

441 1564 539 1640 cipere
560 1569 658 1641 potuit
685 1568 882 1626 consectando
906 1570 1103 1627 extremitates
1121 1569 1240 1627 umbrae
1256 1570 1388 1628 aestivae
1413 1578 1442 1627 et
1457 1569 1606 1643 hibernae,
1630 1585 1689 1627 non
1704 1566 1806 1628 media

440 1660 566 1726 puncta3
600 1652 711 1712 scilicet
739 1662 772 1712 nt
793 1672 874 1714 more
904 1665 1117 1729 geometrarum
1142 1655 1375 1715 mechanicorum
1406 1658 1599 1732 quantitatem
1627 1657 1802 1730 insestlgct,

440 1756 500 1814 qua
526 1756 584 1797 non
609 1750 654 1800 eat
676 1742 771 1817 major
793 1741 952 1818 obliquitas
976 1752 1064 1802 certo.
1111 1742 1195 1801 Adde
1227 1742 1307 1817 quod
1335 1743 1420 1802 fidem
1444 1742 1561 1804 decoxit
1591 1745 1621 1800 in
1643 1739 1713 1801 aliis
1746 1743 1803 1801 ob-

440 1829 670 1901 servationibus,
697 1831 813 1904 quoties
836 1831 962 1888 intentis
985 1839 1117 1889 veterum
1142 1829 1189 1889 vel
1211 1824 1274 1889 suis
1296 1830 1395 1891 lavere
1418 1828 1655 1911 deprehenditur.

527 1915 696 1974 Auctoritas
712 1915 873 1992 Hipparchi
896 1915 977 1975 nulla
999 1925 1058 1990 est3
1091 1919 1132 1974 uti
1158 1918 1234 1976 onim
1267 1934 1299 1977 se
1321 1919 1364 1975 ait
1386 1917 1559 1994 obliquitate
1583 1914 1801 1988 Eratosthenis,

439 2007 472 2059 nt
494 1999 644 2076 diligentis
671 2010 700 2061 et
723 2011 884 2062 ceterorum
906 2003 963 2062 tide
986 2003 1158 2077 dignissimi.
1204 2002 1372 2062 Auctoritas
1395 2005 1598 2064 Eratosthenis
1621 2004 1714 2063 dubia
1738 2012 1801 2062 est:

438 2087 542 2146 modus
572 2092 648 2149 enim
679 2089 867 2168 nuncupandi
898 2092 1092 2166 quantitatem
1124 2091 1307 2166 obliquitatis
1333 2096 1367 2151 ll
1397 2090 1433 2150 de
1457 2094 1497 2150 83
1527 2109 1578 2168 per
1600 2109 1633 2150 se
1666 2092 1800 2150 lubricus

440 2185 485 2236 est
516 2185 544 2233 et
575 2176 763 2237 mechanicus
792 2186 910 2255 propter
937 2187 1109 2253 punctorum
1135 2179 1174 2236 83
1197 2177 1385 2255 physicorum
1415 2177 1598 2239 latitudinem
1627 2186 1658 2238 et
1680 2186 1803 2255 propter

438 2261 659 2337 rotunditatem,
682 2281 759 2341 quae
783 2265 898 2325 ridetur
923 2281 1067 2324 essenon
1091 2284 1126 2325 ex
1149 2282 1193 2337 re,
1220 2265 1272 2323 aed
1296 2284 1332 2325 ex
1355 2265 1454 2325 taedio
1476 2268 1677 2325 concisionum
1701 2267 1803 2351 minu-

438 2352 545 2409 tiorum
571 2356 639 2419 (sida
656 2372 734 2419 snpra
751 2373 776 2420 p.
795 2357 846 2410 esi.
892 2351 1006 2411 Deinde
1030 2368 1099 2410 vero
1123 2369 1180 2410 non
1204 2352 1338 2411 absimile
1358 2360 1412 2425 est,
1435 2354 1545 2411 lactum
1561 2370 1626 2413 esse
1643 2353 1803 2412 crebritate

438 2437 647 2514 repetitionum
676 2438 808 2513 ejusdem
835 2440 948 2508 circuli,
981 2448 1014 2497 ut
1042 2447 1109 2516 post
1139 2441 1179 2497 83
1203 2440 1360 2498 intervalla
1389 2442 1508 2517 tropicis
1532 2439 1690 2516 aequalia,
1723 2457 1802 2516 quae

440 2526 552 2585 invenit
573 2522 761 2584 mechanicus
784 2528 813 2584 in
841 2528 875 2584 11
902 2525 1034 2598 circulis,
1063 2525 1172 2585 oblitus
1194 2524 1282 2585 luerit
1310 2530 1394 2602 primi
1417 2527 1533 2599 circuli,
1566 2526 1645 2603 quod
1669 2544 1711 2586 sc.
1737 2533 1801 2588 arat

441 2615 536 2690 ipsum
567 2615 744 2691 tropicorum
774 2613 978 2684 intervalium,
1012 2616 1037 2671 si
1066 2631 1106 2673 sc.
1138 2613 1271 2672 ultimum
1304 2623 1333 2672 et
1358 2615 1555 2672 eneae-vidit
1584 2616 1736 2674 terminari
1771 2617 1801 2673 in

439 2702 613 2777 principium
638 2701 711 2775 ejus,
736 2717 801 2760 eum
824 2702 949 2776 primurn
972 2720 991 2759 a
1013 2700 1070 2760 fine
1094 2699 1159 2774 ejus
1182 2699 1337 2760 extendere
1362 2703 1514 2777 coepisset,
1538 2701 1581 2760 sle
1596 2703 1674 2760 enim
1700 2704 1738 2761 ll
1765 2701 1803 2762 de

443 2788 484 2846 84
508 2787 579 2846 dant
603 2787 808 2863 obliquitatem
832 2789 888 2846 23⁰
905 2790 967 2845 34‘.
1011 2788 1181 2846 Auctoritas
1202 2787 1340 2845 Indorum
1363 2786 1446 2847 nulla
1468 2796 1521 2860 est,
1544 2791 1699 2848 nominant
1722 2791 1803 2848 enim

439 2891 540 2934 crassa
560 2874 697 2934 Minerva
721 2872 787 2946 24⁰,
810 2882 928 2951 propter
950 2874 1159 2933 rotunditatem
1183 2876 1274 2951 partis
1294 2875 1393 2933 circuli
1410 2877 1582 2935 tricesimae
1629 2877 1804 2936 Auctoritas

440 2960 609 3039 Albategnii
631 2979 663 3021 se
686 2979 743 3020 non
766 2961 897 3023 extendit
918 2961 956 3020 ad
979 2962 1189 3034 subtilissima;
1213 2960 1309 3037 prodit
1331 2963 1408 3019 enirn
1428 2960 1485 3020 23⁰
1501 2963 1564 3035 ὅδ’,
1587 2963 1668 3038 quod
1693 2980 1801 3041 parum

438 3049 523 3108 abest
545 3068 565 3108 a
587 3050 637 3106 23.
663 3044 759 3130 ³¹¹ls·
805 3050 972 3108 Auctoritas
996 3058 1158 3109 ceterorum
1182 3050 1311 3106 omnium
1334 3048 1416 3108 nulla
1438 3056 1492 3122 est,
1516 3066 1618 3110 omnes
1634 3052 1714 3111 enirn
1732 3068 1803 3112 ser·

439 3144 541 3195 santur
563 3138 638 3195 inter
661 3139 711 3194 23.
737 3135 777 3194 28
801 3144 831 3196 et
854 3140 904 3195 23.
929 3140 980 3195 34.

527 3224 741 3297 Argumentum
773 3225 861 3282 etiarn
891 3243 910 3282 a
936 3223 1060 3283 diversis
1088 3222 1177 3284 hodie
1214 3239 1303 3299 quam
1333 3222 1403 3281 olim
1438 3221 1560 3281 fixarum
1590 3223 1802 3285 latitudinibus

441 3311 617 3386 principium
640 3313 715 3386 petit
746 3322 775 3368 et
797 3310 909 3369 nullum
940 3321 993 3370 est.
1038 3310 1224 3370 Latitudines
1251 3312 1330 3370 enirn
1358 3309 1481 3369 lixarum
1503 3311 1659 3371 eliciuntur
1682 3331 1719 3371 cx
1744 3314 1803 3372 ob·

440 3400 609 3457 servatione
631 3397 795 3457 altitudinis
817 3398 996 3458 meridianae
1019 3409 1049 3457 ct
1072 3416 1107 3456 ex
1131 3400 1348 3473 comparatione
1371 3397 1436 3471 eius
1457 3396 1621 3457 altitudinis
1645 3399 1804 3475 ecliptieae

436 3494 624 3560 punctorum,
648 3502 737 3560 quam
761 3484 812 3543 illa
835 3484 942 3545 dehent
963 3487 1086 3558 habere,
1114 3487 1138 3543 si
1164 3502 1234 3544 vera
1255 3486 1409 3561 supposita
1431 3485 1468 3542 sit
1492 3484 1662 3560 obliquitas.
1709 3487 1804 3547 Verbi

438 3589 540 3642 causa,
564 3570 660 3631 stellis
681 3575 711 3629 in
735 3572 831 3630 cauda
855 3574 891 3650 ὦ
918 3572 1107 3631 Ptolemaeus
1129 3571 1269 3630 adscribit
1290 3571 1475 3630 latitudinem
1500 3569 1535 3628 2⁰
1556 3581 1665 3643 austu,
1695 3574 1804 3651 Tycha

440 3676 505 3717 earn
529 3660 702 3718 observarit
725 3656 761 3716 2⁰
787 3660 837 3717 16¹
859 3670 949 3720 ausu.
996 3660 1029 3717 ln
1053 3658 1259 3717 altitudinibus
1282 3661 1370 3734 igitur
1384 3657 1553 3716 meridianis
1575 3658 1678 3717 hasrrrn
1694 3661 1804 3721 stella·

436 3762 499 3805 rum
523 3746 658 3823 Tyeboni
690 3763 756 3805 cum
780 3745 950 3806 Ptolemaeo
984 3749 1138 3817 convenit,
1171 3744 1274 3805 habita
1304 3748 1416 3803 ratione
1447 3743 1625 3804 diversitatis
1655 3747 1802 3808 locorum.

436 3833 533 3892 Minus
566 3844 662 3893 tamen
698 3833 885 3893 Ptolemaeus
919 3842 1070 3904 numerat,
1109 3834 1180 3907 quia
1211 3833 1390 3890 existimarit
1412 3834 1481 3905 (non
1514 3835 1586 3906 quia
1618 3834 1803 3908 observavit,

437 3921 517 3996 quod
546 3930 590 3980 est
622 3919 834 3998 impossibile),
865 3921 932 3981 loca
962 3922 1084 3980 fixarum
1108 3920 1245 3995 ecliptica
1274 3928 1305 3977 et
1333 3921 1376 3976 sic
1399 3917 1563 3993 eclipticam
1592 3920 1632 3979 ibi
1664 3922 1723 3982 loci
1748 3940 1802 3999 pes

435 4002 479 4087 ll,
496 4011 584 4067 unius
598 4009 707 4083 gradem
724 4006 877 4068 deflexisse
903 4009 1020 4082 longius
1043 4007 1081 4065 ab
1104 4015 1264 4081 aequatore
1287 4005 1455 4080 aqrrepolo
1479 4007 1570 4065 boreo
1594 4014 1624 4066 et
1647 4025 1666 4066 a
1690 4012 1803 4071 vertice

435 4097 480 4154 sui
504 4095 572 4155 loci.
619 4095 722 4171 Tycho
745 4094 812 4170 plus
827 4104 970 4162 numerat,
992 4095 1064 4169 quia
1078 4096 1240 4165 terminum,
1265 4092 1341 4151 narde
1363 4100 1505 4164 numerat,
1530 4093 1665 4153 altiorem
1682 4114 1802 4173 aequa·

436 4185 552 4257 torique
577 4191 606 4241 et
629 4184 731 4241 vertici
755 4199 810 4240 suo
834 4184 1004 4240 viciniorem
1036 4189 1066 4239 et
1088 4183 1132 4240 sic
1160 4180 1363 4254 obliquitatem
1387 4179 1538 4255 eclipticas
1568 4183 1710 4243 minorem
1735 4194 1802 4245 sta·

436 4270 502 4342 tuit,
528 4270 657 4345 praeriis
681 4271 826 4329 accuratis
849 4268 927 4327 Solis
950 4286 1001 4345 per
1024 4268 1190 4345 eclipticam
1213 4268 1309 4326 euntis
1331 4267 1597 4327 observationibus.

522 4357 564 4415 Ex
598 4356 711 4414 theoria
740 4373 810 4415 sero
834 4356 937 4415 biantis
969 4355 1087 4414 affertur
1117 4356 1173 4413 boc
1203 4362 1406 4425 argumentum
1436 4356 1464 4410 in
1495 4357 1685 4415 contrarium.
1732 4358 1802 4419 Non

434 4451 480 4504 est
503 4443 679 4516 verisimile,
702 4445 814 4511 orbem,
839 4445 868 4500 in
891 4460 950 4517 quo
964 4442 1043 4501 Mars
1067 4443 1184 4514 incedit,
1209 4441 1360 4516 alligatum
1385 4458 1449 4499 esse
1471 4439 1511 4508 ad
1535 4444 1634 4502 orbem
1658 4441 1802 4522 Telluris,

433 4530 519 4605 cujus
542 4530 691 4590 iuratione
719 4529 793 4590 haee
816 4532 942 4589 variatio
965 4530 1151 4605 obliquitatis
1181 4528 1332 4606 eclipticas
1361 4529 1461 4604 peragi
1489 4527 1618 4589 deberet.
1663 4530 1697 4591 Si
1732 4532 1802 4608 hoe,

433 4635 504 4694 ergo
533 4619 612 4677 orbis
635 4616 738 4676 Martis
768 4636 819 4696 per
849 4618 926 4677 hanc
956 4616 1073 4691 quidem
1097 4616 1222 4676 Telluris
1246 4617 1358 4674 orbitae
1381 4615 1561 4674 luxationem
1593 4634 1650 4676 uon
1676 4631 1799 4681 emotus

432 4715 477 4765 est
503 4706 562 4763 situ
586 4723 657 4777 suo,
692 4704 745 4765 sed
775 4707 894 4764 retinuit
926 4704 1050 4763 eundem
1079 4705 1135 4762 sub
1159 4703 1233 4761 liris.
1280 4701 1353 4760 Cum
1377 4704 1466 4777 igitur
1489 4702 1526 4759 ad
1556 4705 1701 4779 maiorem
1727 4707 1802 4768 olim

434 4792 639 4867 obliquitatem
668 4802 824 4867 sequatur,
856 4792 930 4849 liras
960 4794 987 4848 in
1012 4787 1051 4868 a}
1075 4801 1105 4849 et
1132 4798 1154 4864 ai
1189 4790 1258 4848 olim
1289 4791 1414 4847 minores
1446 4786 1586 4850 habuisse
1613 4792 1802 4871 latitudines,

435 4882 514 4939 orbis
542 4897 613 4939 sero
637 4879 740 4938 ilartis
764 4882 853 4938 ctiam
883 4881 912 4935 in
936 4874 976 4957 fi}
1009 4890 1037 4937 et
1069 4896 1089 4942 ,r
1124 4880 1161 4935 sit
1190 4872 1348 4936 inclinatus
1376 4879 1403 4933 in
1427 4881 1663 4955 septentriones,
1693 4881 1802 4944 inisset

432 4968 521 5043 igitur
552 4967 618 5041 ejus
647 4966 797 5026 inclinatio
826 4963 896 5024 olim
926 4968 1033 5022 rniuor:
1066 4981 1156 5040 quare
1179 4973 1208 5022 et
1230 4963 1356 5021 latitudo
1386 4960 1454 5021 olim
1478 4966 1572 5022 minor
1596 4966 1710 5027 luisset.
1760 4971 1803 5030 At

433 5052 564 5130 proditur
595 5053 660 5127 ojus
688 5055 815 5110 maxima
845 5051 970 5110 latitudo
999 5050 1235 5127 septentrionalis
1264 5053 1291 5106 in
1317 5050 1405 5119 locis,
1438 5051 1545 5124 quihus
1576 5062 1645 5111 tunc
1669 5059 1802 5118 maxima

433 5140 495 5200 lieri
519 5142 633 5217 potuit,
659 5137 694 5195 4⁰
717 5141 778 5207 20‘,
802 5140 831 5194 in
856 5141 1001 5214 ipsissimo
1025 5141 1112 5211 igitur
1136 5138 1226 5196 limite
1250 5137 1357 5210 rnajor,
1387 5154 1450 5193 cunr
1473 5136 1560 5198 lrodie
1586 5142 1614 5197 in
1639 5143 1800 5217 ipsissimis

486 5226 577 5288 itibus
604 5241 663 5283 non
686 5226 780 5301 possit
807 5224 869 5284 lieri
897 5226 990 5301 maJor
1019 5242 1107 5301 quarn
1135 5225 1170 5283 4⁰
1190 5227 1252 5282 32¹.
1298 5223 1444 5282 Australis
1477 5242 1547 5285 vero
1576 5225 1704 5289 latitudo
1729 5250 1803 5312 pro·
