4459 6275
831 795 915 853 Libet·
932 796 1060 893 Quartus.
1096 796 1165 853 Pars'
1182 792 1281 851 Prima
1668 795 1736 855 tls

378 978 426 1051 sit,
449 992 553 1036 eurem
574 972 751 1050 setheroetu,
775 990 851 1052 quae
873 976 1005 1052 proxime
1025 975 1148 1053 globum
1163 972 1303 1036 mobilem
1317 973 1495 1045 circumstat,
1518 971 1650 1032 comitati
1666 969 1736 1048 plo-

378 1065 449 1124 bum
473 1063 513 1123 eb
536 1080 681 1134 summam
703 1062 918 1140 limpiditatem.

684 1202 724 1262 ΙΙ.
758 1203 810 1263 De
833 1202 921 1264 loco
943 1202 1049 1263 Solis
1072 1205 1107 1263 iu
1131 1210 1264 1264 centro
1287 1198 1422 1271 muudi.

393 1348 403 1366 ·
470 1326 589 1404 Quibus
608 1343 681 1386 esso
702 1332 893 1402 mmmmm
914 1331 1036 1402 mercis,
1061 1330 1162 1390 ὃοὶοηι
1184 1334 1217 1389 iu
1236 1332 1385 1405 ipsissimo
1398 1328 1509 1388 mund
1523 1329 1735 1388 memoriosum

378 1414 464 1474 aas?
492 1413 606 1473 Herum
628 1413 729 1490 adque
750 1416 941 1492 suppeditant
964 1418 1049 1476 uobis
1072 1418 1266 1477 vetustissimi
1289 1415 1488 1494 Pythagoreei
1511 1424 1542 1477 ct
1562 1413 1731 1493 philosophi

378 1501 478 1562 ltsllci
500 1500 580 1579 apud
603 1501 791 1563 Aristotelem
814 1502 864 1563 lib.
888 1503 928 1562 Il.
953 1504 990 1564 de
1013 1505 1104 1565 Coelo
1127 1522 1191 1582 cep.
1216 1506 1264 1578 13,
1288 1513 1317 1563 et
1340 1503 1530 1563 desumuntur
1552 1521 1571 1562 a
1593 1503 1734 1577 dignitate

378 1598 441 1649 tem
463 1588 544 1649 Solis
564 1602 653 1665 quam
674 1589 742 1663 ioci,
765 1598 795 1649 et
817 1608 836 1649 a
858 1590 936 1651 Solis
958 1592 1055 1651 oiiicio
1078 1594 1107 1649 iu
1131 1591 1240 1651 mundo
1263 1591 1432 1651 vivificandi
1455 1600 1485 1652 et
1507 1587 1701 1650 illuminandi.

465 1676 530 1757 Die
555 1679 697 1752 primum
722 1686 942 1754 oruamentum
968 1699 989 1738 u
1016 1680 1173 1755 dipnitute.
1220 1680 1270 1739 Sic
1297 1679 1388 1738 habet
1410 1680 1596 1739 ratiocinatio
1619 1676 1735 1754 Pytha-

378 1780 556 1839 goraeorum
577 1762 616 1822 ad
633 1763 754 1824 verbum
778 1782 813 1824 ex
831 1765 1002 1826 Aristotele:
1026 1770 1140 1844 corpori
1156 1755 1328 1843 dignissimo
1343 1773 1374 1826 et
1389 1768 1601 1842 pretiosissimo
1617 1763 1735 1841 dignio-

379 1870 440 1912 rem
463 1854 553 1912 etiam
575 1848 673 1911 locum
695 1851 804 1912 deberi.
842 1853 911 1914 lam
935 1872 1005 1914 vero
1028 1855 1128 1915 Solem
1152 1854 1271 1931 quidem
1294 1856 1362 1930 (pro
1385 1871 1444 1930 quo
1467 1856 1523 1931 ipsi
1546 1855 1623 1930 ignia
1641 1868 1734 1911 voca·
1808 1888 1812 1897 ·

380 1936 452 2001 bulo
479 1946 550 1999 suut
578 1940 638 2012 usi,
668 1957 705 1998 ex
731 1941 867 2000 instituto
894 1951 993 2002 sectae
1024 1943 1207 2002 occultantes
1229 1953 1287 2002 sua
1308 1941 1460 2019 dogmate)
1483 1940 1646 2019 digniorem
1670 1955 1736 1999 aeae
1860 1932 1866 1949 “

378 2026 508 2100 Tellure,
531 2027 682 2103 totiusque
705 2027 805 2087 muudi
828 2032 1073 2106 protiosissimum
1096 2038 1127 2090 et
1148 2031 1361 2107 dignissimum,
1384 2037 1417 2089 ut
1439 2027 1530 2106 paulo
1549 2037 1619 2088 aute
1634 2035 1736 2087 osteu-

378 2131 455 2173 sum.
511 2113 604 2192 Atqui
634 2115 819 2191 superficiem
848 2124 877 2176 et
907 2126 1038 2177 centrum
1067 2134 1121 2177 seu
1151 2117 1347 2178 meditullium
1379 2134 1444 2177 esse
1473 2116 1560 2177 binos
1588 2114 1736 2193 sphaerici

377 2202 530 2261 terminos.
575 2201 689 2262 Horum
712 2205 802 2279 igitur
823 2204 947 2264 alterum
969 2204 1032 2266 Soli
1055 2212 1237 2282 competere:
1264 2222 1324 2265 uon
1346 2222 1418 2266 vero
1441 2204 1638 2282 superficiem,
1666 2218 1735 2261 nam

379 2288 411 2349 id
443 2305 568 2366 corpus,
602 2289 681 2366 quod
713 2301 759 2351 est
789 2294 879 2351 totius
908 2291 1009 2352 mundi
1039 2296 1246 2370 praecipuum,
1279 2292 1417 2353 debuisse
1449 2294 1579 2352 omnium
1610 2292 1741 2351 maxima.

378 2375 537 2449 custodiri,
568 2385 698 2437 centrum
731 2395 800 2438 vcro
829 2387 930 2456 aptum
959 2379 998 2439 sd
1025 2378 1102 2439 hauc
1129 2398 1190 2441 rem
1218 2396 1298 2454 cese,
1332 2378 1412 2456 qnod
1435 2379 1502 2439 ideo
1525 2379 1613 2439 lovis
1635 2384 1736 2438 cristo-

379 2463 460 2524 diam
481 2463 655 2542 appellitare
677 2464 757 2525 soliti
779 2477 856 2526 sunt.
895 2467 998 2544 itaque
1020 2484 1078 2526 neu
1101 2484 1166 2528 esse
1189 2484 1250 2545 par,
1273 2474 1306 2526 ut
1320 2465 1422 2528 Tellus
1444 2469 1474 2525 iu
1489 2466 1587 2528 medio
1601 2468 1648 2539 sit,
1672 2464 1736 2524 Soli

378 2554 458 2612 enirn
480 2551 565 2611 iilum
586 2552 683 2612 locum
706 2563 886 2630 competere,
917 2554 1065 2615 Tellurem
1087 2572 1159 2614 vero
1181 2571 1280 2614 annuo
1303 2561 1383 2614 motu
1407 2556 1485 2615 cirea
1506 2554 1635 2613 medium
1658 2554 1735 2613 ieiri.

471 2632 557 2716 Ouid
584 2641 741 2715 rmpoadit
763 2642 807 2700 ud
830 2642 885 2699 hoc
906 2650 1127 2719 urpumerstum
1149 2642 1354 2702 Aristotelea?
1376 2639 1404 2703 1.
1428 2642 1508 2701 Dicit
1530 2641 1598 2701 iilos
1619 2656 1736 2700 sumere

378 2735 563 2798 inconcessa,
587 2727 650 2789 scil.
674 2728 752 2789 idem
775 2746 841 2790 esse
863 2729 993 2789 medium
1017 2739 1047 2789 et
1068 2729 1281 2806 magnitudinis
1303 2730 1374 2806 (hoe
1395 2737 1441 2790 ast
1462 2729 1621 2806 sphaerici)
1643 2734 1673 2788 et
1693 2729 1736 2787 rei

378 2812 419 2893 (ii.
445 2831 471 2872 a.
495 2817 626 2892 corporis
649 2814 801 2896 mundani)
823 2825 853 2876 et
874 2819 967 2894 ipsius
990 2817 1066 2877 adeo
1087 2826 1211 2878 necturae
1233 2818 1276 2895 (h.
1300 2834 1326 2877 e.
1350 2818 1564 2877 informationis
1586 2832 1640 2876 eeu
1656 2816 1736 2875 viri-

379 2899 548 2982 ilcstiouis).
594 2903 687 2979 Atqui
715 2911 748 2963 ut
776 2906 806 2962 in
829 2905 1008 2964 animalibus
1030 2922 1089 2965 non
1111 2906 1151 2964 eit
1171 2904 1251 2965 idem
1273 2903 1401 2966 medium
1423 2913 1453 2965 et
1475 2905 1684 2965 vivificationis
1706 2896 1737 2962 st

379 2990 512 3066 corporis
535 2994 598 3068 (eor
620 2993 699 3051 enirn
721 2992 800 3052 inim
823 2992 942 3068 quidem
964 3000 1018 3064 eet,
1040 3000 1073 3052 et
1094 3010 1153 3053 nou
1177 2992 1341 3070 aequaliter
1355 2992 1394 3052 sb
1409 2993 1547 3053 extremis
1562 2990 1669 3066 abest),
1692 2990 1736 3051 sic

379 3079 471 3139 etiam
494 3075 531 3135 de
554 3076 637 3139 coeio
660 3078 860 3156 cogitandum,
884 3097 980 3157 neque
1002 3080 1190 3151 metuendum
1205 3081 1401 3142 incolumitsti
1416 3082 1507 3141 tetius
1522 3080 1660 3154 universi,
1673 3072 1736 3138 'eut
1858 3096 1860 3101 ·

378 3164 560 3243 praesidium
582 3165 620 3225 ed
643 3174 774 3227 centrum
797 3167 1020 3228 collocandum:
1044 3171 1114 3246 quin
1136 3171 1236 3246 potius
1249 3163 1457 3246 quaerendum,
1480 3163 1555 3229 illud
1571 3184 1620 3228 eor
1634 3165 1735 3228 mundi

379 3269 433 3313 seu
462 3253 592 3312 medium
624 3254 830 3316 vivificationis
864 3254 952 3333 quale
984 3273 1090 3332 corpus
1125 3259 1165 3315 eit
1195 3265 1225 3316 et
1256 3260 1285 3315 iu
1316 3274 1376 3333 quo
1411 3254 1513 3315 muudi
1540 3256 1606 3316 ioco
1625 3257 1734 3314 situm.

380 3341 410 3402 2.
433 3339 509 3403 Vult
536 3340 689 3402 estendere
719 3340 987 3404 dissimilitudinem
1017 3342 1105 3403 medii
1136 3353 1260 3405 naturae
1283 3343 1420 3404 emedio
1442 3344 1511 3403 loci.
1556 3342 1634 3403 Illud
1657 3344 1735 3402 cni·

357 3427 510 3488 ‘medium
532 3438 671 3502 naturae,
693 3446 747 3491 seu
770 3429 843 3491 illud
866 3430 1069 3507 dignissimum
1092 3438 1123 3491 et
1144 3434 1304 3510 pretiosum
1328 3449 1435 3509 corpus
1456 3431 1567 3493 habore
1590 3431 1735 3491 rationem

378 3517 532 3594 principii:
560 3515 619 3577 leci
643 3531 715 3578 sero
745 3518 873 3578 medium
902 3537 967 3580 esse
988 3522 1089 3597 potius
1112 3519 1262 3594 ultimum,
1293 3522 1323 3579 in
1346 3522 1512 3598 quantitate
1534 3517 1735 3597 metaphysica

378 3601 580 3678 considerata,
608 3619 698 3681 quum
724 3608 850 3683 primum
877 3615 930 3666 eut
956 3609 1131 3684 principium
1162 3610 1236 3685 ejus.
1282 3605 1369 3683 Quod
1392 3608 1469 3667 cuim
1492 3615 1537 3667 eet
1560 3607 1735 3684 quantitatis

378 3690 524 3764 medium,
553 3690 610 3751 hoc
632 3701 677 3753 cst
699 3694 847 3766 intimum,
878 3692 909 3752 id
932 3694 1007 3753 finiri
1029 3712 1082 3754 seu
1105 3696 1317 3769 circumscribi,
1349 3696 1488 3756 terminos
1512 3710 1582 3753 vero
1606 3694 1635 3752 id
1660 3711 1734 3766 esse,

378 3778 459 3856 quod
482 3778 546 3837 linit
567 3795 620 3838 seu
642 3781 862 3841 circumscribit
907 3780 977 3841 Jem
1000 3785 1198 3859 praestantius
1223 3788 1253 3841 et
1274 3781 1392 3858 dignius
1416 3799 1481 3843 cese
1504 3780 1582 3857 quod
1606 3782 1734 3841 exterius

377 3866 497 3939 ambite
520 3865 585 3924 ilnit
606 3875 636 3927 et
658 3867 820 3942 concludit,
854 3886 942 3945 quam
970 3868 1051 3946 quod
1074 3871 1151 3930 intus
1175 3870 1358 3942 terminetur:
1389 3886 1457 3928 nam
1479 3872 1633 3928 materiem
1660 3870 1736 3925 inter

378 3971 417 4015 es
439 3970 518 4027 esse,
542 3970 619 4030 quse
641 3953 794 4031 finiuntur,
825 3958 1015 4016 terminantur
1038 3963 1068 4015 et
1089 3957 1288 4031 continentur,
1318 3957 1439 4016 sormam
1464 3972 1533 4016 vero
1556 3972 1609 4016 seu
1632 3969 1736 4014 essen·

378 4044 452 4101 tium
485 4047 636 4101 crastum
666 4042 809 4121 cujusque
841 4061 905 4104 esse
932 4043 968 4103 de
998 4059 1119 4102 nurnero
1149 4059 1264 4115 eorum,
1297 4060 1374 4120 quae
1403 4044 1520 4116 iiuiunt,
1551 4043 1735 4103 circumseri*

379 4131 455 4189 hunt
485 4138 515 4187 et
543 4128 801 4206 comprehendunt
847 4132 893 4191 lta
914 4138 999 4209 putst
1020 4148 1053 4191 ee
1074 4130 1231 4208 probasse,
1259 4127 1322 4190 sou
1351 4127 1420 4213 (scu
1450 4137 1482 4188 ut
1509 4128 1559 4190 iile
1581 4127 1735 4201 intellexit,

378 4217 441 4294 igni
464 4213 751 4300 Pythagorseorum)
781 4236 839 4278 non
870 4228 930 4279 tam
958 4217 1087 4279 medium
1117 4217 1219 4279 mundi
1241 4218 1339 4279 locum
1361 4227 1543 4295 competere,
1571 4235 1659 4295 quam
1682 4235 1736 4277 ex·

378 4306 566 4365 tremitstcm
1382 4355 1386 4369 .

471 4391 632 4468 Quomodo
653 4398 688 4451 tes
710 4392 803 4452 diuis
823 4393 905 4451 hune
927 4394 1094 4454 Aristotelis
1116 4393 1296 4454 elenchum?
1332 4396 1357 4451 l.
1380 4393 1444 4452 Etsi
1466 4409 1568 4451 verum
1590 4398 1653 4465 est,
1676 4407 1735 4452 nou

378 4484 408 4539 in
433 4479 734 4540 omuibusereeturis
756 4481 934 4557 minimeque
957 4482 985 4539 in
1008 4481 1186 4541 animalibus
1208 4481 1240 4540 id
1262 4497 1329 4542 esse
1351 4481 1382 4538 in
1404 4481 1496 4540 totius
1518 4479 1606 4540 molis
1628 4479 1736 4553 medio,

377 4565 459 4647 quod
482 4573 528 4627 est
550 4568 642 4626 totius
665 4574 814 4628 creaturae
836 4570 1036 4645 praecipuum,
1061 4576 1093 4628 at
1115 4585 1182 4629 cum
1206 4568 1242 4629 dc
1258 4566 1367 4628 mundo
1385 4566 1579 4645 disputamus,
1602 4568 1675 4627 nihil
1691 4574 1736 4628 est

380 4653 571 4717 verisimilius
593 4652 650 4714 hoc
677 4656 751 4732 ipso.
797 4656 872 4715 Nem
901 4655 995 4732 figura
1021 4655 1121 4715 mundi
1152 4655 1278 4716 rotunda
1309 4662 1368 4727 cst,
1401 4654 1540 4716 animalia
1569 4672 1628 4714 nen
1656 4658 1735 4715 item.

379 4743 458 4819 Quia
481 4759 549 4802 cum
572 4743 712 4814 animalia
734 4745 932 4803 instrumentis
955 4753 1062 4820 egeant
1084 4751 1168 4804 extra
1189 4761 1221 4805 se
1242 4744 1401 4821 porrectis,
1432 4743 1540 4819 quibus
1570 4748 1665 4803 terrae
1688 4744 1737 4801 iu-

378 4833 495 4902 sistant,
519 4845 606 4906 super
629 4847 665 4889 ea
687 4839 869 4904 moveantur,
893 4831 1001 4904 eibum,
1023 4837 1143 4909 potum,
1165 4833 1280 4908 species
1302 4847 1397 4889 rerum
1420 4846 1570 4907 sonosque
1592 4830 1631 4890 ab
1654 4836 1736 4890 extre

379 4926 522 4994 exceptos
543 4918 620 4976 inira
641 4933 673 4976 sc
695 4920 850 4995 rccipisut3
873 4918 1000 4978 mundus
1022 4936 1039 4978 e
1061 4921 1206 4980 contrario
1228 4922 1309 4979 eolus
1332 4924 1386 4991 est,
1408 4917 1483 4976 nihil
1505 4918 1619 4979 hahcua
1641 4909 1734 4991 extra,

379 5023 412 5066 se
434 5007 502 5082 ipso
525 5006 611 5064 nixus
634 5013 663 5064 et
686 5005 785 5081 quoad
808 5015 902 5066 totam
925 5007 1091 5080 immobilis,
1114 5009 1177 5084 ipsc
1199 5006 1280 5067 eolus
1296 5007 1410 5065 emula:
1432 5021 1523 5066 cause
1537 5008 1638 5083 itaque
1652 5003 1737 5064 nulls

378 5101 441 5166 est,
465 5108 517 5151 cur
539 5107 589 5152 cor
611 5092 711 5151 mundi
733 5096 772 5153 sit
793 5094 880 5167 aiibi,
904 5110 992 5170 quam
1015 5096 1045 5151 in
1070 5093 1182 5162 medio,
1210 5101 1243 5153 ut
1265 5093 1310 5165 ld,
1339 5090 1420 5169 quod
1441 5102 1489 5154 est
1510 5097 1577 5169 (cor
1597 5091 1735 5171 scilicet),

380 5197 448 5242 esee
468 5182 566 5258 possit
588 5181 723 5241 omnibus
744 5181 846 5241 mundi
868 5182 1000 5259 partibus
1022 5183 1139 5242 extimis
1162 5180 1331 5259 aequaliter,
1356 5181 1466 5257 quippe
1487 5182 1526 5240 sb
1545 5178 1662 5256 aequali
1677 5195 1736 5238 un-

380 5268 472 5345 dique
499 5266 666 5332 intervallo.
711 5272 739 5333 2.
771 5260 863 5332 Perre
891 5269 971 5347 quod
994 5269 1086 5347 jussit
1113 5285 1271 5348 quaerere,
1300 5266 1450 5347 quoduam
1471 5284 1579 5349 corpus
1599 5268 1640 5334 sit
1661 5266 1736 5328 illud
