4459 6275
812 763 896 819 Liber
915 762 1043 832 Quartus.
1079 763 1147 819 Pam
1165 762 1263 820 Prima.
1371 752 1375 757 ¹
1650 770 1714 833 ³85
1776 814 1779 821 .

360 942 499 1022 palorum
521 945 672 1005 tertiorum
695 960 747 1003 seu
768 944 998 1003 sexcentesimus
1014 942 1050 1001 de
1065 958 1124 1002 uno
1140 942 1276 1013 scrupulo
1290 944 1395 1020 primo,
1418 946 1560 1005 emetiens
1575 946 1714 1007 circulum

359 1049 500 1109 magnum
526 1027 607 1093 leet
631 1030 814 1109 myriadibus
837 1032 960 1105 vicium3
989 1046 1042 1089 seu
1072 1032 1246 1106 apparentia
1267 1028 1345 1091 Solis
1376 1029 1509 1093 diametri
1540 1034 1614 1093 inter
1641 1032 1714 1094 fixas

307 1123 309 1126 '
356 1127 404 1178 est
424 1118 571 1196 particula
593 1118 761 1179 octodecies
782 1116 939 1197 millesima
961 1134 1033 1177 suae
1055 1118 1246 1194 apparentiae
1269 1119 1299 1178 iu
1321 1116 1429 1179 Terris.

448 1204 592 1284 Quartae
620 1207 751 1266 vicissim
781 1213 935 1283 apparent
961 1204 1042 1280 fixae
1071 1222 1108 1265 ea
1141 1203 1283 1264 Tellure?
1319 1204 1410 1265 Periti
1440 1206 1566 1267 artifices
1594 1215 1713 1284 negant,

355 1291 449 1352 ullam
478 1295 672 1370 quantitatem
700 1292 793 1354 veluti
823 1289 940 1352 rotundi
964 1293 1093 1370 corporis
1115 1290 1212 1368 detegi
1236 1310 1288 1368 per
1310 1293 1520 1369 inspectionem
1543 1293 1713 1372 teleseopiip

356 1382 429 1456 quin
458 1383 573 1457 potius,
604 1398 663 1457 quo
694 1380 850 1457 perfectius
879 1381 1116 1452 instrumentum,
1148 1378 1205 1438 boc
1232 1381 1327 1455 magis
1353 1380 1426 1441 iiras
1449 1383 1716 1458 repraesentariut

355 1474 468 1544 puncta
495 1486 590 1539 mere,
622 1486 658 1529 ex
687 1467 795 1546 quibus
824 1466 898 1527 radii
925 1465 1014 1526 lucidi
1046 1470 1075 1525 in
1107 1468 1236 1543 speciem
1267 1469 1389 1528 crinium
1412 1477 1519 1530 exeant
1541 1468 1715 1546 dispergan-

356 1564 474 1632 turqua
1540 1602 1543 1607 ,

452 1640 580 1702 Videtur
601 1643 698 1717 ἱρέων
717 1641 936 1718 unaquaelibet
955 1640 1092 1717 {tearum
1115 1641 1175 1699 tale
1197 1659 1307 1717 corpus
1330 1660 1403 1717 esse,
1427 1644 1518 1720 quale
1540 1642 1594 1703 Sol
1614 1651 1664 1718 ast,
1686 1651 1714 1702 et

356 1727 412 1790 Sul
433 1731 566 1789 mabam
589 1731 669 1788 inter
688 1728 775 1806 tiras
788 1728 911 1788 uidetur
933 1735 1037 1787 tantus
1058 1735 1087 1787 et
1109 1728 1180 1788 tulis
1203 1732 1414 1807 appariturus,
1438 1739 1558 1807 quaesta
1572 1737 1600 1789 et
1615 1732 1715 1807 qualis

315 1879 317 1883 ,
355 1816 577 1893 umqumua
605 1816 752 1892 tiresum.
797 1815 863 1876 Non
888 1817 1040 1877 existimo:
1070 1814 1145 1875 nibil
1166 1819 1243 1875 euim
1266 1816 1428 1894 impediunt
1449 1817 1523 1878 baec
1546 1818 1713 1892 observate,

355 1902 460 1964 Solem
483 1921 548 1965 csse
570 1902 682 1980 majore
704 1901 781 1966 mole
804 1905 944 1979 corporis,
967 1918 1055 1978 quam
1078 1908 1148 1963 smt
1170 1902 1257 1965 fixas.
1295 1903 1451 1966 Praeterea
1472 1913 1503 1965 et
1517 1904 1622 1966 clarior
1637 1913 1715 1966 esset

356 1997 534 2068 conspectus
564 1989 643 2050 Solis
672 2008 709 2049 ex
737 1997 820 2050 tauto
847 1988 1004 2055 intervallo
1042 1989 1106 2048 fixis
1137 1991 1369 2069 quibuscunque.
1425 1993 1500 2054 Nam
1528 1996 1554 2053 si
1582 1992 1629 2054 vei
1659 2010 1714 2053 acu

354 2079 455 2138 sotum
477 2079 607 2156 perfores
628 2080 785 2155 parietem,
818 2085 850 2137 ut
872 2095 924 2155 per
946 2077 1078 2144 foramen
1099 2075 1152 2156 Sol
1175 2078 1315 2139 irradiare
1337 2081 1448 2157 possit,
1480 2080 1598 2141 claritas
1620 2098 1656 2139 cx
1679 2094 1739 2141 eu'

356 2166 523 2226 radiatione
552 2165 646 2242 msJor
677 2163 863 2239 diffunditur,
895 2181 983 2240 quam
1012 2180 1113 2224 omues
1144 2167 1262 2224 omnino
1286 2166 1362 2228 fixae
1385 2169 1440 2227 sub
1464 2167 1512 2228 dio
1536 2167 1715 2228 collucentes

354 2253 478 2313 iaciunt.
523 2252 586 2313 Nec
608 2251 734 2313 laeditur
756 2251 860 2313 oculus
881 2255 920 2333 ab
944 2250 1005 2313 uile
1026 2251 1167 2329 firmum,
1191 2261 1222 2314 at
1243 2253 1322 2315 Solis
1344 2264 1495 2332 aspectum
1519 2273 1577 2317 non
1600 2254 1714 2332 tolerat,

353 2358 392 2427 ne
416 2342 532 2401 eminus
555 2339 673 2418 quidem
696 2340 992 2419 appropinquantem.
