4459 6275
925 811 931 824 ·
979 784 1140 854 rumpo.
1729 786 1792 845 tit

522 957 1795 1039 Praec195.8iellucflrue,cedseestdoiulonoitsdostioiiiudoad

423 1052 574 1126 ·u.1600,
596 1053 753 1127 erotem
773 1049 1124 1119 ἀοοίὲοοιίοοοωιῑοοο.
1146 1047 1675 1124 rectomudqnodwnpuetenepus.
1713 1046 1794 1107 con-

434 1138 575 1196 stituatur
581 1138 686 1197 stellae
701 1136 855 1214 longitudo
867 1137 905 1196 ed
921 1146 1037 1214 tempus
1046 1138 1229 1215 propositum
1240 1134 1398 1195 menndani
1412 1150 1502 1193 unam
1517 1151 1554 1193 ex
1569 1136 1670 1193 tonnis
1686 1134 1795 1195 oceli·

434 1225 567 1301 quitatis,
584 1242 660 1300 qnae
675 1227 763 1284 etiam
778 1224 912 1284 adhibite
926 1224 982 1283 init
996 1226 1025 1280 iu
1036 1223 1102 1282 loce
1113 1219 1158 1304 Θ
1173 1221 1355 1282 absolvendo
1381 1226 1476 1296 (praee
1500 1226 1582 1294 teo),
1606 1221 1712 1283 deinde
1727 1239 1794 1282 cusu

434 1310 494 1371 bac
515 1310 699 1388 longitudine
722 1319 752 1372 et
773 1328 840 1371 cnm
861 1310 1017 1372 latitudine
1039 1313 1109 1370 suni
1127 1312 1221 1383 1600,
1243 1309 1364 1386 perinde
1386 1325 1422 1368 sc
1438 1311 1464 1368 si
1478 1317 1558 1371 esset
1579 1308 1631 1369 illa
1652 1318 1796 1388 perpetuo

436 1399 635 1473 invariabilis,
663 1414 772 1475 quaere
804 1399 877 1459 decl.
908 1407 940 1458 et
962 1415 1024 1459 asc.
1047 1404 1175 1474 rectem3
1204 1399 1247 1456 ita
1278 1396 1448 1456 conficietur
1474 1396 1548 1456 decl.
1572 1403 1602 1456 et
1624 1414 1682 1457 asc.
1706 1404 1794 1471 recte,

440 1493 610 1563 omnpotens
635 1490 759 1564 tempori
781 1486 942 1563 proposito.
987 1485 1051 1543 Etsi
1073 1487 1151 1544 enim
1174 1491 1324 1543 mnisntnr
1344 1484 1468 1544 loriasse
1490 1483 1659 1544 latitudines
1673 1483 1796 1544 fixarum

437 1574 478 1633 ab
501 1573 654 1651 ecliptica,
688 1572 719 1632 id
740 1582 838 1633 tamen
861 1573 894 1632 iit
915 1588 974 1632 non
997 1580 1079 1632 motu
1099 1572 1173 1632 reali
1194 1571 1333 1645 harum,
1361 1571 1415 1632 sed
1441 1570 1595 1648 eclipticas
1618 1573 1712 1651 ipsius
1733 1572 1797 1632 dis-

436 1663 570 1721 cessione
584 1678 613 1721 ·a
635 1660 701 1720 lixis
723 1668 753 1720 et
775 1668 948 1747 sequerere,
980 1661 1030 1719 ubi
1052 1659 1130 1720 fixae
1159 1666 1189 1719 et
1212 1667 1367 1736 aequatos,
1397 1668 1531 1736 respectu
1559 1659 1677 1736 quidem
1706 1648 1795 1736 linjas

435 1750 625 1822 mutationis,
648 1750 725 1809 inter
744 1766 810 1808 sese
832 1764 891 1807 nou
914 1750 1080 1808 connivent.

524 1850 655 1911 Praec.
681 1852 753 1911 196.
797 1851 847 1910 De
868 1851 940 1909 loeis
959 1849 1159 1926 planetarum
1182 1848 1396 1926 emendandis,
1424 1868 1504 1927 petor
1527 1850 1720 1913 Pmlemostse
1742 1851 1797 1913 ob-

437 1941 591 2014 servavit,
622 1946 660 1998 ut
680 1956 751 1998 cum
773 1938 1026 1998 enimtoleum
1053 1936 1245 1997 Tabularum
1279 1937 1415 2015 conferri
1434 1937 1538 1998 deam
1556 1943 1672 2016 possim
1700 1948 1729 2001 et
1749 1944 1799 2002 vi·

438 2028 547 2085 cissirn
593 2024 667 2084 cnm
689 2024 879 2086 Ptolemaeus
901 2023 932 2084 id
953 2032 1093 2100 punctum
1116 2024 1238 2084 lixarum
1261 2023 1372 2084 babeat
1393 2040 1447 2102 pro
1469 2026 1612 2105 principio
1637 2028 1687 2103 Υ,
1717 2028 1798 2107 qnod

439 2109 483 2193 Θ
505 2111 650 2172 inscendit
684 2114 824 2192 postridie
853 2112 918 2189 ejus
946 2111 1021 2185 dloi,
1052 2128 1112 2188 qno
1133 2128 1188 2171 nos
1218 2129 1255 2172 ex
1277 2112 1324 2171 bis
1346 2110 1470 2171 Tabulis
1501 2113 1540 2172 ad
1563 2114 1643 2175 illins
1665 2122 1799 2195 tempora

441 2207 647 2278 computamus
669 2216 772 2260 verum
793 2200 1020 2276 aequinoctium,
1044 2201 1144 2258 omnic
1165 2215 1235 2276 ergo
1258 2198 1442 2277 pensurum
1456 2198 1523 2261 loca
1546 2199 1681 2263 diminuit
1702 2203 1796 2281 gradu

439 2304 466 2347 c.
489 2304 550 2348 nno
574 2296 604 2348 et
625 2286 670 2364 3‘3
693 2295 807 2347 tantum
829 2288 920 2363 igitur
943 2286 992 2345 vel
1016 2284 1137 2347 detrahe
1158 2288 1370 2366 computationi
1392 2285 1496 2347 harum
1518 2286 1714 2365 Tabularum,
1748 2288 1798 2352 vei

438 2373 517 2437 adde
538 2373 631 2450 locis,
664 2374 776 2435 abillo
807 2392 859 2453 per
880 2374 955 2432 dxae
977 2373 1159 2447 observatis,
1187 2381 1221 2432 ut
1247 2372 1404 2434 hodiernus
1427 2375 1491 2435 obs.
1520 2392 1586 2435 cum
1608 2376 1799 2439 Ptolemaicis

437 2465 468 2521 in
491 2460 614 2524 eandem
638 2460 914 2522 demonstrationem
937 2476 1112 2536 componere
1134 2462 1190 2521 rite
1211 2462 1317 2538 possis.
1353 2461 1421 2521 Non
1443 2469 1489 2522 est
1509 2471 1609 2524 autem
1630 2472 1664 2525 nt
1684 2472 1799 2526 metuet

437 2548 608 2622 calculator,
631 2550 735 2609 sitium
757 2550 815 2609 boc
836 2551 923 2608 nnius
945 2546 1053 2625 gradm
1075 2546 1304 2609 redundaturum
1326 2550 1355 2607 in
1373 2548 1497 2628 eclipses
1519 2550 1669 2613 antelios
1691 2552 1797 2631 piane·

438 2646 535 2696 tarum
556 2645 670 2711 motus3
694 2644 739 2696 est
760 2640 838 2696 enim
851 2643 1003 2713 peccatum
1019 2635 1222 2696 tautummodo
1236 2636 1457 2709 numerationis,
1480 2655 1498 2697 e
1518 2641 1672 2717 posteriori
1688 2648 1798 2718 puncto

438 2723 554 2785 zodiaci
577 2726 721 2800 inceptae,
743 2732 876 2783 motuum
899 2732 984 2782 tenor
1006 2730 1114 2795 menet,
1138 2740 1190 2801 por
1208 2723 1266 2784 hoc
1280 2722 1398 2800 quidem
1417 2732 1580 2802 peceatum,
1602 2726 1691 2804 piene
1707 2726 1794 2801 idern,

439 2819 471 2871 et
494 2810 604 2872 oleum
627 2818 673 2871 est
693 2811 775 2886 alibi,
797 2813 931 2889 potuisse
954 2812 1080 2870 exmced
1103 2808 1313 2870 astronomiam
1335 2810 1530 2872 secundorum
1551 2814 1719 2893 mobilium,
1744 2817 1800 2876 etsi

438 2898 528 2978 plane
550 2901 767 2975 ignorassemus
788 2906 930 2976 punctum
952 2899 1142 2973 aequinoctii.
1166 2900 1212 2969 (V.
1231 2920 1252 2956 s.
1271 2903 1315 2957 roi.
1333 2906 1410 2972 ese.)

529 3002 615 3055 Praec.
635 3004 696 3053 197.
723 3008 748 3052 et
767 3004 885 3052 ultimum
903 3002 1128 3051 astronomieornm
1151 3005 1232 3051 exsut
1254 3016 1330 3066 supra
1348 3000 1392 3052 iol.
1411 3002 1473 3054 540.
1506 3002 1643 3067 Praecepta
1663 3004 1801 3055 ree-209

441 3071 593 3134 astrologiae
620 3072 705 3122 dicata
722 3078 893 3138 euntesque,
915 3076 969 3132 jam
992 3072 1019 3118 in
1041 3069 1173 3134 publicum
1198 3073 1296 3121 emtam
1312 3069 1419 3121 Tabulis
1436 3072 1617 3136 Rudolpblnis,
1642 3088 1709 3123 anno
1729 3076 1798 3125 1929

438 3145 533 3205 basani
550 3145 624 3208 qnasi
641 3143 842 3208 supplementum
860 3143 1078 3206 lindolpbinarnns
1100 3157 1118 3190 a
1133 3140 1243 3204 ileplero
1265 3145 1333 3206 typis
1350 3143 1479 3193 mandata
1515 3146 1667 3207 inscriptura
1689 3151 1729 3195 est
1750 3147 1799 3196 boe

438 3215 659 3277 supplementum:

529 3301 734 3381 Sportula,
756 3301 1016 3379 genethliacis
1037 3302 1169 3377 missa,
1191 3300 1234 3362 dc
1256 3301 1490 3362 Tabularum
1512 3302 1711 3381 Rndolpbi
1734 3322 1800 3365 nsn
1862 3337 1865 3344 ·

439 3392 478 3454 iu
502 3389 864 3467 computationibus
886 3389 1154 3466 astrologicis,
1184 3405 1265 3452 cum
1286 3387 1397 3450 modo
1425 3388 1624 3467 dirigendi
1646 3407 1744 3452 noro
1767 3400 1802 3454 et

438 3477 628 3539 naturali.
677 3524 679 3528 .
1334 3489 1341 3500 '
1542 3481 1545 3486 '

530 3563 609 3640 Quia
636 3563 769 3641 plerique
800 3579 875 3640 opus
897 3562 956 3624 boc
976 3562 1159 3624 Tabularum
1189 3570 1330 3642 expetunt
1356 3570 1477 3641 propter
1497 3565 1687 3642 astrologiam
1708 3584 1803 3643 qnae

440 3657 581 3729 suntque,
603 3669 674 3712 num
696 3654 785 3710 etiem
809 3651 994 3727 genethliaca
1023 3650 1155 3712 themms
1176 3653 1292 3727 integra
1314 3660 1488 3729 pernostra
1510 3663 1665 3731 praecepta
1689 3657 1805 3732 possint

440 3741 516 3817 erigi
539 3738 773 3814 directionesque
795 3737 936 3815 expediri,
963 3740 1059 3797 visum
1082 3747 1137 3811 est,
1167 3738 1329 3799 doctrinam
1351 3737 1430 3799 banc
1450 3743 1615 3817 praeceptis
1637 3741 1803 3801 tabularum

442 3825 618 3905 appendicis
640 3826 707 3886 loco
721 3827 910 3898 summittere,
934 3830 967 3885 nt
987 3827 1018 3884 iu
1035 3842 1095 3901 qus
1116 3834 1148 3885 et
1161 3833 1383 3904 praeceptorum
1397 3826 1603 3887 nonnullorum
1617 3846 1688 3888 usus
1702 3839 1804 3889 osten·

448 3916 530 3974 ditur
549 3922 580 3974 et
590 3916 676 3973 novis
692 3912 948 3990 praeceptionibus
961 3911 1060 3989 plnres
1075 3911 1244 3973 tabularum
1258 3913 1442 3989 sumundum
1453 3914 1598 3974 utilitates
1612 3916 1803 3994 explicantur.

534 4000 779 4077 Praeceptum
812 4002 883 4060 198.
933 3999 988 4058 Dc
1024 4002 1222 4061 erectione
1259 4000 1442 4061 thematis
1470 4001 1667 4063 coelestis
1717 4003 1805 4063 Doto

439 4089 550 4150 aderis
579 4088 770 4167 iongimdine
800 4095 829 4147 et
849 4084 1028 4160 latitudine,
1055 4091 1259 4148 musmonem
1286 4091 1353 4154 sins
1379 4096 1493 4149 rectum
1522 4098 1552 4150 et
1570 4090 1804 4151 &monumen

439 4183 630 4253 competere.
687 4176 795 4236 Arcum
836 4174 991 4251 eclipticas
1026 4175 1211 4251 propositum
1243 4176 1361 4235 resolve
1393 4180 1423 4234 in
1455 4176 1575 4264 gradus¹
1595 4181 1806 4240 numerationis

441 4267 601 4326 continnae
634 4264 672 4324 ab
695 4265 883 4338 aequinoctio
906 4278 1012 4337 rerno;
1044 4263 1087 4321 sic
1117 4262 1278 4322 resolutum
1302 4280 1410 4339 qneere
1431 4264 1482 4324 iol.
1506 4267 1559 4326 24.
1582 4268 1623 4324 95
1646 4271 1737 4338 (supra
1759 4269 1803 4325 roi.

441 4362 498 4413 2⁴2
516 4356 551 4425 e.)
574 4353 649 4411 inter
671 4350 774 4410 titulos
796 4366 855 4409 asc.
878 4356 963 4422 rect,
994 4347 1093 4426 anguli
1121 4357 1151 4408 et
1174 4348 1386 4411 declinationis.
1431 4353 1521 4412 Arcesi
1553 4352 1628 4412 deci.
1657 4352 1734 4413 adde
1756 4351 1805 4414 rel

441 4440 529 4501 auier
555 4440 595 4499 sb
622 4455 658 4499 eo
688 4437 788 4499 dotem
811 4436 1004 4497 latitudinem.
1048 4436 1099 4497 Sic
1127 4436 1270 4498 iormatus
1299 4441 1355 4498 erit
1376 4453 1462 4499 arcus
1493 4440 1603 4516 angulo
1631 4441 1801 4501 subtensns.

424 4527 626 4604 -Aggregatis
647 4527 737 4602 igitur
758 4524 941 4602 lugaritbmis
973 4523 1074 4602 anguli
1102 4532 1133 4583 ct
1165 4542 1251 4586 arcus
1283 4526 1417 4586 subtensi
1446 4528 1589 4587 conflatur
1614 4527 1675 4604 log.
1708 4526 1802 4587 decli·

442 4617 577 4675 nationis
609 4629 697 4673 verae
727 4614 889 4688 qnemitae.
933 4612 1051 4673 Deinde
1081 4610 1223 4674 decisio
1245 4615 1383 4673 inventes
1413 4614 1536 4689 antilog.
1560 4616 1643 4676 anier
1664 4616 1704 4674 ab
1725 4616 1805 4674 anti-

441 4699 624 4777 logarltbmo
646 4715 733 4760 arcus
754 4700 902 4779 subtensi,
933 4701 1056 4760 restabit
1083 4699 1207 4778 antilog.
1230 4702 1391 4778 portionis,
1424 4719 1501 4778 qnae
1528 4703 1636 4762 anierri
1658 4702 1747 4763 debet
1766 4702 1806 4761 ab

442 4806 517 4850 aren
545 4805 582 4848 ca
614 4789 745 4863 margine
774 4788 920 4865 exscripto
948 4805 1002 4848 sen
1033 4787 1071 4848 ed
1103 4805 1172 4847 eum
1199 4788 1284 4864 addi,
1312 4791 1357 4849 sic
1377 4791 1539 4850 constituta
1560 4792 1616 4851 erit
1643 4807 1705 4851 ase
1726 4795 1808 4850 recta

442 4878 592 4953 quein.
616 4879 675 4948 (cir.
694 4895 750 4944 cap.
768 4881 840 4934 lllll.
857 4880 902 4933 iol.
921 4884 982 4932 bit.
1000 4887 1026 4931 et
1043 4896 1128 4945 praec.
1147 4880 1222 4948 199.)

534 4979 663 5039 Praec.
691 4980 761 5039 199.
794 4979 881 5038 Dolo
896 4979 1059 5039 altitudine
1073 4980 1189 5054 sideru,
1204 4983 1294 5055 ndns
1308 4982 1610 5059 mnoioionqittsdo
1623 4980 1806 5058 alodiudo,

442 5067 600 5144 indagare
621 5065 800 5126 diaconum
814 5069 880 5138 eins
894 5084 915 5125 o
928 5068 1110 5134 meridiurto.
1134 5075 1164 5128 ct
1177 5070 1278 5143 botius,
1301 5071 1533 5144 compomtione
1552 5087 1622 5129 enm
1638 5070 1704 5131 loco
1720 5069 1807 5142 Solis,

445 5158 569 5217 borum
615 5152 694 5215 Uene
714 5156 866 5233 praecepti
889 5156 990 5215 creber
1012 5163 1057 5214 est
1079 5157 1108 5214 in
1133 5157 1268 5216 omnibns
1291 5158 1437 5218 exercitiis
1456 5157 1680 5218 mathematicis.
1716 5156 1810 5217 Prae·

445 5245 536 5322 cipue
565 5242 680 5303 Arsbes
711 5237 888 5318 genethliaci
921 5243 1153 5320 parturientibus
1185 5243 1337 5307 ementes
1373 5244 1430 5306 lise
1461 5244 1638 5308 obsonandi
1670 5247 1809 5322 temporis
