4459 6275
749 797 753 807 ·
841 773 1049 844 055055555οι50
1067 771 1255 859 etwaltberi
1662 780 1725 841 033
1802 814 1806 819 -

365 951 534 1014 Ptolemaei
557 957 588 1011 et
609 956 740 1029 tempore
762 950 913 1029 Pycbonis
935 950 1018 1013 nulla
1038 953 1126 1015 luerit
1148 954 1287 1030 aequatio
1308 951 1458 1026 secularis,
1482 949 1562 1029 quod
1582 951 1724 1013 incertum

367 1047 421 1116 est,
444 1039 615 1118 praesertim
638 1038 676 1100 de
697 1036 880 1100 Ptolemaico
902 1038 1014 1103 seculo.
1059 1041 1136 1101 Nam
1158 1040 1238 1117 quod
1260 1039 1462 1119 'l'ycbonicum
1484 1042 1598 1113 attinet,
1623 1037 1727 1099 videor

350 1145 403 1190 .ex
426 1127 662 1206 oppositionibus
688 1127 871 1206 amouycbiis
901 1143 953 1204 per
982 1134 1076 1189 totum
1099 1126 1362 1190 triacontaetertdts
1384 1125 1545 1205 periodum,
1563 1127 1627 1203 jam
1654 1144 1725 1187 een·

352 1218 472 1277 0055555
495 1213 629 1275 effectum
652 1217 840 1292 aequationie
863 1212 1013 1277 secularis.
1059 1216 1094 1274 10
1117 1224 1215 1275 autem
1238 1216 1300 1277 fieri
1315 1213 1391 1276 solet
1412 1232 1471 1274 non
1495 1216 1535 1273 in,
1548 1217 1725 1291 aequatione
1766 1242 1770 1249 ·

364 1304 509 1376 mamma,
540 1308 609 1362 tnnc
632 1303 710 1361 enim
732 1305 882 1380 quantitas
904 1303 1052 1378 consistit,
1085 1303 1249 1364 insensibili
1271 1304 1413 1365 existente
1437 1305 1589 1375 varietate,
1615 1299 1671 1362 sed
1694 1305 1724 1361 in

364 1392 542 1468 aequatione
565 1406 656 1467 prope
679 1390 771 1464 nulia,
795 1398 864 1450 tuuc
887 1390 965 1449 euim
988 1388 1140 1452 desinente
1155 1391 1326 1467 adjecistis,
1348 1392 1505 1467 incipiente
1519 1390 1731 1467 subtractoris,

366 1479 413 1540 rel
436 1497 453 1539 e
476 1480 630 1552 contrario,
655 1485 796 1554 quantum
818 1484 918 1555 potest
938 1481 1067 1538 maxima
1089 1479 1222 1540 sentitur.
1267 1478 1346 1556 Ergo
1361 1477 1493 1538 ridemur
1508 1485 1607 1537 nostm
1622 1476 1723 1537 seculo
1803 1508 1805 1518 ·

364 1565 477 1627 nullam
498 1565 608 1626 babere
629 1559 653 1644 0)
678 1565 839 1625 secularem
862 1567 1077 1641 aequationem.
1122 1565 1158 1625 Id
1184 1568 1210 1627 si
1241 1568 1284 1635 sic
1305 1567 1394 1627 etiam
1409 1564 1507 1627 babet
1534 1581 1599 1625 cum
1621 1562 1734 1625 seculo.

362 1652 537 1727 Ptolemaei,
560 1662 639 1713 recte
661 1650 773 1713 diducti
795 1662 880 1713 erum
900 1659 998 1715 motru
1019 1648 1042 1733 1)
1066 1652 1166 1728 medii,
1188 1671 1224 1714 ac
1239 1652 1360 1730 proinde
1376 1651 1568 1713 Chaldaicum
1590 1651 1722 1714 seculum

362 1740 508 1819 indigebit
535 1741 710 1818 aequatione
736 1742 933 1801 subtractoris
955 1757 980 1801 5
1005 1739 1070 1816 070,
1101 1743 1173 1817 quia
1201 1758 1237 1801 ex
1266 1742 1403 1802 correctis
1432 1739 1554 1819 epoclrls
1584 1747 1725 1819 computo

365 1825 401 1888 90
428 1828 457 1890 60
480 1824 523 1911 illl
544 1844 587 1903 5.,
611 1828 756 1890 debebam
780 1845 817 1888 ex
837 1828 946 1889 indicio
968 1828 1044 1889 fixae
1067 1835 1237 1906 computare
1262 1824 1297 1887 8⁰
1320 1825 1372 1889 090
1396 1823 1447 1911 liii.

450 1913 598 1992 Quantum
628 1914 801 1975 admotum
822 1915 966 1976 nodorum
995 1918 1113 1991 attinet,
1148 1915 1336 1988 Ptolemaeus
1364 1914 1444 1975 nuda
1467 1913 1624 1977 traditione
1647 1932 1721 1976 con-

361 2009 470 2075 tentus,
494 2001 568 2061 illud
589 2000 685 2063 solum
709 2002 788 2077 dicit,
809 2003 919 2062 nodum
942 2005 971 2062 in
996 2000 1088 2086 3οὓ
1113 2021 1188 2078 5555,
1210 2002 1238 2063 0.
1256 2021 1282 2065 5.
1306 2001 1428 2064 limitem
1452 2003 1482 2061 15
1504 2000 1540 2063 00
1557 2005 1625 2072 ⁸2⁴:
1649 2011 1721 2082 puto
1836 2059 1843 2071 ,

360 2107 421 2150 555
443 2089 504 2149 505
527 2089 609 2150 illum
631 2089 691 2150 alio
713 2093 814 2150 nixum
835 2098 1007 2168 argumento
1029 2099 1234 2169 praeterquam
1256 2107 1301 2166 eo,
1326 2085 1444 2169 quodl5
1467 2089 1529 2150 Soli
1553 2094 1721 2168 oppositum

361 2176 532 2241 observavit
555 2180 585 2236 in
608 2173 644 2236 00
668 2179 737 2252 ὲ,
761 2190 791 2237 50
813 2177 998 2238 latitudinem
1020 2179 1084 2254 ejus
1107 2179 1227 2239 boream
1258 2195 1409 2256 nunquam
1432 2179 1507 2238 aliae
1531 2176 1722 2256 deprehendit

323 2290 326 2295 ·
359 2267 511 2343 majorem,
535 2282 576 2327 ec.
600 2262 637 2325 00
658 2272 901 2343 praeterpropter,
925 2273 1065 2342 quantam
1088 2266 1189 2327 delinit
1211 2265 1330 2327 Saturni
1352 2268 1511 2326 muimam
1534 2266 1563 2324 iu
1586 2264 1660 2326 libro
1685 2266 1720 2327 de

359 2351 574 2428 latitudinibus,
599 2369 676 2429 quae
698 2369 770 2413 saue
793 2352 881 2414 hodie
904 2370 1022 2430 quoque
1045 2363 1143 2434 potest
1164 2353 1226 2414 lieri
1242 2348 1278 2412 00
1293 2352 1354 2412 480·
1367 2356 1398 2412 05
1423 2353 1543 2414 boream
1566 2360 1596 2413 50
1619 2350 1721 2413 00500
1796 2388 1802 2403 ·

359 2445 390 2502 lu
412 2447 554 2503 suebum.
604 2441 646 2499 At
668 2444 739 2518 qula
760 2439 885 2500 latitudo
908 2443 985 2501 circa
1006 2440 1114 2502 limites
1143 2442 1174 2499 iu
1197 2457 1304 2518 magno
1328 2458 1414 2501 55555
1443 2439 1601 2501 intervallo
1623 2442 1721 2501 sensi-

359 2529 458 2591 biliter
486 2544 545 2586 nou
576 2534 719 2603 mutatur,
750 2530 861 2589 incerta
888 2528 974 2588 nobie
1005 2532 1063 2590 ieta
1091 2527 1265 2606 relinquitur
1291 2527 1402 2589 locatio
1426 2528 1497 2589 nodi
1526 2526 1565 2589 ad
1588 2535 1722 2606 tempora

358 2616 524 2678 Ptolemaei
551 2615 627 2674 intra
648 2614 758 2691 gradm
781 2614 1008 2693 complusculos.

323 2740 329 2751 .
447 2700 609 2763 chaldaica
632 2702 750 2779 quidem
773 2705 942 2764 obseruatio
964 2698 987 2782 1)
1011 2704 1042 2763 05
1058 2701 1094 2764 90
1108 2700 1151 2788 rip
1172 2701 1291 2765 exbibet
1310 2702 1340 2763 50
1360 2699 1485 2786 (tautum
1508 2705 1585 2764 enim
1606 2702 1721 2765 iaciunt

359 2791 445 2869 digiti
468 2787 499 2869 0)
529 2790 604 2851 inira
634 2789 787 2851 humerum
814 2792 964 2851 sinistrum
987 2787 1043 2875 1111,
1073 2791 1157 2869 cujus
1185 2797 1230 2851 est
1258 2789 1348 2852 hodie
1377 2790 1504 2852 latitudo
1526 2789 1561 2850 00
1585 2791 1644 2851 500
1659 2791 1720 2853 bor.

349 2897 414 2955 ¹nec
441 2877 511 2938 olim
544 2876 604 2938 alia
632 2877 723 2938 multo
753 2880 852 2955 potuit
873 2896 956 2953 esee,
989 2880 1126 2956 quamvis
1147 2877 1327 2939 luxationem
1349 2878 1502 2956 eclipticas
1530 2882 1718 2943 concesseris.

357 2966 457 3027 Locm
480 2966 558 3025 enim
579 2964 657 3026 iiras
679 2968 709 3024 in
725 2961 769 3049 1111
790 2973 835 3026 550
858 2968 887 3026 05
910 2965 1054 3042 quadrato
1077 2983 1176 3028 earum
1193 2964 1327 3040 fixarum,
1349 2967 1503 3044 inquibus
1526 2965 1640 3026 luxatio
1662 2970 1722 3027 0505

357 3055 483 3115 sentitur
504 3050 608 3126 bodie,
637 3053 663 3112 si
689 3050 895 3135 obliquitatem
918 3053 1090 3114 Ptolemaeo
1112 3071 1197 3114 suam
1227 3052 1388 3160 reliqueris.
1433 3054 1510 3130 Ergo
1531 3047 1555 3131 i)
1579 3056 1721 3115 minorem

356 3141 464 3203 babuit
486 3138 673 3201 latitudinem
695 3140 844 3202 borealem
866 3159 955 3219 quam
979 3140 1014 3214 00
1038 3142 1103 3215 500,
1127 3141 1270 3219 majorem
1292 3158 1382 3219 quam
1405 3140 1441 3201 00
1462 3142 1530 3217 450,
1554 3144 1625 3219 quia
1646 3142 1721 3203 5555
1851 3141 1855 3152 ’

356 3228 497 3307 scrupula
519 3232 538 3288 5
562 3227 718 3289 distantiae
747 3243 807 3288 uon
829 3236 909 3289 recta
931 3230 961 3287 iu
984 3229 1133 3291 meridiem
1160 3235 1295 3306 porrecta
1320 3238 1417 3304 eraut,
1449 3228 1501 3290 sed
1533 3228 1657 3289 multum
1690 3232 1720 3288 in

339 3333 505 3389 55555550,
529 3317 560 3375 ei
582 3317 664 3376 vocle
687 3310 841 3391 0555555,
865 3333 932 3377 cum
953 3318 1012 3378 sliu
1033 3310 1056 3395 1)
1081 3316 1205 3378 5551055
1229 3322 1425 3395 comparatae.
1463 3316 1495 3377 80
1520 3333 1589 3393 ergo
1614 3317 1719 3378 habuit

355 3402 544 3465 latitudinem
568 3399 604 3461 00
618 3401 679 3477 480,
702 3405 815 3481 inipso
837 3403 975 3464 modulus
997 3412 1042 3466 est
1064 3403 1223 3467 bodlemae
1245 3402 1410 3465 latitudinis
1426 3406 1571 3465 maximae
1596 3405 1720 3482 boreae3

357 3490 444 3553 limes
476 3493 566 3569 igitur
581 3492 693 3568 ¹potins
716 3492 746 3549 iu
769 3488 805 3551 90
828 3487 871 3575 llil
894 3499 986 3567 esset,
1015 3490 1045 3552 0.
1069 3509 1095 3553 5.
1119 3491 1285 3554 Ptolemaei
1304 3491 1404 3552 seculo
1434 3493 1462 3550 in
1488 3488 1617 3576 1301111.
1662 3492 1721 3553 Sed

356 3581 384 3639 ei
406 3578 610 3639 Ptolemaeum
633 3575 670 3638 de
690 3577 844 3639 latitudine
866 3574 1039 3658 5555055051)
1064 3581 1286 3659 interpretemur
1308 3596 1344 3640 ex
1366 3578 1508 3640 hodierna
1531 3581 1721 3658 experientia,

357 3673 392 3728 ut
413 3666 464 3728 005
487 3662 523 3727 00
545 3663 651 3726 dixerit
672 3682 725 3743 pro
749 3661 785 3725 00
807 3665 874 3742 480,
904 3673 995 3743 atque
1017 3669 1060 3728 ita
1082 3669 1171 3729 etiam
1199 3667 1264 3744 ejus
1293 3666 1462 3728 observatio
1485 3666 1666 3745 acronyclros
1691 3668 1720 3725 ln

357 3750 395 3813 00
419 3756 472 3825 ὲ
496 3770 556 3814 555
578 3753 719 3830 majmem
741 3753 877 3814 habuerit
900 3753 1096 3815 latitudinem·
1110 3751 1258 3833 quam<2⁰
1281 3752 1343 3827 480,
1367 3753 1553 3815 conficiemus
1577 3752 1663 3830 iude,
1687 3761 1720 3816 ut

358 3843 475 3919 utrique
499 3841 720 3902 observantium
742 3835 765 3919 1)
790 3841 876 3902 luerit
897 3840 984 3901 limiti
1006 3844 1138 3919 sicinusq
1162 3859 1252 3919 quare
1275 3858 1375 3901 arcum
1397 3859 1417 3901 5
1440 3835 1721 3925 901111050οἑ,

356 3946 399 3992 sc
424 3924 492 4006 040,
513 3944 567 4006 per
587 3927 717 3989 medium
739 3927 851 4003 diviso,
870 3935 905 4008 ,50
931 3926 987 3989 100
1007 3928 1134 4006 adjectis
1155 3928 1195 3989 50
1218 3926 1254 3989 90
1327 3971 1335 4001 ,
1360 3930 1458 3990 veniet
1481 3928 1565 3990 limes
1588 3938 1720 4007 tempore
1781 3975 1791 3996 .

355 4015 456 4078 medio
479 4019 509 4075 in
533 4012 591 4074 010
662 4021 830 4094 ,tempore
852 4017 941 4093 igitur
963 4014 1127 4078 Ptolemaei
1157 4019 1186 4075 in
1210 4009 1268 4077 000
1341 4013 1430 4090 ,100
1452 4017 1598 4091 anterius,
1630 4033 1721 4094 quam
1823 4043 1826 4048 ’

356 4107 422 4183 ipse
449 4102 577 4164 tradidit
658 4120 724 4164 mue
754 4102 872 4180 quidem
901 4103 965 4181 ejus
993 4104 1232 4165 observationum
1262 4113 1378 4180 tempus
1406 4097 1430 4181 1)
1465 4106 1494 4163 05
1525 4101 1720 4164 descendente

356 4188 542 4253 semicirculo
573 4189 673 4266 55550,
712 4208 766 4251 555
795 4192 958 4268 poteratis
986 4194 1123 4252 contrarii
1153 4188 1338 4251 ascendentis
1368 4192 1537 4252 testimonio
1564 4191 1718 4260 suffulciri.

353 4278 447 4341 Nulla
469 4280 558 4355 lgitur
578 4276 720 4355 religione
742 4277 845 4354 ducor,
875 4280 946 4355 quin
975 4278 1097 4340 limitem
1120 4278 1282 4339 Ptolemaei
1314 4277 1414 4339 seculo
1445 4287 1489 4339 tot
1518 4278 1658 4356 gradibus
1687 4280 1717 4337 in

354 4364 563 4470 antecedentia
582 4364 732 4441 reducam,
764 4368 937 4444 praesertim
959 4382 1025 4427 cum
1047 4366 1117 4427 binc
1139 4369 1267 4448 varietas
1289 4363 1454 4427 latitudinis
1476 4363 1634 4466 proveniat
1656 4382 1715 4426 non

338 4452 530 4606 ,11181οὲ3505
559 4538 669 4602 locatio
691 4540 792 4603 limitis
821 4541 969 4601 liberrima
996 4540 1156 4619 plurimum
1177 4517 1303 4618 acquirit
1327 4539 1590 4601 verisimilitudinis
1612 4558 1649 4602 ex
1672 4557 1717 4618 eo,

357 4627 438 4708 quod
458 4629 520 4707 jem
541 4636 625 4689 motu
647 4627 744 4690 medio
767 4647 803 4690 ex
825 4628 988 4693 Ptolemaei
1009 4636 1040 4691 et
1061 4626 1211 4708 Tychoms
1234 4626 1369 4704 epochis,
1398 4631 1441 4689 alc
1464 4627 1621 4704 ordinatis,
1646 4644 1718 4688 cou-
1829 4626 1838 4634 '

356 4719 475 4791 stltuto,
499 4723 529 4778 50
550 4714 589 4777 ad
612 4718 696 4777 initia
717 4734 813 4778 rerum
836 4715 981 4792 derivato,
1008 4715 1104 4778 nodus
1128 4733 1216 4793 quam
1238 4716 1370 4793 proxime
1392 4724 1533 4793 punctum
1556 4716 1718 4793 aequinoc-

358 4803 431 4866 tlale
457 4805 493 4879 Υ
520 4805 617 4879 venit,
649 4803 895 4883 quemadmodum
918 4807 1007 4866 etiam
1030 4803 1163 4883 plerique
1186 4802 1236 4864 alil
1257 4809 1354 4863 motus
1375 4805 1406 4861 in
1429 4803 1588 4865 cardinalia
1609 4810 1719 4882 puncta

357 4889 491 4953 incidunt
514 4900 544 4953 et
556 4890 674 4952 Saturni
697 4894 789 4971 ipsius
812 4899 909 4953 motus
931 4891 1046 4953 medius
1067 4892 1139 4953 solis
1155 4887 1190 4951 50
1205 4889 1256 4951 300
1274 4890 1350 4951 ultra
1364 4893 1582 4968 aequinoctium
1597 4899 1717 4952 autum·

359 4977 438 5042 nale.
484 4977 571 5055 Quod
595 4995 661 5041 cnm
685 4997 741 5057 ego
764 4979 1044 5055 animadvertissem,
1067 4998 1123 5042 uec
1136 4978 1292 5057 impedirer
1313 4977 1351 5038 ab
1370 4978 1637 5055 observationibus,
1660 4977 1719 5039 511-

358 5084 421 5144 qna
440 5066 576 5128 libertate
592 5070 643 5144 uti,
666 5071 743 5130 sicut
758 5067 868 5129 dicium
883 5075 937 5139 eet,
960 5069 1077 5128 omnino
1094 5065 1203 5128 indulsi
1216 5065 1286 5127 0505
1305 5066 1501 5143 speculationi
1515 5068 1592 5128 clrca
1606 5065 1716 5127 nodum

357 5150 533 5234 penmqne
559 5156 590 5214 iu
613 5158 759 5216 communi
789 5172 884 5217 rerum
912 5157 995 5217 initio
1024 5157 1055 5215 in
1077 5152 1113 5217 0⁰
1137 5155 1172 5229 Υ
1199 5151 1295 5215 retuli.
1342 5156 1384 5215 At
1411 5156 1440 5214 15
1469 5149 1714 5233 mulomedici)

359 5249 422 5306 uon
451 5243 572 5322 permisi
600 5242 672 5305 mibi
700 5243 866 5308 libertatem
894 5243 985 5321 banc,
1017 5241 1145 5307 addendi
1171 5259 1212 5308 ec.
1240 5237 1275 5302 50
1298 5241 1351 5304 000
1378 5241 1419 5307 50
1449 5248 1561 5306 motum
1588 5241 1717 5307 medium
