4459 6275
1646 693 1658 725 Ι

692 782 734 838 De
751 783 824 839 Anni
842 781 1001 851 Qumtitme
1022 789 1051 838 et
1066 742 1310 851 aequinoctiorum
1328 779 1530 837 Praeeaaaioae.
1753 785 1794 845 95
1822 842 1824 849 ,

432 959 514 1019 altra
540 956 574 1018 1⁰
597 962 651 1018 tt‘
674 959 755 1018 nulla
777 962 842 1036 ejus
864 960 990 1020 latitudo
1015 969 1155 1022 excurrat
1201 961 1252 1036 De
1276 963 1396 1019 minutis
1418 976 1489 1019 vero
1516 962 1571 1033 18,
1604 977 1669 1019 oum
1691 958 1795 1018 Ptole-

432 1063 540 1107 maeus
563 1047 735 1107 rotunditati
758 1064 943 1108 numerorum
967 1058 998 1108 ut
1021 1049 1069 1108 hie
1082 1047 1225 1125 indulget,
1249 1047 1321 1107 nihil
1343 1059 1387 1108 eat
1402 1046 1567 1108 dicandam.
1612 1047 1688 1107 Nam
1705 1063 1795 1122 quar-

433 1144 482 1194 tas
506 1141 607 1211 partes
629 1133 772 1211 graduum
795 1140 883 1195 etiam
906 1139 984 1213 ipae,
1016 1154 1081 1197 eum
1105 1139 1231 1196 maxime
1254 1134 1372 1196 subtilis
1394 1143 1453 1210 eat,
1476 1145 1595 1214 proptor
1617 1138 1795 1194 instrumen-

431 1230 533 1282 torum
554 1221 718 1282 ruditatem·
734 1224 762 1279 in
787 1224 877 1283 dubio
900 1227 993 1301 pouit.
1786 1288 1788 1292 ,

523 1307 604 1369 Huio
626 1309 743 1385 quidem
759 1321 931 1388 argumento
954 1318 1053 1387 potest
1074 1310 1187 1386 aliquid
1210 1311 1331 1385 opponi.
1365 1307 1441 1367 Nam
1464 1311 1518 1368 etri
1535 1309 1636 1370 limitis
1660 1312 1689 1368 in
1705 1309 1795 1368 Libra

432 1397 588 1456 inclinatio
610 1406 711 1457 manet
733 1406 879 1472 constans,
904 1399 982 1458 nodo
1005 1398 1093 1458 Jovis
1116 1402 1146 1456 iu
1171 1398 1285 1459 Cancro
1309 1403 1460 1469 versante,
1485 1395 1570 1457 datur
1592 1409 1688 1458 tamen
1712 1397 1793 1457 loeus

431 1486 591 1544 mutationi
602 1484 756 1561 eclipticas
772 1489 801 1545 in
816 1486 896 1546 Can-

432 1589 503 1646 cro,
546 1580 682 1632 manente
720 1575 749 1630 iu
783 1573 896 1633 Cancro

432 1657 523 1720 Joris
552 1660 654 1720 itinere
677 1659 756 1736 apud
779 1660 897 1721 easdem

432 1746 518 1807 lixas.
574 1744 619 1807 su
656 1745 709 1806 ΑΕ
745 1756 897 1826 aequatos,

432 1832 500 1894 ciii
512 1832 649 1912 ecliptica
661 1833 813 1909 hodierna,
831 1833 898 1893 LRI
1021 1830 1037 1866 l

432 1921 572 1998 ecliptica
587 1928 681 1996 setus,
706 1920 784 1981 ORO
802 1923 899 1982 orbita

432 2007 524 2069 Joris
556 2009 731 2083 eeeeatriea,
762 2007 804 2068 Ol
833 2009 897 2085 ejus

432 2096 586 2156 inclinatio
629 2098 758 2156 maxima
798 2096 898 2169 bodie,
927 2088 945 2124 ³

433 2201 513 2260 quas
529 2184 559 2241 iu
575 2183 590 2243 I
605 2182 674 2244 ideo
689 2191 827 2243 constans
844 2192 896 2257 est,

432 2274 507 2349 quia
529 2271 571 2329 ibi
594 2279 770 2331 consumunt
792 2271 898 2331 ambae

432 2356 606 2435 eclipticam
633 2358 710 2418 (isit
731 2358 827 2428 nodus
841 2358 898 2418 ho·
1012 2403 1038 2444 Δ

432 2445 554 2506 diernus
576 2448 606 2503 in
624 2442 681 2527 Θ.
725 2445 821 2522 Igitur
841 2463 898 2522 po-

433 2535 494 2592 sita
514 2535 645 2593 sectione
667 2532 867 2609 eoliptiearum
888 2536 916 2591 in
939 2533 964 2606 1,
988 2543 1018 2594 et
1039 2533 1089 2593 120
1113 2536 1277 2594 variatione
1292 2531 1475 2608 obliquitatis
1498 2534 1643 2591 maximae
1667 2528 1719 2588 CA
1743 2524 1791 2588 rel

432 2619 505 2680 LA:
529 2627 620 2697 patet,
643 2622 670 2679 si
693 2618 787 2679 nodus
811 2621 881 2680 olim
903 2631 1034 2699 tempore
1057 2623 1194 2699 Dionysii
1218 2620 1320 2681 debuit
1341 2637 1406 2680 esse
1430 2622 1459 2677 in
1483 2618 1520 2693 O,
1550 2625 1583 2679 ut
1605 2634 1660 2694 ego
1685 2619 1714 2674 in
1738 2615 1794 2673 hoc

432 2717 608 2784 argumento
630 2710 773 2785 supposui
796 2726 831 2768 er
855 2708 996 2770 hodierna
1019 2708 1209 2786 obliquitate,
1240 2708 1297 2766 luit
1319 2723 1388 2767 vero
1412 2705 1548 2782 eoliptiea
1571 2712 1641 2764 tuno
1664 2721 1722 2762 non
1745 2700 1794 2772 ct,

431 2794 487 2855 sed
510 2794 567 2867 Ll,
594 2803 691 2872 patet,
720 2797 856 2872 inquam,
887 2814 941 2873 pro
963 2797 1042 2856 nodo
1066 2796 1088 2857 C
1111 2794 1326 2873 respiciendum
1349 2811 1414 2854 esse
1437 2793 1475 2853 ad
1502 2791 1612 2852 nodum
1634 2790 1678 2878 ll,
1709 2789 1795 2865 louge

435 2884 534 2959 magia
556 2884 585 2941 in
609 2886 819 2959 consequentia
840 2884 990 2959 signorum
1014 2902 1115 2944 versus
1140 2882 1198 2957 01,
1228 2882 1362 2956 Libram,
1392 2887 1574 2958 promotum;
1606 2886 1635 2940 et
1658 2879 1700 2938 sle
1722 2877 1796 2937 baec

430 2970 558 3030 mutatio
573 2968 756 3046 obliquitatis
772 2971 923 3047 eclipticas
946 2972 1018 3031 nibil
1034 2973 1170 3032 attinebit
1193 2970 1362 3030 distantiam
1380 2968 1516 3045 planetae
1529 2970 1560 3026 in
1576 2966 1704 3027 (lafixa
1718 2981 1794 3042 qua-

433 3073 561 3134 tuaque.
606 3056 683 3116 Nam
708 3059 785 3116 sieut
813 3059 908 3135 major
938 3059 1007 3121 olim
1037 3059 1092 3118 luit
1118 3056 1244 3118 latitudo
1267 3057 1418 3117 stellarum
1448 3057 1522 3116 inter
1544 3054 1615 3129 Ο,Α,
1639 3055 1682 3114 sio
1708 3053 1795 3113 etlam

433 3145 530 3222 major
552 3143 607 3204 luit
629 3148 773 3222 promotio
797 3154 969 3223 punctorum
993 3146 1105 3208 orbitae
1116 3145 1202 3207 ,Iovia
1225 3145 1406 3219 australium,
1430 3163 1459 3204 v.
1483 3161 1507 3203 e.
1531 3143 1566 3218 Β,
1590 3164 1609 3203 a
1623 3140 1701 3202 uodo
1717 3139 1797 3200 illius

433 3234 575 3310 temporis
590 3231 627 3307 R,
650 3250 739 3310 quam
754 3251 777 3294 a·
791 3234 868 3294 nodo
884 3236 975 3294 nostri
999 3235 1137 3313 temporis
1152 3234 1183 3308 C,
1209 3250 1303 3310 eoque
1319 3241 1348 3293 et
1363 3233 1457 3309 maj0r
1479 3228 1604 3290 latitudo
1622 3230 1647 3289 B
1663 3229 1702 3288 ab
1717 3226 1795 3300 LRl,

435 3336 527 3398 qnam
550 3338 569 3379 a
592 3319 670 3395 CEI,
697 3323 776 3402 sicut
805 3324 894 3382 etiam
916 3322 1039 3382 lixarum
1069 3325 1148 3382 inter
1172 3320 1235 3396 C‚A
1262 3319 1388 3381 latitudo
1416 3320 1472 3379 iult
1502 3318 1605 3394 maJor.
1652 3315 1796 3392 Adeoque

433 3408 509 3468 haee
531 3409 597 3485 ipsa
613 3424 704 3468 caasa
720 3407 811 3468 videri
833 3411 935 3486 possit,
959 3427 1009 3474 our
1032 3409 1127 3469 nodus
1151 3411 1180 3467 in
1206 3403 1243 3489 Ἃ
1267 3409 1307 3468 sit
1322 3417 1382 3467 tem
1396 3406 1497 3467 tardus
1521 3405 1568 3465 vel
1592 3406 1681 3466 etiam
1702 3410 1796 3464 retro·

433 3493 555 3573 gradus,
579 3505 608 3555 et
632 3495 701 3555 olim
723 3496 944 3574 aabDionysio
968 3504 998 3558 et
1020 3495 1177 3557 Aristotele
1199 3496 1369 3573 promotior,
1393 3493 1471 3571 quud
1494 3492 1599 3553 voluat
1625 3494 1699 3552 istae
1724 3505 1796 3550 oon-

432 3584 603 3660 junetiones
625 3599 691 3642 oum
713 3582 828 3643 duabus
851 3584 931 3659 lixis,
955 3585 980 3644 si
1003 3602 1055 3661 pro
1078 3584 1232 3662 partilibus
1256 3599 1309 3643 seu
1330 3582 1430 3659 potius
1452 3598 1505 3658 pro
1528 3577 1719 3640 minutalibus
1742 3595 1796 3637 aa·

433 3673 588 3749 cipiantur.
634 3669 710 3730 Vere
726 3672 803 3730 euim
825 3672 954 3731 luterum
969 3678 1021 3746 est,
1045 3674 1070 3732 si
1087 3672 1224 3749 ecliptica
1247 3668 1314 3729 Llll
1336 3686 1424 3746 super
1445 3668 1460 3727 I
1483 3669 1540 3731 llro
1556 3673 1691 3729 movetur
1707 3663 1796 3724 deor·

433 3776 517 3833 sum,
548 3764 582 3816 ut
612 3759 712 3818 veniat
743 3760 773 3816 in
797 3757 879 3833 cut,
912 3759 1039 3818 laturum
1062 3762 1182 3836 inquam
1210 3767 1269 3830 est,
1299 3764 1331 3815 ut
1358 3763 1495 3816 manente
1519 3753 1624 3814 BCRO
1651 3750 1797 3812 nodusR

435 3842 558 3923 repedet
587 3846 615 3901 in
639 3844 673 3905 C.
718 3844 791 3905 Cum
822 3848 910 3922 igitur
932 3853 1134 3923 argumentum
1164 3848 1274 3905 nitatur
1305 3842 1453 3921 aequabili
1484 3843 1688 3920 progressione
1717 3838 1796 3911 nodl,

436 3933 524 3993 detur
545 3947 616 3992 roro
638 3939 739 3991 eontra
761 3932 817 3992 hoo
841 3934 983 4009 exceptio,
1009 3932 1126 3994 ridetur
1148 3932 1271 3993 dissolvi
1295 3930 1359 4006 ejus
1382 3933 1438 3991 vis.
1481 3928 1673 4007 Respondeo:
1698 3944 1797 3986 veram

435 4017 558 4098 quidem
582 4035 646 4080 esse
670 4019 874 4095 objectionem,
898 4037 1037 4081 concessa
1059 4020 1111 4080 tali
1142 4020 1307 4081 turbatione
1331 4017 1399 4077 nodi
1423 4019 1461 4078 ob
1485 4034 1603 4078 eausam
1628 4023 1796 4076 extraneam

432 4125 487 4169 seu
511 4106 551 4167 ob
574 4123 689 4166 cursum
712 4107 836 4170 aliarum
860 4114 889 4169 et
903 4108 1028 4168 aliarum
1051 4108 1203 4186 eclipticas
1217 4106 1348 4167 luxatilis
1371 4107 1507 4183 partiam.
1551 4104 1683 4165 Pertinet
1705 4104 1798 4179 igitur

434 4194 474 4256 ad
497 4192 672 4254 llrmandmn
698 4195 917 4272 argumentum,
951 4202 985 4255 ut
1010 4197 1084 4264 haee
1113 4196 1222 4273 positio
1251 4192 1371 4253 tollatur
1402 4200 1431 4253 et
1453 4192 1627 4255 destruatur.
1672 4189 1748 4249 Nam
1769 4190 1795 4246 si

433 4283 511 4344 baec
534 4298 624 4341 eausa
646 4290 725 4342 esset
747 4282 892 4343 tarditatis
915 4282 1049 4362 adeoque
1072 4291 1102 4343 et
1125 4281 1322 4361 repedationis
1343 4279 1429 4354 nodi,
1454 4286 1601 4358 oporteret
1623 4277 1687 4353 ejus
1710 4276 1798 4336 effee-

434 4379 498 4430 tam
521 4372 611 4429 etiam
633 4370 663 4428 in
685 4365 708 4448 ᾗ
730 4373 839 4444 sentiri,
864 4379 895 4431 ut
918 4371 1002 4447 cajus
1025 4371 1120 4431 nodus
1144 4368 1307 4431 ascendens
1330 4370 1418 4428 etiam
1441 4368 1471 4427 ln
1494 4364 1534 4449 ὓ
1559 4373 1612 4440 est,
1640 4382 1698 4425 non
1721 4364 1798 4424 altra

439 4455 496 4517 16⁰
520 4455 632 4516 distans
656 4475 673 4516 a
696 4456 774 4516 nodo
800 4453 854 4541 Ἃ
900 4458 974 4518 Cum
1003 4460 1127 4520 veroin
1150 4454 1173 4537 ᾗ
1196 4474 1253 4517 non
1278 4453 1529 4533 deprehendatur,
1561 4470 1619 4514 aon
1643 4461 1687 4513 est
1709 4452 1799 4528 igitur

435 4544 561 4605 tarditas
591 4546 648 4604 ista
681 4561 717 4605 ne
750 4546 780 4603 in
803 4544 834 4620 Ἃ
857 4545 975 4622 quidem
1006 4545 1044 4607 ad
1073 4546 1151 4606 buno
1181 4543 1300 4604 modum
1327 4541 1506 4617 adventitia,
1537 4542 1589 4601 sed
1611 4542 1709 4621 iasita.
1755 4540 1799 4598 Ae

435 4628 559 4711 proinde
573 4630 754 4691 firmamento
775 4634 933 4694 instantiae
948 4632 1079 4707 subruto,
1104 4635 1213 4694 corruit
1234 4631 1308 4691 haee
1324 4631 1410 4689 turris
1432 4646 1486 4690 nee
1500 4635 1588 4699 nocet
1610 4628 1717 4688 nostds
1732 4644 1798 4685 mu-

436 4720 610 4779 nitionibus.
655 4719 713 4779 Sed
736 4729 919 4781 reserventur
941 4723 998 4781 ista
1020 4723 1050 4780 in
1073 4721 1217 4783 theoriam
1244 4714 1284 4797 ᾗ,
1308 4721 1361 4778 erit
1384 4718 1461 4778 eaim
1484 4734 1520 4778 ex
1543 4716 1657 4777 duobus
1673 4716 1798 4793 planetis

436 4825 529 4867 anum
552 4814 764 4883 argumentum.
822 4808 826 4816 “
1399 4866 1403 4873 ,
1556 4872 1559 4875 ,

529 4894 637 4954 Tentat
666 4902 763 4955 tamm
793 4896 940 4971 quispiam
969 4895 1057 4955 etiam
1085 4893 1170 4953 aliter
1200 4892 1365 4953 convellere
1396 4892 1575 4953 instantiam.
1619 4888 1696 4949 Nam
1718 4886 1796 4947 uodo

438 4984 482 5044 ria
505 4988 642 5059 promoto
665 4999 702 5042 ex
725 4982 748 5041 u
771 4983 801 5040 in
825 4981 865 5057 tt,
888 4998 1007 5043 necesse
1032 4989 1076 5042 est
1096 4981 1219 5042 limitem
1242 4979 1319 5041 exO
1341 4983 1508 5056 promoveri
1531 4978 1723 5057 ejusdemque
1745 4975 1798 5034 de-

438 5070 629 5129 clinationem
658 5069 697 5128 ab
720 5067 874 5146 ecliptieae
904 5071 996 5129 veteri
1019 5067 1081 5129 lieri
1112 5068 1271 5145 majorem,
1304 5084 1393 5144 quam
1424 5076 1469 5129 est
1498 5067 1535 5126 ab
1559 5063 1700 5125 hodierna
1722 5063 1751 5120 ia
1774 5062 1797 5135 1,

439 5160 511 5236 epis
533 5156 596 5216 inl
618 5154 770 5233 eellptieae
793 5174 825 5218 se
848 5164 950 5217 seeum
972 5164 1103 5217 etvetus
1124 5156 1233 5217 ultral
1254 5154 1288 5216 lit
1308 5154 1474 5216 australior.
1517 5150 1644 5214 stante
1675 5152 1801 5210 variatio

438 5246 596 5325 eeliptieae
617 5243 807 5321 obliquitatis
825 5240 862 5303 0ο
883 5247 937 5305 21‘
967 5252 998 5305 et
1020 5244 1035 5303 1
1066 5247 1160 5305 seatio
1186 5246 1218 5303 in
1241 5239 1321 5325 572⁰
1344 5245 1414 5319 ὲ,
1443 5244 1483 5304 ait
1505 5238 1573 5301 001
1599 5236 1799 5323 1⁰1e¹l,⁴at

1279 1539 1327 1589 l'lg.
1344 1539 1376 1580 td.
