4459 6275
875 774 958 833 ιιι
974 778 1101 849 quous.
1138 779 1207 835 rm
1224 776 1357 836 ιιιιιιι.
1441 754 1450 765 ’
1600 784 1603 795 ·
1724 777 1787 838 ιιι

436 954 504 1015 orbe
533 950 670 1017 ileremii
699 952 870 1019 oodeetum:
905 958 1077 1019 ιιιιίιιίιιιι
1106 966 1151 1019 ιιι
1177 959 1267 1037 igitur
1298 973 1350 1036 per
1379 962 1476 1035 partos
1504 955 1536 1015 io
1563 954 1684 1017 Saturni
1713 952 1803 1013 orbe·

435 1058 529 1119 eoque
552 1048 583 1103 et
603 1040 800 1116 mosenum,
824 1042 998 1106 densissima
1018 1063 1088 1107 vero
1112 1063 1203 1125 pones
1225 1046 1401 1109 Merouriam
1423 1060 1518 1120 eoquo
1540 1041 1709 1121 fortissima.
1743 1102 1749 1112 ,

523 1128 558 1191 Si
584 1128 621 1219 de
650 1132 715 1205 ipso
744 1148 870 1207 corpore
892 1131 971 1193 Solia
997 1142 1153 1210 αριιιιιιι,
1184 1151 1301 1211 possem
1321 1136 1357 1193 ιιι
1377 1132 1431 1192 illo
1452 1130 1610 1193 meeum
1631 1130 1712 1189 laum
1731 1145 1789 1204 po-

435 1217 564 1277 tortr‘mn
593 1217 769 1279 naturalem
798 1220 957 1281 movendi:
987 1220 1102 1280 redte
1130 1221 1231 1281 edacia
1260 1220 1529 1297 nampoeorlom
1553 1216 1745 1277 mouriulem
1767 1233 1788 1275 o

433 1321 574 1379 mm,
603 1312 632 1365 et
652 1307 760 1365 statuis
781 1324 849 1367 eom
871 1309 936 1367 sine
955 1307 1087 1381 mojano
1108 1312 1144 1369 in
1165 1310 1351 1386 ampliatione
1373 1307 1509 1367 nemore.-
1541 1306 1597 1367 lroo
1618 1302 1789 1365 absurdum

432 1390 564 1451 viduus.
609 1390 776 1453 Absurdum
799 1410 858 1453 non
882 1392 988 1455 debere
1010 1394 1112 1466 videri,
1138 1402 1219 1474 petet
1242 1394 1376 1475 exemplo
1399 1394 1554 1469 magnetis,
1577 1392 1623 1453 eni
1639 1389 1696 1452 hoe
1710 1388 1788 1451 idem

433 1486 535 1557 posset
557 1478 656 1556 objiol.
701 1478 743 1539 Αι
764 1480 957 1558 nouuobiqne
981 1484 1027 1542 vis
1048 1483 1124 1543 heee
1145 1492 1192 1544 est
1214 1485 1278 1543 sine
1301 1482 1436 1557 subjeuto
1459 1480 1597 1557 analogo.
1636 1475 1789 1553 Quemad-

434 1564 555 1627 modum
585 1569 662 1627 euim
691 1568 721 1625 in
750 1568 814 1647 ipso
837 1569 918 1629 fonte
939 1570 1105 1646 subjeetum
1128 1578 1174 1631 ιιι
1195 1572 1253 1649 ipsi
1275 1570 1408 1631 facultati
1431 1567 1559 1629 naturali
1582 1582 1688 1644 eorpus
1711 1563 1790 1624 Solis

433 1670 485 1713 seu
508 1652 600 1715 dorae
622 1673 642 1715 a
663 1660 761 1714 eeutro
785 1665 936 1732 porrectae
959 1658 989 1715 in
1011 1657 1273 1719 circumferentiam
1302 1658 1384 1734 ejm:
1414 1658 1458 1716 sie
1479 1657 1569 1715 etiem
1591 1656 1621 1713 in
1643 1652 1702 1711 hoo
1724 1653 1788 1728 ipso

434 1758 555 1817 egressu
578 1748 650 1821 puto
671 1739 909 1817 distinguendum
939 1747 1052 1805 ratione
1076 1747 1151 1806 inter
1171 1747 1300 1825 speeiem
1323 1744 1451 1823 eorporis
1475 1742 1586 1803 Solaria
1610 1741 1790 1799 immateria-

435 1840 511 1902 ιιιιιι,
537 1828 704 1890 eidoeatem
726 1846 820 1907 usque
842 1830 880 1889 ad
904 1830 1037 1909 planetas
1060 1840 1089 1891 et
1112 1832 1203 1906 ultra,
1233 1841 1264 1895 et
1286 1835 1360 1893 inter
1382 1833 1444 1891 vim
1466 1848 1519 1891 seo
1541 1830 1690 1904 energiam
1714 1826 1789 1902 ejus,

435 1932 513 1993 quae
536 1910 698 1977 eommindr
720 1925 839 1997 prensat
860 1927 890 1978 ιι
912 1928 1012 1979 movet
1035 1919 1199 1997 planetam,
1224 1929 1256 1980 ut
1278 1918 1390 1980 illusit
1412 1917 1501 1994 hujus
1523 1915 1699 1993 subjeetum,
1722 1914 1791 1974 lieet

435 2021 494 2065 oon
517 2004 557 2065 sit
579 2020 693 2083 eorpus,
716 2003 769 2065 sed
792 2006 986 2067 immaterieta
1009 2010 1138 2086 eorporis
1160 2010 1282 2084 speeies.

525 2092 630 2151 Purser
650 2092 743 2167 hujus
764 2095 809 2151 rei
830 2092 905 2153 dare
927 2094 1123 2172 exemplum?
1154 2093 1323 2155 Genuinum
1355 2090 1522 2169 exemplum
1553 2098 1599 2150 est
1621 2091 1650 2149 in
1672 2088 1738 2149 luee
1761 2095 1792 2149 et

435 2178 536 2239 eslere
558 2176 645 2241 Solis.
689 2178 756 2239 Non
786 2187 831 2241 ιιι
859 2180 996 2256 dubium,
1027 2183 1097 2259 quin
1128 2183 1205 2242 sieut
1226 2182 1279 2245 Sol
1307 2188 1388 2243 totas
1410 2187 1455 2240 ιιι
1476 2179 1655 2249 luminosus,
1685 2176 1790 2237 aierit

436 2268 528 2327 oriam
558 2272 638 2327 lotus
668 2267 777 2345 ignitus
806 2273 836 2327 et
865 2276 983 2347 propter
1013 2270 1154 2330 materiae
1177 2269 1351 2331 densitatem
1374 2268 1492 2329 omniuo
1514 2264 1650 2327 eredenti
1673 2280 1790 2325 ιιιιιιιιι

435 2356 517 2427 auri,
542 2360 594 2413 aut
614 2355 640 2415 si
666 2353 738 2431 quid
761 2354 889 2429 densius,
913 2355 1135 2434 comparandus.
1180 2356 1250 2417 Jam
1272 2373 1310 2417 ex
1330 2356 1396 2417 luoe
1418 2354 1471 2414 ille
1492 2353 1572 2415 Solis
1593 2351 1740 2430 egreditur
1763 2359 1792 2412 ιι

435 2440 475 2501 ιιι
499 2457 554 2502 nos
577 2439 722 2501 delabitur
744 2444 857 2520 speeies
879 2459 937 2511 non
960 2460 1109 2522 corporee,
1133 2460 1191 2505 non
1214 2444 1377 2516 materiato,
1401 2460 1490 2519 quam
1512 2440 1610 2501 lumen
1632 2439 1678 2501 vel
1693 2437 1792 2499 radios

436 2526 518 2589 Solia
541 2528 681 2601 dirimas,
711 2547 787 2605 quae
810 2537 907 2590 tamen
930 2534 1110 2606 quantitates
1133 2541 1163 2592 ιι
1184 2532 1349 2593 aeeidentia
1369 2531 1488 2608 resipit:
1510 2530 1598 2589 rectis
1620 2529 1730 2605 quippe
1751 2525 1791 2584 li-

436 2617 501 2677 neis
534 2615 642 2690 effluit,
673 2624 718 2677 ιιι
740 2615 957 2679 eondenrehilis
981 2627 1032 2679 aut
1048 2618 1250 2679 extenuabilis
1273 2626 1302 2679 et
1324 2619 1444 2677 omnino
1466 2614 1575 2677 sectilis
1597 2632 1648 2693 per
1669 2612 1791 2692 speculo

437 2709 467 2763 et
492 2704 585 2777 vitre,
615 2719 666 2782 per
688 2721 889 2782 repercussum
912 2723 953 2765 se.
977 2716 1006 2765 et
1029 2706 1248 2780 refractionem,
1272 2714 1304 2765 ut
1326 2706 1465 2767 doeemur
1487 2705 1518 2761 in
1539 2703 1653 2781 optiois.
1700 2702 1791 2777 Atqui

435 2791 511 2851 hare
540 2791 656 2869 speeies
682 2789 757 2851 lueis
778 2791 890 2852 Solaria
918 2791 1010 2853 desert
1032 2796 1122 2854 etiam
1144 2792 1271 2855 calorem
1294 2796 1390 2871 ipsum
1411 2799 1442 2854 ιι
1463 2807 1515 2869 pro
1538 2792 1653 2849 ratione
1673 2788 1792 2848 fortitu-

436 2877 515 2938 dinis
536 2895 626 2952 suae,
650 2879 754 2955 mojori
777 2881 824 2939 vel
848 2881 967 2951 minori,
991 2898 1050 2958 qua
1074 2879 1177 2940 incidit
1198 2884 1227 2940 in
1251 2898 1374 2958 corpora
1396 2876 1592 2951 illustrabilia,
1615 2876 1682 2955 plus
1703 2877 1792 2935 etiam

437 2964 486 3025 rel
509 2966 607 3027 minus
630 2964 764 3027 ealefacit
787 2965 847 3030 illa.
894 2965 1148 3042 Quemadmodum
1171 2970 1259 3044 igitur
1281 2971 1394 3046 speeies
1416 2969 1475 3025 ista
1496 2983 1548 3024 seu
1572 2963 1678 3035 lumen,
1703 2980 1792 3040 quarn

435 3054 566 3131 speeiem
588 3059 667 3113 oerto
690 3056 798 3114 seimus
820 3055 859 3114 ab
881 3054 933 3114 illa
954 3054 1032 3114 Solis
1055 3055 1120 3117 luce
1144 3055 1280 3129 detinere,
1302 3055 1467 3131 subjeetum
1490 3061 1536 3115 ast
1558 3051 1723 3111 celorideae
1744 3050 1791 3111 la-

436 3140 573 3214 ιιιΙιιιίι,
605 3139 705 3202 itidem
733 3162 752 3203 ι
778 3142 849 3203 Sole
878 3160 930 3222 per
959 3146 1085 3222 speeiem
1115 3152 1304 3222 prorogatae:
1335 3147 1377 3204 ita
1404 3145 1494 3204 etiem
1521 3142 1635 3220 speeies
1663 3140 1793 3218 eorporis

435 3227 516 3290 Solis
540 3229 752 3303 immateriato,
784 3228 906 3309 delapsa
928 3229 966 3289 ad
990 3231 1123 3309 planetes
1147 3249 1255 3309 usque,
1286 3233 1422 3292 comitem
1448 3229 1539 3290 hebet
1560 3229 1688 3306 speeiem
1710 3225 1792 3286 illius

438 3317 556 3376 virtutis
578 3319 761 3393 enarratione
783 3319 812 3376 in
835 3333 955 3396 eorpore
977 3317 1070 3393 Solis,
1098 3336 1177 3396 quae
1197 3322 1299 3380 nititur
1322 3320 1403 3380 unire
1425 3318 1483 3379 sibi
1505 3317 1629 3390 similia,
1651 3313 1792 3395 repellero

437 3402 601 3464 dissimilia

526 3488 699 3552 Evidentiur
722 3498 767 3552 ιιι
789 3492 952 3569 exernplum
975 3493 1005 3551 in
1028 3492 1131 3554 eadem
1152 3493 1228 3570 lure,
1252 3511 1317 3554 oum
1341 3510 1392 3572 per
1414 3495 1491 3554 vitra
1513 3492 1562 3552 rel
1583 3508 1634 3570 per
1649 3488 1723 3552 teias
1738 3506 1794 3549 oo·

437 3578 550 3640 lerator
574 3580 735 3653 transiens,
767 3587 821 3638 aut
842 3578 979 3641 eoloratis
997 3581 1211 3660 superficiebus
1232 3584 1466 3655 communicata,
1490 3578 1636 3640 coloratur
1658 3586 1688 3639 ιι
1711 3580 1793 3656 ipses

438 3667 487 3727 ubi
512 3666 613 3743 negari
637 3683 695 3726 nou
718 3666 941 3744 potentiorem
965 3667 1113 3744 (quamvis
1135 3671 1175 3729 sit
1193 3671 1390 3730 immateriale
1405 3670 1518 3746 speeies
1532 3667 1596 3743 ejus
1610 3666 1694 3738 lueis,
1717 3682 1793 3742 quaa

436 3753 553 3832 allapsa
582 3753 638 3826 fuit
666 3754 694 3812 in
718 3770 823 3832 eorpus
846 3752 1020 3834 coloratum)
1042 3755 1104 3815 fieri
1127 3756 1293 3832 subjeetum
1316 3756 1421 3817 eoloris
1444 3754 1523 3814 illins
1546 3761 1576 3815 et
1597 3754 1682 3829 quasi
1706 3751 1794 3812 vehi·

439 3839 537 3902 ouium
561 3843 652 3901 etiam
675 3849 846 3902 extrorsum.

528 3928 613 4006 Quid
632 3931 658 3986 si
679 3929 752 3988 hoco
774 3932 840 4006 ipsu
861 3929 926 3999 ιιι,
949 3946 1013 3990 non
1036 3947 1107 3989 vero
1130 3930 1195 3989 ulio
1215 3932 1323 4004 speeies
1345 3931 1439 4005 ipsius
1460 3930 1595 4004 eorporis
1611 3925 1699 3997 Solia,
1722 3932 1794 3984 erret

435 4018 530 4076 eamn
551 4015 718 4090 subjeetum
738 4017 897 4094 fuoroltutla
918 4017 1002 4074 illins
1023 4016 1269 4093 oppralrmsiooe,
1291 4034 1356 4092 quo
1370 4015 1425 4076 Sol
1446 4033 1577 4092 corporo
1595 4013 1794 4092 ploratorum

434 4103 586 4180 manat?
616 4103 683 4164 Non
705 4103 891 4182 simpliciter:
921 4121 990 4162 nem
1013 4104 1130 4164 videtur
1152 4105 1250 4180 potius
1273 4101 1330 4164 hoe
1352 4101 1549 4179 sequendum,
1581 4100 1701 4160 effluere
1722 4117 1793 4176 spe·

436 4193 511 4262 elem
535 4191 758 4252 immateriatam
781 4194 910 4268 eorporis
933 4191 1039 4268 ipsius,
1070 4192 1117 4249 eui
1144 4191 1255 4268 speeioi
1283 4197 1314 4250 ιι
1336 4192 1382 4250 ιιι
1405 4189 1562 4268 prensandi
1589 4196 1618 4247 ιι
1640 4185 1707 4266 lux,
1734 4186 1794 4246 luei

437 4295 507 4338 vero
530 4284 561 4338 et
581 4277 662 4339 ealor
684 4284 714 4338 ιι
736 4278 824 4351 eolor,
848 4278 1002 4354 quodlibet
1024 4295 1059 4337 ιι
1082 4294 1137 4338 suo
1158 4279 1241 4340 tonte
1265 4276 1440 4352 derivatum,
1465 4276 1645 4337 inhaereant

524 4363 585 4424 Die
608 4382 716 4426 cousus
737 4365 831 4440 injur
852 4367 1051 4426 distinotionir
1072 4367 1239 4443 opomerum
1263 4367 1545 4426 immoler-intorem
1562 4365 1656 4423 ιιιιιιιι
1671 4369 1700 4420 ιι
1713 4363 1795 4434 qiste-

436 4451 503 4514 dem
524 4453 606 4528 qlobi
623 4452 749 4514 Solaria.
791 4456 816 4512 l.
842 4451 965 4531 Oportet
987 4454 1141 4513 materiem
1164 4454 1294 4532 eorporis
1311 4452 1424 4513 Solaria
1446 4470 1510 4512 esse
1533 4450 1701 4510 distinctum
1724 4448 1795 4525 qnid

436 4540 543 4600 alueo
566 4542 596 4599 in
620 4539 681 4600 illo.
720 4539 808 4600 Lueis
824 4542 901 4600 enim
919 4538 1066 4600 radiorum
1082 4547 1179 4600 motus
1202 4543 1232 4599 in
1254 4538 1396 4601 directum
1419 4541 1563 4616 contingit
1584 4538 1614 4596 in
1636 4543 1795 4610 momento,
1846 4591 1858 4610 ,

437 4628 567 4704 eorporis
590 4644 661 4689 vero
684 4625 794 4688 Soletis
825 4630 979 4688 conversio
1006 4628 1039 4687 lit
1068 4629 1097 4686 in
1129 4635 1268 4706 tempore.
1314 4626 1355 4686 At
1375 4630 1402 4686 si
1424 4635 1633 4697 statueremus.
1665 4626 1794 4703 sperum

437 4714 511 4775 lueis
543 4715 651 4776 nudum
682 4732 746 4776 esee
774 4715 939 4791 rubJoetnm
962 4721 992 4774 et
1014 4714 1182 4775 vehiculum
1205 4715 1323 4775 virtutis
1347 4714 1519 4792 prensandi,
1550 4712 1603 4774 lux
1625 4714 1691 4791 ipsa
1716 4711 1795 4772 Solis

437 4804 524 4862 nniea
556 4819 673 4862 omnem
704 4803 833 4881 eorporis
860 4803 925 4878 ejus
947 4804 1103 4863 essentiam
1126 4803 1184 4863 sibi
1211 4800 1383 4862 vindicaret.
1427 4801 1511 4864 Idem
1533 4805 1613 4862 enim
1634 4807 1681 4862 est
1703 4800 1795 4874 origi-

436 4889 541 4950 naliter
564 4891 593 4947 in
617 4907 657 4963 re,
681 4887 760 4967 quod
783 4891 931 4950 invenitur
953 4892 981 4950 in
1004 4892 1102 4968 speeie
1126 4892 1177 4950 rei.
1218 4891 1248 4948 2.
1272 4888 1345 4949 lanei
1362 4888 1501 4969 delapsae
1516 4890 1698 4967 quantitates
1712 4903 1795 4945 eom·

437 4985 549 5055 petunt,
573 4976 676 5056 prooul
700 4977 789 5037 dnbio
812 4995 870 5037 non
893 4977 979 5055 plane
1001 4977 1162 5038 seeundum
1185 4979 1318 5036 intimam
1339 4975 1412 5038 lueis
1427 4979 1594 5049 essentiam,
1617 4973 1670 5036 ssd
1685 4989 1794 5032 seeun-

437 5063 504 5124 dum
528 5063 642 5142 aliquid
666 5082 684 5123 a
706 5063 771 5125 ineo
795 5067 859 5143 ipsa
881 5065 1037 5135 diversum,
1061 5064 1173 5124 scilieet
1194 5066 1265 5140 quia
1288 5072 1333 5124 est
1356 5067 1384 5121 in
1408 5082 1529 5143 corpore
1552 5070 1663 5141 quanto
1678 5069 1708 5121 et
1723 5061 1794 5135 quio

434 5152 554 5226 junotae
576 5153 691 5229 speeies
714 5160 774 5212 tam
797 5155 925 5231 eorporis
948 5170 1036 5228 quom
1057 5151 1131 5212 lueis
1146 5151 1332 5212 delabuntur.
1371 5154 1400 5210 3.
1424 5151 1513 5214 loueia
1529 5152 1675 5230 speciosa
1690 5164 1796 5225 snper·

437 5239 500 5302 doio
531 5238 679 5302 delabitur
708 5241 837 5318 eorporis
867 5240 1023 5313 luminosi,
1053 5237 1101 5302 rel
1128 5241 1156 5302 ai
1177 5241 1304 5304 maxime
1326 5240 1415 5300 etiam
1437 5255 1475 5304 ιι
1497 5237 1642 5319 profundo
1663 5235 1794 5316 eorporis
