4459 6275
532 762 597 827 itu
893 726 899 738 ¹
1025 760 1176 832 lipitomcr
1193 761 1383 820 Aruouumiau

419 996 422 1005 ,
532 935 768 1016 aequinoctialia,
791 939 852 999 auie
874 945 1036 1017 aequantur
1050 941 1280 1018 ascensionibus,
1304 948 1385 1004 extra
1408 940 1683 1023 quidempolarem,
1703 942 1760 1007 ubi
1774 942 1883 1007 modia·

531 1031 608 1086 tatur
636 1024 692 1086 bue
715 1033 837 1104 poaeunt
858 1025 1033 1101 accendere,
1063 1027 1163 1090 nullae
1186 1037 1337 1108 praeterea
1358 1027 1553 1108 undecunque
1575 1030 1726 1111 inceptae,
1755 1033 1882 1111 inqua·

532 1127 648 1189 cunque
670 1114 816 1190 punitione
839 1112 980 1192 sphaerae
1002 1114 1133 1193 obliqua.
1358 1166 1361 1171 .

620 1200 774 1279 Cumpuru
802 1203 893 1260 cuum
921 1209 1074 1278 uunneniu
1101 1202 1214 1262 burum
1243 1202 1437 1262 medietatum
1469 1206 1693 1281 principaliter
1722 1222 1796 1266 m
1823 1208 1885 1266 ιώ

530 1284 660 1362 obitque
680 1287 912 1363 munibat.
955 1288 1063 1349 Nullus
1085 1306 1170 1352 arcuo
1191 1289 1343 1368 eclipticae
1365 1292 1459 1350 minor
1472 1291 1665 1366 remicirunlu,
1686 1308 1788 1370 neque
1805 1301 1884 1353 arua

786 1381 842 1476 ‘m
856 1422 890 1468 et
1154 1380 1297 1457 tropicum
1316 1392 1411 1454 nequo
1425 1379 1582 1439 inuuranm
1595 1379 1743 1457 nequead
1757 1378 1885 1441 meh

1154 1465 1230 1523 inter
1261 1466 1403 1545 tropicum
1433 1471 1464 1526 ut
1496 1473 1699 1543 aequaturum,
1738 1472 1885 1545 roqueta

1059 1620 1061 1625 ¹
1154 1566 1226 1612 eoae
1253 1551 1417 1612 aaueurioni
1449 1551 1598 1630 obliquae
1641 1554 1670 1612 A
1690 1552 1794 1633 medio
1816 1570 1884 1615 reru

1153 1636 1219 1698 luco
1248 1639 1323 1699 inter
1350 1639 1494 1718 bopbnm
1522 1649 1553 1705 ct
1572 1648 1766 1716 aequaturum
1791 1658 1885 1720 urqur

1153 1723 1191 1784 ad
1213 1733 1411 1802 aequaturum,
1434 1724 1522 1787 ductu
1537 1726 1647 1788 ennio
1663 1726 1718 1789 VE
1732 1728 1883 1791 bitom

1152 1810 1293 1889 angulum
1331 1810 1484 1892 ecliptiuac
1520 1822 1551 1875 et
1586 1818 1758 1892 aequaturi·
1796 1813 1883 1893 otu,

1152 1898 1271 1976 quando
1301 1902 1329 1958 iu
1358 1899 1435 1960 banc
1463 1909 1605 1962 uectorem
1638 1909 1741 1964 ruta:
1771 1902 1881 1979 inuidit,

1152 1985 1231 2062 quod
1255 1986 1288 2046 flt
1309 1987 1393 2046 initio
1415 1989 1505 2048 remei
1528 1986 1609 2070 (tuuc
1631 2005 1672 2050 ru.
1694 2004 1763 2051 eum
1789 2006 1883 2070 parc·

1150 2081 1214 2134 tum
1250 2072 1406 2135 eoletitialc
1442 2074 1534 2135 altum
1573 2074 1727 2157 culminat)
1760 2078 1881 2157 propina

1151 2167 1342 2239 aequaturum
1364 2161 1418 2234 bie,
1442 2169 1512 2223 tuuc
1532 2180 1604 2224 cane
1624 2163 1749 2237 accidit,
1779 2172 1816 2225 ut
1836 2182 1882 2226 ar·

1151 2247 1366 2327 cnecrlipticae
1381 2245 1443 2321 EO,
1465 2249 1714 2328 abaequinoctio
1737 2252 1880 2330 inceptae,

1151 2343 1293 2412 aequetur
1320 2337 1485 2396 aecenrloni
1514 2354 1587 2398 uuae
1614 2336 1755 2415 obliquae
1777 2336 1833 2415 EQ
1853 2346 1881 2401 et

1151 2424 1194 2483 ric
1215 2424 1244 2480 iu
1267 2422 1326 2483 buu
1346 2439 1416 2483 oaru
1439 2422 1611 2485 medietateu
1625 2425 1803 2487 circulorum
1823 2428 1881 2504 uui·

1150 2510 1262 2570 mariae
1282 2497 1420 2571 amuntul
1434 2511 1472 2572 ab
1494 2511 1644 2573 horizonte
1666 2512 1696 2571 iu
1718 2520 1879 2591 eegmmta,

1150 2597 1221 2657 bina
1234 2612 1348 2676 temper
1369 2601 1549 2659 contermina
1563 2598 1711 2677 aequalia.
1757 2600 1797 2661 lit
1811 2599 1881 2662 itaet

1151 2691 1303 2761 tegmenta
1332 2692 1402 2745 auut
1431 2684 1462 2744 in
1492 2688 1557 2765 ipro
1586 2685 1683 2746 medio
1709 2684 1780 2749 loco
1809 2689 1881 2749 totu

528 2775 672 2853 tropicum
693 2780 724 2834 et
745 2777 935 2851 aequaturum
950 2769 1136 2848 quadranter,
1160 2770 1191 2829 id
1205 2779 1250 2832 eet
1271 2771 1341 2832 bina
1355 2773 1586 2851 uniuscujuaquu
1607 2773 1709 2835 circmi
1724 2773 1881 2852 aequaltaq

526 2878 630 2923 cernua
652 2868 840 2940 aequatorcm
862 2867 931 2919 aunt
952 2858 1120 2936 inaequalia
1142 2860 1235 2935 megia
1257 2860 1418 2936 magirqne.
1570 2920 1574 2929 ,

619 2945 1880 3028 ουωυανίεωϋεονίωνρσῶυᾱεωῳήαηω,ἰηωωρωαϋωιωωιὼ-

525 3053 603 3098 num
625 3036 819 3114 cuiqnam
841 3052 912 3095 oum
933 3032 1042 3093 rema?
1075 3035 1102 3092 i.
1125 3032 1206 3093 Inter
1227 3042 1417 3110 aequaturum
1438 3040 1468 3095 et
1489 3032 1619 3113 polorum
1634 3051 1750 3095 ramma
1772 3050 1878 3097 meru·

527 3127 643 3186 aionum
665 3132 818 3197 rectarum,
841 3139 917 3200 quau
938 3120 1048 3182 hebent
1070 3121 1197 3202 oppositi
1220 3120 1278 3180 duo
1301 3139 1385 3182 arcuo
1400 3120 1549 3199 acqualea,
1573 3130 1619 3183 eat
1633 3122 1794 3184 diutributa
1807 3125 1879 3185 lut«

526 3211 683 3274 eorundem
713 3213 899 3272 mcanriunee
926 3208 1071 3288 obliquae.
1123 3209 1185 3268 Sub
1215 3208 1310 3287 polari
1340 3225 1417 3269 unne
1443 3212 1643 3290 oppositorum
1671 3209 1764 3272 babet
1793 3209 1875 3284 nibil,

527 3299 601 3360 alter
623 3309 733 3373 totum,
755 3298 812 3359 buc
835 3306 880 3358 eat
900 3314 1044 3357 nummum
1066 3303 1095 3356 et
1117 3312 1189 3357 uuae
1212 3304 1241 3356 et
1262 3298 1308 3355 eni
1331 3298 1457 3376 oppeciit
1481 3313 1565 3357 arcuo
1587 3301 1793 3358 accensionum
1816 3313 1878 3360 rce-

393 3447 399 3461 ,
526 3396 630 3462 tarum,
653 3386 771 3465 duplam
794 3404 834 3445 eo.
858 3386 1058 3447 moenaionem
1081 3382 1232 3459 obliquam
1253 3392 1357 3444 rectae.
1401 3384 1483 3445 Intra
1497 3385 1627 3462 polarem
1642 3401 1728 3445 mune
1751 3388 1877 3448 oriente·

528 3473 629 3534 urdine
650 3480 730 3534 rectu
752 3490 811 3533 uon
834 3479 946 3533 tantum
970 3470 1090 3551 duplum
1111 3470 1222 3531 habent
1242 3487 1314 3531 uuae
1337 3473 1516 3532 accensionis
1538 3479 1651 3551 rectae,
1680 3471 1733 3532 red
1760 3473 1879 3552 inanum

528 3558 641 3621 addunt
662 3562 862 3621 auceuaionum
885 3560 1033 3637 obliquum
1049 3574 1134 3617 arcuo
1157 3559 1284 3637 oppositi
1300 3565 1486 3637 praepostere
1509 3562 1635 3620 orientia.
1679 3559 1773 3619 Extra
1794 3561 1879 3640 uola-

528 3665 589 3708 rem
621 3649 710 3725 igitur
737 3666 756 3708 a
785 3663 899 3707 eumuna
928 3648 1131 3707 accensionum
1163 3647 1314 3721 utriusque
1342 3653 1485 3706 rectarum
1507 3646 1607 3706 ablata
1635 3649 1723 3707 nuiua
1746 3650 1878 3709 aarum

524 3741 612 3810 recta,
635 3736 691 3796 cub
713 3734 807 3815 pelori
830 3733 961 3794 ablatum
983 3732 1064 3807 nibil,
1088 3731 1221 3792 additum
1243 3732 1324 3791 nilril.
1369 3732 1450 3794 Intra
1471 3733 1601 3812 pularom
1619 3732 1723 3795 addita
1745 3735 1878 3796 mecurio

528 3822 650 3902 obliqua
676 3830 862 3902 praepostere
893 3823 1011 3882 orientis
1044 3822 1196 3881 cunatituit
1223 3818 1371 3896 obliquam
1399 3823 1599 3882 ascentionum
1628 3838 1714 3881 arcuo
1744 3821 1877 3901 uqoattr

526 3928 543 3971 o
585 3912 663 3971 oriri.
1711 3915 1719 3922 ·

545 3927 583 3991 pp
612 4002 641 4059 i.
671 3998 752 4057 lutra
775 3998 913 4075 tropicon,
935 3994 1051 4072 quando
1075 3996 1209 4074 ecliptica
1232 4012 1282 4073 per
1305 3994 1442 4054 verticem
1464 3996 1582 4068 babuit,
1612 3995 1704 4073 partie
1726 3995 1817 4056 uuinr
1839 3993 1875 4057 du

526 4083 687 4163 quadrante
708 4085 841 4146 mencio
863 4091 952 4156 recta,
976 4082 1095 4142 alteriue
1118 4081 1238 4159 obliqua
1252 4082 1446 4161 compositae,
1469 4080 1660 4158 quadrantem
1675 4089 1705 4142 et
1727 4084 1795 4160 ipra
1813 4081 1876 4142 cid-

525 4176 614 4232 ciuut.
660 4170 701 4233 Ut
729 4174 753 4232 ei
783 4173 813 4229 in
836 4170 983 4231 schemate
1012 4170 1144 4248 proximu
1173 4187 1231 4229 nun
1255 4169 1283 4225 V
1305 4167 1358 4229 aed
1381 4170 1407 4227 ii
1431 4178 1509 4229 creet
1538 4176 1656 4239 vertex,
1687 4176 1717 4228 et
1740 4167 1797 4246 ΑΩ
1817 4171 1877 4247 jaer

524 4257 669 4340 ecliptica,
691 4256 748 4319 VO
770 4266 923 4337 aequatur.
966 4256 1050 4317 'lunc
1072 4259 1150 4317 enim
1171 4259 1244 4316 iuter
1261 4256 1346 4316 ΗΑΒ
1367 4254 1558 4317 meridianum
1581 4265 1611 4318 et
1633 4255 1718 4332 fluit
1740 4256 1877 4318 buriacu-

525 4354 583 4407 tom
607 4349 781 4425 interceptus
804 4354 848 4407 eet
870 4342 1017 4423 quadrans
1040 4344 1193 4423 eclipticac
1217 4342 1285 4420 ΑΩ,
1307 4360 1366 4402 nun
1389 4345 1485 4402 minua
1507 4359 1595 4421 qnam
1618 4343 1789 4420 aequatorir
1812 4341 1876 4418 VO,

525 4435 580 4493 etat
603 4432 762 4495 cardinalia
784 4443 893 4511 puncta
914 4449 972 4491 non
988 4431 1140 4492 inciderint
1155 4434 1183 4489 in
1199 4430 1254 4491 boe
1269 4430 1400 4491 cuculus.
1433 4430 1532 4508 Ipaiue
1554 4429 1707 4508 igiturEQ
1722 4447 1785 4492 aec.
1802 4429 1877 4492 onti-

525 4537 586 4598 qua
616 4519 682 4595 ΕΟ,
716 4529 746 4581 ct
777 4521 980 4600 complementi
1010 4519 1061 4579 En
1095 4521 1228 4580 aeceuriu
1255 4525 1334 4579 recta
1361 4517 1414 4577 EV
1446 4522 1608 4596 compotita
1640 4518 1752 4579 iaciunt
1785 4517 1878 4597 quad·

524 4615 637 4670 rantum
659 4606 726 4668 VO.
1812 4667 1815 4672 ,

618 4693 702 4754 Unde
722 4698 878 4756 innoteroa't
898 4694 984 4755 nudie
1006 4694 1147 4770 anquina,
1171 4710 1231 4769 qaeu
1245 4699 1324 4751 eccui
1338 4692 1473 4769 ecliptico
1487 4687 1749 4773 boriauniemi⁸⁴)
1771 4692 1878 4754 Conci·

427 4841 430 4846 .
524 4781 663 4861 piendum
686 4791 730 4843 ert
751 4783 930 4860 triangulum
946 4781 1034 4841 viiii
1059 4789 1130 4848 (lig.
1148 4785 1194 4851 40)
1215 4782 1289 4840 inter
1304 4779 1331 4837 V
1349 4781 1495 4851 verticem,
1518 4779 1545 4839 N
1566 4780 1790 4857 nunageeimum
1812 4797 1880 4857 qra-

524 4870 593 4932 dum
609 4869 761 4948 eclipticae
775 4871 814 4929 ab
830 4869 893 4945 ejnr
910 4871 1019 4929 edente
1035 4865 1138 4944 gradu,
1161 4874 1191 4927 ct
1212 4868 1287 4927 inter
1301 4875 1440 4946 punctum
1458 4867 1589 4945 ejurdem
1604 4867 1645 4938 Μ,
1656 4867 1750 4944 'quod
1765 4868 1877 4928 mum

524 4955 643 5020 mediat.
689 4957 722 5017 lu
746 4957 803 5017 boc
818 4955 967 5034 triangulo
989 4958 1082 5034 primu
1098 4957 1292 5030 investigatur
1314 4954 1391 5015 latua
1406 4955 1435 5013 in
1455 4953 1589 5033 ecliptica
1602 4954 1671 5028 tiit,
1693 4955 1770 5014 inter
1785 4971 1877 5016 nune·

524 5049 667 5123 gerinum
697 5052 726 5104 et
754 5044 954 5104 meridianum.
999 5043 1185 5102 Dato·enim
1217 5042 1370 5119 eclipticae
1399 5053 1506 5119 punctu
1539 5044 1666 5113 oriente,
1698 5040 1786 5102 datur
1815 5043 1876 5118 elur

524 5136 658 5193 mecurio
682 5131 811 5210 obliqua,
835 5147 853 5190 a
876 5149 935 5207 qua
956 5136 1127 5189 numeratur
1150 5129 1297 5207 quadrant
1319 5137 1405 5200 retro,
1428 5129 1524 5206 prodit
1545 5131 1747 5189 uocationem
1769 5140 1875 5190 manu

524 5220 612 5282 medii
635 5211 720 5281 coeli.
764 5217 845 5278 Data
867 5216 931 5295 bac,
953 5215 1040 5277 datur
1061 5218 1149 5277 ctiam
1171 5225 1313 5297 pennum
1336 5216 1487 5295 eclipticae
1507 5214 1551 5293 it,
1574 5216 1653 5293 quud
1676 5215 1793 5280 coelum
1814 5231 1875 5278 me
