4459 6275
886 791 970 855 Liber
986 791 1106 846 Tertius.
1143 791 1210 848 Pars
1229 789 1340 860 Quane
1435 841 1440 850 .
1649 876 1654 887 Ι
1725 792 1789 852 26³1

417 942 575 1044 'necdum
597 975 629 1029 et
650 969 679 1026 in
703 984 804 1029 eorum
819 967 916 1029 medlo
939 969 1073 1031 lruuutur
1086 971 1339 1046 aequinoctiorum
1363 967 1496 1028 binorum
1513 972 1681 1044 conspectu,
1703 983 1792 1043 pree·

413 1065 476 1117 'tur
497 1055 660 1118 solstitium
682 1057 838 1117 aestiuum.
884 1057 925 1116 At
947 1057 1100 1117 hibernum
1123 1057 1297 1128 solstitium,
1321 1072 1373 1115 seu
1396 1053 1475 1114 Solis
1496 1055 1527 1112 in
1549 1056 1677 1114 maxims
1699 1053 1792 1113 decli·

432 1144 564 1203 natione.
577 1141 740 1203 meridiana
762 1145 948 1203 consistentis
965 1145 1201 1217 observationem
1223 1144 1315 1220 longa
1335 1143 1393 1201 illis
1415 1158 1473 1201 nox
1495 1150 1526 1202 et
1541 1140 1635 1203 terr'ae
1657 1141 1790 1219 glacialis

433 1230 554 1291 horizon
578 1228 760 1308 superiectas
783 1231 932 1291 occultent
953 1241 982 1291 et
1005 1233 1141 1308 eripiunt.
1189 1232 1225 1291 Et
1240 1232 1345 1292 aestivi
1367 1228 1484 1306 quidem
1500 1229 1620 1290 solstitii
1643 1229 1701 1287 duo
1724 1237 1793 1288 sunt

432 1325 617 1394 argumenta,
640 1310 767 1378 alterum
788 1320 816 1375 in
839 1318 969 1392 meridie,
992 1321 1016 1378 si
1040 1319 1092 1378 Sol
1112 1319 1174 1395 jam
1198 1335 1255 1378 noa
1279 1317 1365 1378 altior
1387 1317 1439 1376 fiat
1461 1334 1550 1394 quarn
1573 1315 1678 1394 pridie,
1713 1314 1790 1376 alte-
1885 1318 1890 1326 “

432 1422 496 1465 rum
516 1404 550 1464 in
574 1406 711 1484 opposita
732 1404 792 1465 diei
813 1413 903 1484 parte,
927 1423 1004 1483 quae
1025 1415 1143 1466 nostras
1167 1405 1325 1484 respondet
1346 1403 1460 1464 mediae
1475 1405 1563 1478 nocti,
1586 1405 1611 1463 si
1627 1401 1678 1464 Sol
1703 1406 1791 1463 etism

432 1502 505 1553 tunc
528 1495 734 1553 consistentem
756 1507 849 1569 prope
872 1493 1058 1554 nanciscatur
1081 1494 1282 1567 altitudinem,
1307 1508 1442 1572 quaeque
1465 1499 1533 1552 ante
1556 1498 1675 1569 etpost
1697 1494 1792 1550 minor
1881 1488 1883 1493 ’

435 1577 681 1651 deprehendatur.
864 1655 867 1662 Ι

523 1666 587 1727 Sub
609 1664 689 1743 polo,
712 1666 762 1742 qui
784 1654 1015 1728 medius'sonae
1037 1666 1161 1745 frigidae
1183 1669 1258 1728 situs
1282 1673 1341 1741 est,
1375 1667 1490 1727 unicum
1514 1682 1628 1726 rursum
1650 1664 1738 1744 idque
1762 1668 1790 1724 in

434 1760 499 1813 tota
521 1752 784 1814 circumvolutione
805 1752 933 1813 Telluris
956 1754 1140 1815 observabile
1163 1763 1208 1816 est
1230 1753 1406 1827 solstitium,
1429 1757 1494 1814 sine
1515 1754 1680 1814 discrimine
1703 1754 1791 1813 merl·
1841 1748 1844 1761 “

435 1840 495 1900 diei
517 1840 567 1902 vol
589 1839 703 1900 mediae
725 1838 830 1900 noctis.
876 1841 938 1901 Nec
960 1843 1036 1901 eninr
1059 1842 1147 1901 altior
1168 1850 1213 1903 est
1235 1842 1293 1900 illis
1315 1840 1366 1901 Sol
1390 1858 1449 1902 una
1477 1842 1549 1901 liora
1577 1858 1664 1917 quam
1688 1840 1789 1913 altera,

436 1943 493 1989 nce
515 1928 621 2007 plagas
642 1926 812 2000 Terramm,
847 1937 879 1986 ut
901 1945 970 2000 nos,
999 1929 1036 1988 ad
1060 1930 1138 1989 Solis
1161 1930 1347 2005 siderumque
1375 1936 1485 1989 motum
1509 1928 1690 2004 discernunt,
1719 1931 1793 2007 perit

434 2013 515 2092 apud
538 2017 619 2094 ipsos
641 2017 736 2074 omnis
760 2015 931 2075 vicissitudo
955 2015 1065 2076 dierum
1089 2025 1119 2076 et
1141 2019 1269 2077 noctium
1284 2019 1467 2089 nostratium,
1490 2016 1572 2076 nulla
1586 2017 1792 2093 aequinoctio·

434 2119 501 2160 rum
513 2104 701 2175 estsclentia,
717 2101 799 2161 nulla
808 2102 925 2161 solstitii
938 2103 1066 2183 hiberni,
1090 2103 1167 2165 idem
1179 2114 1224 2164 est
1239 2105 1310 2181 ipsis
1326 2102 1397 2177 dies,
1414 2102 1494 2180 quod
1508 2111 1615 2178 aestas,
1632 2103 1709 2163 idem
1723 2118 1791 2176 nox,
1836 2148 1839 2155 r

435 2189 518 2266 quod
546 2190 658 2263 hiems,
689 2191 822 2249 semestri
850 2197 1004 2266 utrumqne
1027 2190 1226 2267 longitudine,
1260 2190 1337 2251 Solis
1365 2192 1396 2249 in
1418 2189 1515 2251 medio
1538 2192 1659 2251 aestatis
1682 2198 1712 2250 et
1734 2188 1791 2250 dici

435 2270 684 2350 rantaaltit'udo,
707 2283 819 2352 quanta
840 2277 946 2337 Italiae
969 2281 998 2335 in
1021 2277 1119 2339 media
1141 2279 1247 2339 hieme.
1293 2279 1367 2338 Gom
1381 2294 1443 2338 -nos
1467 2279 1608 2339 habemus
1631 2279 1793 2354 aequinoc-

435 2366 526 2438 tium,
555 2363 612 2425 hoc
641 2371 686 2424 est
714 2380 780 2423 curn
807 2366 893 2422 nobis
915 2365 966 2424 Sol
996 2364 1116 2424 dimidio
1140 2367 1198 2426 diei
1221 2366 1363 2426 naturalis
1386 2374 1486 2426 manet
1511 2367 1703 2443 conspicuus,
1735 2365 1792 2441 ipsi

436 2450 625 2511 dimidiatum
646 2449 725 2510 Solis
748 2467 853 2527 corpus
886 2454 1084 2528 conspiciunt:
1118 2455 1143 2512 si
1166 2462 1263 2514 tamen
1290 2448 1529 2516 aeris'retreetio
1552 2456 1680 2514 rationes
1704 2450 1793 2512 lmsce

435 2530 496 2598 nou
520 2540 628 2598 turbat.
674 2537 913 2599 Consentaneum·
940 2542 1016 2599 enim
1040 2541 1160 2614 estiis,
1189 2558 1265 2618 quse
1289 2540 1428 2603 Hellandi
1459 2544 1487 2598 in
1511 2557 1586 2599 zona
1607 2537 1714 2617 iriglda
1736 2539 1794 2599 ob·
1908 2607 1910 2610 ,

436 2632 615 2699 serramut,
636 2641 726 2701 saepe
749 2625 825 2699 lieri,
855 2634 888 2685 ut
910 2625 977 2699 Sol,
1012 2631 1147 2704 quamvis
1170 2627 1321 2701 australis,
1354 2629 1381 2684 in
1405 2636 1485 2687 certa
1508 2626 1607 2703 aliqua
1635 2626 1793 2686 lroriaontis
1847 2658 1852 2669 ·

437 2713 528 2790 plaga
550 2711 651 2794 (quam
673 2713 821 2771 montibus
844 2713 1046 2773 tantummodo
1069 2722 1175 2775 notent
1193 2733 1312 2776 necesse
1336 2713 1392 2790 est)
1425 2713 1471 2774 vel
1495 2717 1583 2774 ctiam
1608 2717 1635 2772 ln
1658 2713 1793 2790 pluribus

435 2800 552 2878 plagis,
581 2799 690 2864 incidat
712 2803 740 2857 in
764 2803 988 2876 evaporationes
1010 2801 1136 2860 'l'elluris
1159 2811 1305 2875 recentes,
1337 2800 1433 2863 adbuc
1455 2801 1633 2883 pellucidae,
1663 2801 1793 2862 nondum

436 2887 552 2948 scilicet
573 2887 730 2964 frigoribus
761 2887 901 2960 domitas,
930 2906 1039 2965 perque
1067 2888 1256 2949 illos'radios
1285 2890 1424 2950 retractos
1447 2890 1545 2949 subito
1573 2907 1605 2949 se
1628 2891 1740 2966 ingerat
1763 2890 1792 2946 in
1888 2872 1896 2897 ⁸

437 2982 645 3052 conspectum,
674 2975 837 3050 iterumque
865 2973 1122 3049 ‘revoluta'l'erra
1143 2984 1172 3036 et
1199 2979 1321 3037 sicciore
1350 2976 1448 3054 plaga·
1468 2976 1600 3052 objecta,
1634 2976 1792 3053 dispareat.

437 3061 589 3139 Quantum
612 3068 710 3122 autem
732 3062 837 3138 glaciei
860 3063 1030 3140 niviumque
1053 3081 1104 3140 per
1127 3066 1270 3141 integrum
1294 3072 1431 3124 semestre
1454 3064 1604 3125 absentiae
1627 3063 1707 3124 Solis
1729 3062 1792 3122 col-
1824 3108 1828 3118 ,

438 3150 558 3226 ligatur,
582 3151 760 3227 quantavis
783 3152 821 3208 sit
844 3150 922 3210 illius
944 3150 1077 3223 hiemis,
1094 3151 1214 3219 cuilibet
1237 3152 1321 3212 lacile
1345 3160 1389 3213 est
1412 3154 1577 3228 aestimare,
1602 3159 1631 3213 et
1653 3150 1793 3212 Hellandi

438 3235 573 3297 nonnulli
590 3240 619 3295 in
635 3254 695 3296 rem
719 3246 901 3312 praesentem
917 3247 1068 3297 venerunt.
1114 3240 1159 3298 Ac
1181 3242 1235 3300 etsi
1250 3240 1358 3316 lrigora
1370 3239 1454 3300 ‘haec
1468 3239 1588 3300 'l'erram
1603 3240 1793 3299 incrustantie

436 3342 496 3384 uon
518 3332 674 3402 penetrant
696 3326 833 3384 interiora
856 3325 920 3412 eJ‘ps
943 3328 1076 3397 viscera,¹
1102 3328 1157 3385 etsi
1181 3326 1271 3387 Terra
1294 3330 1371 3387 intus
1395 3327 1519 3393 naturali
1542 3326 1682 3408 facultate
1704 3326 1794 3405 calet,

437 3416 493 3471 etsi
516 3410 569 3471 Sol
597 3429 736 3491 praesens
762 3419 825 3472 toto
848 3415 981 3472 semestri
1002 3412 1186 3490 glaciemque
1216 3416 1426 3475 circumvectus
1453 3410 1646 3491 aequabiliter
1668 3429 1792 3489 eamque
1873 3415 1877 3422 '

437 3517 474 3559 ex
497 3500 578 3559 omnl
601 3498 844 3571 laterelsmbeas,
867 3498 984 3577 liquans
1006 3509 1096 3575 atque
1119 3517 1303 3573 consumens,
1328 3501 1440 3579 aliquid
1456 3519 1528 3562 sans
1550 3501 1664 3580 prolicit
1685 3500 1723 3561 ad
1740 3499 1793 3560 de·

440 3584 608 3663 pellendam
630 3585 772 3664 hiemem,
796 3594 892 3646 tamen
916 3586 1012 3646 adhuc
1033 3597 1189 3664 supersunt
1211 3592 1293 3650 venti
1316 3590 1423 3667 frigidi.
1438 3607 1474 3648 ex
1496 3589 1688 3664 circumjectis
1710 3589 1792 3660 loeis,

434 3672 525 3736 solari
550 3669 783 3734 tractui'vicinis
806 3673 869 3750 (nbi
883 3676 928 3732 vis
950 3673 1062 3751 glaciei
1078 3676 1195 3753 rnajor),
1218 3679 1372 3753 spirantes,
1395 3678 1445 3756 qui
1469 3676 1526 3736 boe
1548 3678 1692 3737 aestivum
1715 3674 1793 3735 Solis

436 3779 515 3838 opus
537 3775 596 3819 non
618 3777 722 3837 parum
745 3760 908 3837 impediunt
929 3764 1044 3836 quoties
1066 3764 1198 3838 perflant.
1686 3804 1690 3813 -

416 3887 420 3894 .
525 3847 631 3924 ltaque
653 3850 893 3907 utsummariam
917 3849 1064 3924 quondam
1087 3852 1335 3925 comparationem
1360 3852 1563 3911 instituamus:
1588 3852 1616 3909 in
1640 3865 1715 3910 sona
1730 3858 1791 3908 tor-

434 3935 501 3996 rida
524 3942 622 3995 aestas
645 3930 826 4007 dominatur,
851 3938 879 3993 ia
903 3935 1023 4011 frigidis
1038 3937 1131 3995 hiems
1153 3954 1245 4014 prope
1269 3941 1425 4011 continua,
1454 3941 1483 3997 in
1506 3939 1675 4015 temperatis
1698 3953 1793 4013 quae-

435 4023 504 4083 dam
528 4025 680 4099 utriusque
703 4031 749 4082 est
770 4022 953 4096 vicissitudo,
977 4023 1142 4099 aequabilis
1165 4026 1194 4082 in
1217 4023 1324 4099 medio,
1349 4025 1386 4087 ad
1409 4024 1502 4086 latera
1527 4027 1615 4085 vincit
1629 4025 1793 4102 proprietas
1880 4077 1885 4086 .

434 4118 530 4171 sonae
553 4111 668 4183 vicinae
691 4110 812 4172 tributa.

528 4197 632 4275 Ουαπι
647 4197 808 4258 mereant
821 4199 990 4257 mtroaomi
1011 4197 1216 4274 differentiam
1236 4198 1422 4258 umbrorum
1443 4201 1524 4258 inter
1538 4199 1655 4259 zonas?
1675 4198 1793 4263 lneoles

434 4284 563 4346 torridae
578 4300 671 4347 sonae
685 4284 819 4344 dictitant
834 4282 998 4361 dprpromae,
1022 4284 1190 4362 frigidarum
1207 4307 1359 4363 neptuniae,
1374 4287 1599 4364 temperaturum
1616 4283 1792 4366 desponsae:

437 4374 489 4447 ubi
511 4372 659 4450 particula
681 4369 756 4448 ἀμφι
777 4369 857 4431 valet
874 4369 952 4436 idem
974 4371 1053 4448 quod
1076 4373 1105 4431 in
1122 4389 1196 4432 voce
1218 4368 1396 4449 ἀμφιδεξιος.
1440 4374 1516 4434 Nam
1539 4377 1567 4431 in
1591 4390 1666 4433 aona
1683 4373 1793 4433 torrida

434 4460 547 4520 habent
562 4460 694 4518 umbram
709 4467 871 4535 utramque,
888 4459 944 4518 hoc
960 4460 1005 4519 es‘t
1017 4460 1148 4519 derbem
1163 4467 1192 4519 ct
1206 4461 1362 4533 sinistram,
1379 4463 1422 4519 sic
1437 4461 1638 4521 denominatas
1652 4479 1671 4521 a
1686 4462 1792 4539 plagis,

434 4550 463 4607 in
486 4563 564 4625 quas
585 4548 697 4607 moveri
721 4554 884 4606 cernantur.
930 4545 995 4606 Hoc
1020 4547 1086 4605 vult
1105 4545 1242 4607 Lucanus
1265 4556 1362 4623 poeta,
1387 4564 1453 4607 eum
1476 4552 1555 4609 canit

699 4633 843 4709 Ignotum
866 4634 948 4700 uobis
970 4634 1085 4693 Arabes
1107 4637 1228 4693 venistis
1249 4635 1408 4696 inordem

494 4793 500 4804 ⁵
705 4719 834 4780 Umbros
855 4724 963 4779 mirati
983 4738 1145 4781 aemorum
1167 4735 1231 4781 noa
1252 4725 1297 4781 irc
1318 4724 1465 4781 sinistras

524 4807 639 4868 Arabia
661 4810 737 4867 enim
760 4807 830 4868 lelix
853 4810 910 4867 sita
933 4814 977 4867 est
999 4810 1028 4865 in
1050 4825 1127 4867 sona
1150 4808 1274 4890 torrida,
1310 4810 1358 4868 ubi
1380 4807 1433 4867 Sol
1455 4825 1513 4867 non
1537 4807 1649 4869 teritum
1671 4812 1701 4869 ia
1716 4807 1792 4887 'sep-

433 4893 611 4976 tentrionem
633 4896 750 4972 projicit
771 4898 890 4955 umbras
913 4898 940 4953 in
964 4894 1090 4956 solstitio
1113 4894 1248 4970 brumali,
1272 4896 1330 4954 sed*
1348 4897 1434 4957 etiarn
1459 4898 1488 4954 iu
1504 4903 1644 4970 austmm,
1668 4900 1696 4956 in
1719 4913 1792 4957 oon·

434 4986 524 5045 burlo
548 4982 684 5043 solstitio.
729 4981 803 5041 Cum
825 4985 915 5059 igitur
937 4983 1040 5042 umbra
1061 4992 1165 5060 pergat
1189 4984 1264 5043 vlam
1281 4983 1343 5042 Soli
1366 4984 1549 5057 contrariom,
1573 4983 1643 5045 Sole
1658 5001 1699 5043 sc.
1725 5002 1792 5042 ver·
1865 4969 1868 4976 ’
1916 5001 1918 5005 ·

435 5089 487 5131 sus
515 5086 656 5131 occasum
685 5077 837 5150 promoto,
869 5073 934 5146 ipsa
957 5069 1059 5129 tendat
1081 5069 1119 5128 ad
1152 5076 1262 5131 onum:
1296 5086 1366 5146 ergo
1389 5073 1532 5146 spectanti
1555 5088 1639 5131 suam
1661 5070 1794 5131 umbram

435 5156 674 5237 septentrionalis
708 5156 824 5234 quidem
860 5159 1005 5216 videbitur
1039 5173 1143 5237 versus
1161 5158 1306 5218 dextram
1338 5173 1474 5233 pergere,
1510 5157 1598 5236 plane
1631 5166 1663 5216 ut
1694 5156 1791 5233 nobis,

436 5246 576 5309 amosiis
604 5261 675 5309 vero
703 5261 805 5309 versue
835 5247 996 5320 sinistram,
1026 5262 1086 5322 qua
1118 5245 1220 5309 umbra
1249 5262 1303 5308 uos
1335 5261 1476 5309 mmmus.
1516 5244 1607 5308 llam
1641 5261 1677 5306 er
1709 5248 1792 5307 nonis
