4459 6275
974 760 1069 817 .Iiber
1087 759 1234 830 Septimus.
1725 764 1787 827 m

431 941 536 1008 mules.
582 938 680 1016 Quare
706 932 735 997 'si
759 937 828 1015 quid
852 937 959 999 accidit
988 939 1057 1000 huic
1079 941 1128 1000 axi
1151 914 1300 1014 Telluris,
1321 956 1380 1016 quo
1403 936 1452 999 illc
1474 934 1529 999 suo
1553 941 1611 999 situ
1634 940 1789 1000 enormiter

433 1036 627 1100 emoreretur,
650 1026 681 1085 id
703 1026 758 1084 init
781 1028 856 1086 inter
877 1025 1078 1104 Hipparchum
1102 1035 1131 1088 ct
1146 1027 1359 1102 Ptolemaeum,
1382 1028 1510 1087 breviori
1533 1044 1620 1102 quam
1644 1028 1708 1087 300
1731 1043 1786 1087 au·

432 1132 537 1176 uorum
561 1117 674 1192 spatio,
697 1116 921 1191 restitutumque
945 1121 989 1174 est
1011 1117 1087 1174 iuter
1109 1114 1313 1175 Ptolemaeum
1335 1124 1365 1176 et
1385 1113 1535 1188 Proclnm,
1563 1117 1651 1174 trium
1673 1131 1788 1173 rursum

432 1203 599 1265 seculorum
634 1200 858 1276 intercapedine.
915 1198 1012 1276 Quare
1045 1219 1103 1260 nou
1135 1202 1242 1278 injuria
1274 1202 1311 1262 ds
1339 1201 1502 1262 Ptolemaei
1534 1201 1790 1263 observationibus
1887 1256 1890 1263 .

432 1290 687 1368 aequinoctiorum
710 1286 837 1348 dubitari
859 1297 967 1365 potest
1012 1288 1090 1349 Vide
1112 1288 1206 1366 Tych.
1232 1289 1341 1350 Brahei
1356 1288 1650 1368 ngymuasmatum
1665 1289 1751 1350 Tom.
1766 1287 1790 1347 Ι.

433 1377 487 1438 iol.
512 1378 587 1436 net.
617 1384 647 1437 et
669 1374 781 1435 Comm.
805 1375 909 1435 Martie
937 1394 1001 1452 cap.
1025 1375 1144 1439 LXIX.

526 1465 620 1524 Estrn
649 1463 801 1542 possibile,
835 1464 1043 1523 Ptolemaeum
1075 1481 1191 1524 errasse
1222 1467 1303 1525 eirca
1331 1464 1569 1525 cosemaumem
1602 1471 1700 1523 certae
1733 1463 1792 1523 diei

434 1554 711 1630 aeqiaiuouicrum,
734 1559 762 1609 et
785 1551 959 1627 quommo?
979 1551 1041 1612 Nec
1064 1552 1094 1610 in
1118 1551 1273 1612 altitudine
1296 1553 1357 1628 poli
1374 1553 1491 1626 erravit,
1514 1558 1546 1610 ut
1569 1568 1645 1628 quae
1660 1550 1792 1628 pluribus

435 1639 622 1701 documentis
645 1646 690 1698 cst
712 1638 898 1713 confirmata,
931 1656 985 1699 uec
1008 1641 1038 1695 in
1060 1638 1214 1700 altitudine
1238 1637 1331 1714 Solis,
1363 1646 1396 1698 ut
1418 1655 1494 1715 quae
1524 1638 1670 1716 dependet
1692 1656 1710 1697 a
1731 1638 1793 1715 poli

435 1726 603 1789 altitudine.
646 1725 783 1785 Forsitan
807 1729 896 1802 igitur
917 1725 975 1786 hoc
998 1724 1039 1783 illi
1063 1726 1178 1801 accidit,
1202 1734 1235 1787 ut
1258 1744 1323 1788 cum
1347 1727 1401 1786 snb
1423 1727 1558 1803 Augusto
1582 1733 1660 1787 esset
1682 1726 1794 1786 abolita

438 1815 609 1876 observatio
632 1815 702 1873 anui
725 1814 916 1891 Aegyptiaci,
945 1813 1134 1873 Ptolemaeus
1157 1814 1219 1874 dies
1241 1816 1310 1874 anui
1333 1815 1509 1892 Aegyptiaci
1531 1831 1584 1890 per
1606 1813 1736 1886 Lunam,
1768 1815 1795 1870 sl

436 1902 475 1962 de
500 1902 585 1961 Luna
608 1909 752 1977 ageretur,
775 1901 823 1960 vel
846 1919 899 1977 per
920 1900 1020 1960 Solem
1043 1901 1165 1978 ejusque
1189 1900 1335 1962 caleulum
1357 1902 1396 1962 ab
1411 1900 1581 1978 Hipparcho
1605 1900 1745 1974 relictum,
1769 1902 1795 1959 sl

436 1989 474 2051 de
498 1989 576 2051 Solis
600 1989 806 2048 observatione
828 1994 971 2065 ageretur,
995 1991 1182 2064 quaesiverit,
1206 1988 1339 2066 neglecto
1355 1998 1425 2049 tuno
1448 2006 1591 2049 censensu
1608 1989 1794 2049 observatio·

436 2096 509 2137 uum
531 2076 633 2136 Lunae
661 2076 841 2152 nimiumque
865 2075 992 2135 confisus
1015 2074 1128 2135 calculo
1151 2076 1329 2154 Hipparchi,
1360 2077 1555 2152 existimavit,
1584 2076 1639 2136 sibi
1664 2075 1700 2135 dc
1722 2076 1795 2134 hora

438 2163 626 2252 solummodo
649 2163 797 2240 ingressas
822 2165 849 2221 iu
875 2163 909 2235 Υ
938 2162 1131 2223 laborandum
1155 2181 1229 2225 esse.
1264 2164 1340 2225 Nam
1365 2163 1532 2224 calendario
1548 2164 1691 2236 Romano,
1716 2161 1795 2238 qnod

438 2257 472 2312 in·
493 2253 631 2330 Aegypte
653 2267 772 2310 necesse
796 2258 857 2310 erat
880 2250 1047 2322 observari,
1070 2251 1160 2313 fidere
1182 2251 1370 2319 Ptolemaeus
1393 2269 1451 2310 rien
1475 2255 1584 2327 potnit,
1613 2254 1685 2326 qnia
1706 2253 1795 2310 etiam

438 2348 510 2419 post
532 2340 660 2415 Augusti
684 2340 892 2398 correctionem
916 2338 1092 2414 quaudoque
1121 2339 1183 2399 dies
1215 2357 1290 2400 unus
1313 2339 1350 2400 ad
1374 2338 1545 2416 pontificum
1566 2340 1719 2398 arbitrium
1741 2338 1798 2398 luit

441 2430 472 2487 in
496 2442 555 2486 uuo
579 2443 656 2485 amm
679 2434 810 2485 exemtus
834 2428 920 2502 inque
943 2428 1075 2503 sequenti
1099 2429 1261 2487 restitutus.
1305 2426 1383 2487 Vide
1406 2426 1571 2504 exemplum
1593 2429 1623 2485 iu
1645 2426 1741 2485 Dione
1765 2433 1796 2486 et

442 2531 581 2576 eausam:
605 2530 641 2572 ne
664 2511 735 2571 Idus
758 2515 787 2570 in
810 2512 956 2571 nundinas
979 2516 1165 2574 incurrerent.
1182 2507 1223 2592 ⁹⁴)

410 2634 413 2647 ·
530 2601 610 2676 Quid
637 2602 663 2657 si
686 2599 785 2659 Solem
817 2603 1002 2676 aequinoctii
1031 2601 1135 2661 diebus
1163 2604 1307 2662 orientem
1330 2601 1525 2674 obsuoasset,
1558 2602 1667 2677 eliqua
1697 2602 1797 2660 iocum

440 2691 607 2752 horizontis
626 2689 709 2762 iusto
730 2687 927 2748 borealiorem
941 2706 1000 2765 pro
1021 2696 1093 2748 ortu
1107 2689 1348 2765 aequinoctiali?
1369 2689 1453 2749 Tune
1466 2706 1537 2748 sane
1561 2689 1697 2749 omuibus
1715 2689 1800 2749 anuis

443 2794 567 2837 neruum
590 2777 808 2851 aequinoctium
832 2774 943 2834 tardius
962 2776 1053 2852 justo,
1077 2783 1109 2836 at
1131 2778 1261 2835 vicissim
1284 2776 1454 2836 autumnale
1478 2777 1559 2851 justo
1583 2777 1714 2836 uelocius
1738 2773 1802 2835 col·

442 2866 584 2942 legisset,
617 2861 686 2922 Sele
710 2861 812 2923 eodem
842 2880 878 2922 ex
900 2862 967 2923 loco
989 2863 1148 2922 horizontis
1172 2866 1293 2924 oriente.
1341 2863 1431 2941 Atqui
1454 2863 1510 2922 hoc
1533 2882 1591 2922 uon
1614 2872 1661 2923 est
1682 2863 1801 2924 iactum.
1864 2908 1868 2921 .

443 2952 636 3014 Ptolemaeus
662 2951 738 3010 enirn
767 2951 844 3008 iutra
868 2952 952 3009 nnius
976 2952 1046 3009 anui
1068 2953 1196 3027 spatium
1219 2959 1373 3027 utrumque
1397 2953 1612 3027 aequinoctium
1633 2951 1714 3026 Justo
1738 2949 1803 3011 die·

443 3058 510 3100 ruru
533 3039 690 3099 interstitio
714 3039 908 3114 corrsiguasit.
954 3037 1014 3096 Aut
1036 3040 1061 3096 si
1092 3037 1176 3099 loeus
1200 3041 1319 3100 orientis
1342 3038 1420 3097 Solis
1450 3040 1480 3096 in
1502 3056 1592 3098 veruo
1615 3039 1803 3114 aequinoctio

444 3128 552 3188 luisset
571 3125 652 3202 justo
675 3125 837 3200 borealior,
860 3125 942 3184 loeus
965 3124 1102 3202 equidem
1125 3127 1245 3188 omentis
1268 3125 1346 3188 Solis
1368 3127 1397 3184 iu
1421 3126 1583 3187 autumnali
1605 3133 1672 3204 post
1691 3125 1803 3203 justum

446 3214 636 3275 interstitium
658 3229 717 3272 nou
740 3213 842 3273 inisset
866 3213 951 3289 idern,
975 3213 1026 3273 sed
1050 3214 1214 3274 australior.

541 3299 675 3362 Concedo
697 3301 796 3361 toccum
814 3303 933 3374 iustum
955 3303 990 3359 in
1011 3301 1165 3362 homaonte
1186 3308 1311 3364 mtuum
1334 3302 1605 3378 aequinoctialium
1627 3302 1806 3364 ambonem:

446 3406 556 3451 annon
584 3389 728 3465 retractio
759 3389 931 3449 Ptolemaeo
960 3391 1093 3466 neclecta
1126 3389 1250 3450 turbare
1281 3388 1356 3465 quid
1385 3389 1508 3467 potuit?
1543 3388 1718 3450 Sustulisset
1751 3388 1803 3449 illa

447 3478 548 3540 Solem
580 3478 609 3534 in
642 3476 764 3535 'boream
802 3479 831 3534 in
864 3485 987 3552 utroque
1016 3479 1217 3553 aequinoctio,
1257 3478 1357 3553 itaque
1389 3476 1442 3537 Sol
1471 3476 1603 3537 velocius
1636 3479 1665 3536 iu
1691 3492 1804 3553 aequa·
1830 3525 1836 3534 ,

446 3577 510 3626 tore
542 3566 623 3623 visus
655 3571 732 3622 esset
754 3573 883 3643 tempore
914 3580 1018 3639 verno,
1052 3565 1164 3624 tardim
1191 3566 1222 3624 iu
1252 3563 1430 3639 autumnali,
1458 3572 1556 3624 aestas
1587 3564 1692 3624 inisset
1717 3572 1805 3625 aucta

448 3655 581 3713 nimium.
627 3650 810 3710 Contrarium
839 3652 995 3726 evenisset,
1022 3653 1047 3711 si
1076 3652 1172 3729 tinges
1202 3652 1374 3711 observatos
1403 3669 1468 3712 esse
1498 3667 1620 3711 occasus
1644 3654 1805 3728 aequiuoc-

450 3740 536 3801 tiales
562 3745 711 3815 utrosque.

547 3826 629 3905 Quid
651 3825 687 3883 de
708 3826 806 3885 seculo
828 3825 995 3885 Ptolemaei
1014 3826 1080 3901 flet,
1102 3828 1129 3884 si
1151 3827 1339 3884 astronomia
1362 3824 1434 3884 haec
1456 3824 1544 3884 aliud
1564 3826 1611 3883 illi
1630 3825 1808 3901 praeambit

454 3918 580 3975 initium
603 3913 733 3985 zodiaci,
761 3931 856 3989 quam
878 3916 941 3987 ipse
962 3921 1079 3971 secutus
1101 3920 1158 3986 est,·
1189 3915 1384 3970 nuncetiam
1406 3912 1808 3987 ipsiusahsereatieceteris
1898 3931 1903 3942 ¹

452 4003 589 4080 paudere
609 4001 799 4078 poterimus?
821 3998 1074 4074 Quemadmodum
1091 3998 1227 4058 insolitus
1243 4004 1272 4058 et
1293 4006 1530 4075 praetermorem
1545 4006 1705 4058 ceterorum
1721 4016 1807 4058 secu·

452 4092 549 4150 lorum
577 4089 631 4147 luit
659 4088 722 4164 eJus
749 4096 878 4166 tempore
908 4095 1065 4147 annotatus
1095 4085 1143 4147 vel
1170 4088 1258 4146 etiam
1287 4086 1460 4144 observatus
1495 4088 1642 4163 ingressus
1672 4085 1750 4146 Solis
1776 4088 1806 4143 iu

451 4180 539 4255 sigua
562 4173 797 4251 aequinoctialia,
821 4177 863 4233 sic
886 4176 973 4235 etiam
997 4183 1079 4235 extra
1100 4173 1232 4249 regulam
1255 4172 1294 4232 ad
1315 4172 1402 4231 fidem
1425 4175 1518 4251 ipsius
1535 4174 1755 4233 observatorum
1777 4175 1807 4230 in

453 4261 660 4326 antecedentia
682 4262 880 4340 reponendum
903 4265 957 4322 erit
978 4263 1015 4322 ad
1040 4263 1104 4339 eius
1127 4270 1260 4338 tempora
1280 4261 1454 4338 principium
1485 4260 1611 4322 zodiaci:
1643 4277 1702 4338 quo
1729 4262 1807 4320 iacto
1860 4307 1862 4314 .

453 4361 552 4414 cetera
575 4353 674 4410 omnia
695 4359 771 4410 recte
794 4349 952 4409 habebunt.

544 4438 707 4517 Quodnam
730 4446 771 4497 est
793 4437 885 4511 hujus
905 4437 1033 4513 fiduciae
1053 4436 1316 4515 fundamentum?
1337 4433 1416 4511 Quia
1438 4434 1570 4495 doctrina
1585 4435 1715 4495 theorica
1736 4450 1809 4494 cou-

450 4527 677 4605 junetionesqua
707 4525 835 4585 siderum
865 4527 940 4584 inter
967 4544 999 4585 se
1029 4525 1127 4586 doceri
1150 4526 1363 4600 eteomputari
1385 4530 1506 4600 possent
1528 4524 1617 4583 etiam
1645 4524 1707 4583 siue
1731 4515 1808 4582 omui

455 4616 624 4692 cognitione
657 4612 958 4673 dodecatcmoriorum
988 4612 1102 4672 zodiaci
1126 4628 1284 4687 eorumque
1307 4613 1455 4687 principii,
1488 4618 1589 4687 utpote
1612 4610 1691 4686 quod
1714 4609 1810 4669 solum

455 4704 610 4763 occasione
633 4709 730 4760 urotus
745 4700 853 4760 Terrae
871 4699 964 4759 diurni
980 4701 1174 4759 constituitur.
1214 4699 1319 4774 Itaque
1336 4698 1514 4774 Caperuicus
1538 4706 1566 4759 et
1589 4707 1720 4759 veterum
1733 4714 1810 4756 norr-

455 4790 529 4850 uulli
558 4788 727 4865 computare
758 4786 863 4847 docent
890 4787 958 4848 loca
979 4786 1178 4862 planetarum,
1212 4788 1295 4845 initio
1318 4793 1405 4864 capto
1427 4788 1562 4863 aprima
1585 4787 1725 4864 Arietis3'
1743 4793 1810 4843 tuuc

456 4877 574 4938 demum
593 4876 699 4952 jubent
721 4874 827 4936 addere
849 4877 1081 4952 praecessionem
1105 4875 1366 4951 aequinoctiorum,
1390 4882 1423 4932 ut
1443 4874 1526 4933 loeus
1542 4874 1685 4950 cujusque
1707 4870 1811 4930 sideris

457 4968 486 5024 in
511 4964 633 5026 zodiaco
655 4970 797 5041 patescat.

544 5051 632 5131 ¹(laid
658 5058 745 5110 uocat
776 5052 957 5126 Cepernicsu
979 5058 1095 5111 motum
1120 5050 1198 5110 Solis
1218 5050 1398 5127 simplicem,
1431 5047 1507 5124 quid
1526 5056 1642 5108 motum
1664 5048 1812 5122 compoti·

458 5142 551 5202 tum?
573 5137 704 5215 Simplex
726 5140 751 5199 is
774 5138 887 5212 dicitur,
911 5138 994 5214 errius
1017 5139 1132 5198 initium
1146 5140 1270 5197 sumitur
1291 5155 1310 5197 a
1332 5144 1439 5213 puncto
1460 5135 1528 5208 fine,
1552 5135 1664 5194 scillcet
1686 5135 1813 5210 aprima

458 5226 544 5290 atella
568 5227 691 5302 Arietis,
714 5244 733 5286 a
755 5243 815 5302 qua
835 5225 928 5304 ligura
950 5225 1019 5286 olim
1040 5227 1165 5304 primum
1187 5225 1300 5296 zodiaci
1324 5223 1589 5284 dodecatcmorium
1611 5222 1666 5283 init
1687 5222 1813 5299 iusigni-
