4459 6275
434 790 498 853 rto
595 783 597 788 ’
928 790 1070 862 Epitomes
1088 791 1280 848 ”bononias

433 965 586 1043 conjungi:
617 964 698 1027 ῆοιοῑ
721 967 824 1043 igitur,
847 977 879 1029 ut
901 969 976 1031 alter
996 970 1122 1032 alterum
1144 969 1306 1048 impediret,
1331 984 1385 1030 neo
1407 976 1530 1046 possent
1551 967 1670 1029 illorum
1692 974 1790 1029 motos

433 1071 498 1114 esse
527 1051 676 1131 regulares
706 1061 737 1114 et
764 1073 916 1132 perennes.
962 1057 1115 1137 Ceperniei
1143 1074 1213 1118 rere
1243 1063 1274 1117 et
1296 1058 1488 1117 vetustissimi
1511 1056 1678 1117 Aristarchi
1705 1058 1789 1129 ratio,

432 1141 558 1201 subnixa
580 1141 845 1218 observationibus,
869 1145 1004 1222 regiones
1026 1145 1209 1223 singulorum
1232 1145 1400 1221 ingentibus
1423 1143 1585 1205 intervallis
1610 1146 1686 1205 inter
1708 1161 1740 1204 se
1761 1152 1791 1203 et

432 1229 538 1289 elixis
560 1227 713 1289 distinctas
735 1247 801 1290 esse
824 1234 981 1292 convincit

524 1316 688 1394 Quodnam
709 1324 752 1376 est
770 1318 819 1377 bic
840 1319 1002 1379 discrimen
1023 1322 1103 1378 inter
1126 1327 1262 1379 veterem
1284 1326 1313 1378 et
1334 1321 1415 1377 inter
1440 1318 1600 1395 Cepesrriei
1621 1321 1792 1378 ratiocine-

432 1404 569 1464 tioncm?
600 1408 626 1463 1.
658 1403 799 1465 Veterum
826 1410 901 1466 ratio
923 1406 1090 1484 probabilis
1112 1405 1217 1467 saitem
1240 1415 1298 1480 cst,
1329 1406 1484 1482 Copemici
1512 1407 1725 1467 demonstratio
1756 1423 1791 1465 ex

433 1494 494 1552 suls
518 1508 584 1551 orsa
606 1492 771 1568 principiis,
795 1498 992 1554 necessarium
1014 1495 1109 1555 iniert.
1157 1497 1186 1552 2.
1211 1493 1258 1553 lili
1280 1493 1337 1554 boc
1360 1501 1475 1553 mutum
1497 1493 1621 1566 docent,
1643 1511 1704 1552 non
1728 1510 1792 1552 esse

432 1579 531 1657 piures
553 1595 612 1638 uno
635 1577 770 1656 planetas
794 1583 823 1639 in
846 1598 905 1641 nna
928 1582 1061 1659 qnalibet
1082 1580 1224 1658 sphaera,
1257 1580 1436 1657 Copcrnieus
1460 1581 1534 1641 illud
1556 1583 1677 1657 insuper
1700 1579 1789 1652 addit,

314 1690 318 1705 ·
435 1674 577 1743 quantum
600 1664 760 1743 quomiibet
782 1686 869 1746 super
884 1668 1009 1730 alterurn
1031 1668 1180 1729 clevatum
1196 1685 1260 1728 esse
1283 1670 1465 1729 necessesit.
1510 1672 1540 1731 3.
1564 1670 1689 1729 Veteres
1708 1671 1794 1743 igitur

433 1753 533 1817 coelos
554 1755 610 1814 sibi
634 1761 736 1815 mutuo
754 1756 1009 1833 superaedificant,
1033 1765 1065 1815 ut
1088 1755 1196 1818 lateres
1212 1746 1462 1832 ineliqno'muro,
1486 1764 1547 1831 ant,
1571 1755 1653 1833 quod
1667 1756 1791 1815 similius

433 1850 487 1916 est,
511 1842 627 1902 tunicae
650 1859 819 1920 caeparum,
842 1846 962 1905 interior
983 1845 1158 1905 exteriorem
1179 1845 1313 1918 sustinet,
1337 1846 1391 1903 rati
1414 1846 1512 1921 spatia
1534 1846 1634 1905 omnia
1648 1840 1793 1920 explenda

433 1947 497 1991 esse
520 1929 641 1991 orbibus
669 1937 698 1990 et
721 1939 834 1991 tantam
856 1931 1043 1994 statuendam
1064 1949 1130 1991 esse
1152 1930 1307 2008 sphaeram
1330 1933 1528 2008 superiorem,
1560 1940 1705 2008 quantam
1728 1946 1791 1991 esse

433 2019 543 2096 patitur
564 2016 692 2094 sphaera
712 2018 831 2079 inierior
853 2027 942 2080 uotae
964 2020 1153 2097 quantitatis,
1182 2037 1258 2096 quae
1283 2019 1476 2079 conformatio
1497 2018 1659 2079 materialis
1686 2017 1790 2079 saltem

433 2113 494 2181 eat3
526 2104 720 2183 (lopernious,
752 2122 788 2165 ex
818 2108 891 2182 ipsis
917 2106 1176 2169 observationibus
1197 2107 1294 2184 spatia
1316 2107 1439 2184 singulis
1462 2124 1517 2167 sua
1539 2114 1683 2181 metatus,
1712 2113 1791 2164 tanta

433 2194 507 2253 inter
529 2192 615 2253 binos
638 2195 778 2254 interesse
801 2194 945 2268 ostendit,
978 2203 1010 2254 ut
1032 2193 1204 2255 incredibile
1226 2197 1281 2266 sit,
1312 2193 1364 2252 ilia
1387 2195 1508 2255 orbibus
1530 2192 1663 2270 impleri3
1694 2194 1790 2269 itaque

433 2281 508 2341 baso
528 2279 594 2356 ejus
615 2279 769 2357 dispositio
793 2289 877 2358 urget
898 2289 1026 2342 mentem
1048 2280 1326 2359 contemplatricem,
1351 2287 1383 2340 ut
1404 2288 1503 2358 spreto
1525 2283 1650 2341 materis
1672 2289 1704 2342 et
1723 2297 1791 2341 oon·

434 2368 569 2446 tignitate
592 2368 716 2443 orbium,
740 2371 851 2446 aspiret
873 2368 912 2430 ad
934 2368 1153 2446 indagationem
1177 2369 1306 2429 turmalis
1329 2367 1531 2446 dispositionis
1552 2385 1607 2429 seu
1629 2368 1790 2445 archetypi,

434 2455 473 2516 ad
500 2471 587 2531 quem
617 2456 697 2516 iacta
726 2458 786 2517 sint
811 2457 976 2518 intervalla.
1023 2459 1053 2516 t.
1083 2456 1206 2517 Veteres
1233 2473 1288 2516 soa
1315 2463 1460 2517 structura
1484 2455 1630 2515 materiali
1654 2455 1790 2515 mnndum

433 2543 628 2622 planetarium
650 2560 703 2604 seu
725 2543 863 2605 mobilem
886 2553 1031 2622 coguntur
1054 2543 1194 2620 majorem
1217 2543 1312 2604 iacere
1334 2542 1434 2604 multis
1456 2544 1598 2620 partibus,
1622 2561 1713 2620 quam
1734 2544 1791 2603 Ce-

434 2631 571 2709 pernices
591 2648 648 2691 sua
670 2630 862 2710 dispositione
885 2631 1016 2707 iormali3
1050 2632 1230 2708 Copcrniens
1259 2640 1360 2691 eontra
1382 2631 1533 2691 mobilium
1555 2632 1707 2707 regionem
1729 2647 1792 2689 ωο·

434 2719 499 2779 dice
520 2716 666 2796 amplam,
697 2718 819 2779 fixarum
851 2737 920 2780 vero
951 2720 1152 2797 qrriesoentem
1176 2722 1347 2779 immensam
1371 2719 1456 2794 lacit,
1486 2736 1575 2795 qnam
1599 2725 1716 2781 veteres
1736 2734 1791 2777 nos

435 2805 528 2866 multo
551 2805 692 2882 majorem
714 2814 849 2867 metuunt
867 2807 994 2884 sphaera
1016 2807 1144 2867 Saturni.
1187 2808 1214 2867 5.
1239 2806 1360 2868 Veteres
1383 2805 1584 2883 dispositionis
1606 2822 1681 2867 suae
1704 2808 1792 2866 ratio·

435 2911 503 2954 nem
526 2910 600 2967 non,
631 2902 665 2954 nt
687 2902 804 2973 optant,
834 2894 982 2973 explicant
1005 2903 1034 2956 et
1056 2894 1263 2972 comprobant:
1295 2894 1475 2972 Cepernious
1497 2897 1527 2953 iu
1548 2893 1717 2954 rationibus
1737 2900 1792 2955 uas

435 2998 561 3059 egregie.
1321 3012 1325 3023 ι

524 3068 610 3148 Quos
635 3069 710 3129 dicis
738 3073 873 3131 rationes
901 3070 1105 3147 dirporitionis
1128 3068 1264 3142 orbium,
1292 3076 1321 3128 et
1343 3068 1493 3146 qrmmodo
1514 3070 1551 3127 iis
1569 3074 1713 3145 praestet
1736 3068 1792 3131 Co·

431 3158 599 3233 pernices?
624 3158 722 3219 Docet
744 3158 919 3219 Aristoteles
941 3158 993 3220 lib.
1016 3158 1057 3217 ll.
1081 3156 1118 3216 de
1151 3156 1242 3216 Coelo
1265 3173 1329 3234 cap.
1349 3159 1397 3231 10,
1421 3156 1493 3216 nibil
1515 3159 1610 3234 magis
1632 3174 1702 3219 esse
1724 3173 1793 3218 eos·

435 3252 607 3305 sentaueum
630 3247 753 3324 rationi,
785 3263 872 3322 quarn
902 3253 935 3306 ut
963 3243 1161 3323 respondeant
1192 3244 1334 3321 cujusque
1356 3244 1492 3321 planetae
1515 3253 1648 3321 tempora
1671 3261 1794 3306 eonver-

436 3334 528 3392 siouis
551 3331 683 3407 ejusdem
707 3333 854 3393 altitudini
878 3351 930 3395 seu
954 3333 1034 3393 orbis
1056 3331 1253 3409 amplitudini.
1297 3331 1368 3391 Jam
1391 3331 1539 3392 veteribus
1562 3321 1683 3407 quidem
1711 3331 1794 3392 altis·

435 3422 526 3478 simus
561 3419 639 3478 idem
669 3427 729 3494 est,
770 3424 820 3497 qui
854 3429 884 3481 et
915 3420 1115 3493 tardissimus,
1155 3420 1290 3477 nimirum
1323 3418 1483 3492 Saturnus,
1522 3421 1591 3495 qnia
1625 3422 1668 3480 30
1702 3438 1793 3480 aanor

436 3506 545 3581 babet;
569 3524 656 3582 quem
679 3509 811 3583 seqnitur
832 3504 900 3568 loco
923 3516 952 3568 et
975 3517 1106 3585 tompore
1128 3505 1260 3583 Jupiter,
1285 3508 1335 3582 qni
1362 3510 1398 3564 ii
1423 3523 1528 3581 annos,
1552 3515 1581 3566 et
1604 3506 1684 3569 bunc
1707 3508 1793 3582 biars,

437 3596 488 3671 qui
511 3595 606 3654 minus
629 3598 648 3652 ‘2
672 3597 756 3653 annis
773 3594 882 3656 nabes·
916 3595 986 3656 Jam
1009 3611 1078 3656 vero
1102 3596 1131 3651 in
1147 3594 1267 3670 reliquis
1288 3595 1364 3653 ratio
1380 3595 1527 3655 veteribus
1549 3597 1724 3671 perturbata
1742 3604 1794 3655 est

437 3682 500 3742 Nisi
524 3682 601 3741 enirn
623 3681 732 3742 Tenue
755 3685 933 3743 concesseris
956 3691 1066 3743 motum
1090 3698 1220 3742 annuum
1244 3684 1319 3740 elren
1342 3681 1460 3755 Solem,
1485 3682 1534 3742 fiet
1556 3689 1588 3741 ut
1609 3681 1672 3758 Sol,
1695 3682 1795 3744 Venus

436 3777 466 3829 et
487 3768 663 3843 Mercurius,
695 3777 753 3830 tres
777 3769 906 3830 distincti
930 3770 1083 3849 planetae,
1114 3767 1191 3829 idem
1214 3768 1344 3829 babeant
1367 3787 1496 3829 annuum
1520 3780 1635 3847 tempus
1658 3771 1794 3832 circuitus

436 3858 498 3931 sui,
531 3858 639 3934 quibus
662 3865 761 3917 tamen
784 3859 915 3918 tribuunt
939 3859 1025 3918 orbes
1048 3855 1196 3931 diversos,
1219 3855 1282 3916 Soli
1304 3858 1498 3933 superiorem,
1523 3857 1629 3917 Veneri
1656 3858 1792 3932 medinm,

437 3944 583 4006 Mercurio
606 3947 741 4020 tertlnm3
772 3953 833 4005 turn
856 3944 983 4024 denique
1007 3946 1108 4005 Lunae
1132 3945 1264 4005 tribuunt
1286 3945 1376 4003 imum
1398 3943 1510 4019 locum,
1539 3946 1580 4004 nti
1605 3944 1657 4006 iila
1680 3945 1794 4023 quidem

437 4034 525 4094 etiam
549 4032 639 4093 habet
661 4040 776 4110 tempus
799 4036 1050 4111 angustissimum,
1074 4041 1253 4091 menstruum
1277 4031 1397 4092 scilieet.

524 4121 703 4197 coperuieus
728 4139 806 4195 vero,
829 4120 950 4182 Terram
973 4128 1106 4181 statuens
1130 4122 1206 4180 circa
1229 4119 1328 4179 Solem
1351 4119 1536 4193 circumferri,
1561 4118 1650 4179 habet
1673 4118 1793 4180 eandem

437 4227 488 4285 por
511 4226 612 4267 omnes
633 4207 768 4284 planetas
792 4211 942 4286 primarios
974 4207 1142 4284 analogiam
1164 4215 1193 4266 ct
1216 4214 1347 4267 moinum
1371 4217 1400 4267 et
1423 4207 1571 4284 temporis.
1618 4205 1654 4265 Ei
1678 4206 1730 4268 Sol
1753 4215 1794 4268 est

437 4298 466 4353 in
491 4305 590 4355 centro
614 4295 714 4355 mundi
738 4303 768 4356 et
789 4299 832 4356 sic
854 4298 989 4369 intimus,
1012 4297 1135 4355 circuitu
1159 4296 1249 4354 centri
1272 4312 1387 4368 carons,
1419 4294 1477 4354 boc
1499 4302 1543 4355 est
1566 4296 1658 4353 centri
1682 4305 1712 4354 et
1734 4297 1794 4355 axis

435 4389 569 4459 respectu
591 4383 762 4444 immobilis:
786 4400 892 4460 corpus
916 4400 985 4444 vero
1002 4383 1080 4443 Solis
1104 4386 1180 4443 eirca
1203 4400 1289 4443 axem
1312 4382 1490 4442 immobilem
1514 4382 1667 4455 turbinati,
1691 4385 1792 4459 paucis

437 4470 544 4529 abbibo
573 4473 657 4529 annis
689 4470 902 4549 deprehensum
925 4479 984 4544 est,
1019 4473 1106 4531 citius
1137 4488 1225 4547 quam
1248 4473 1334 4531 nnius
1358 4472 1465 4529 mensis
1487 4470 1595 4545 spatio.
1640 4469 1793 4529 Proximus

439 4558 516 4617 eirea
545 4556 627 4617 illum
656 4558 819 4619 Mercurius
853 4560 923 4620 orbe
957 4560 1182 4636 angustissimo,
1216 4576 1302 4634 quem
1336 4557 1465 4617 absolvit
1499 4555 1592 4617 tribus
1627 4558 1792 4630 mensibos;

436 4646 513 4705 circa
535 4644 613 4705 bunc
634 4645 734 4706 orbem
758 4647 860 4707 Venus
883 4648 1017 4724 ampliori
1042 4647 1111 4706 orbe
1136 4655 1165 4705 et
1187 4645 1336 4722 prolixiori
1359 4646 1499 4722 temporis
1520 4646 1632 4721 spatio,
1666 4662 1709 4708 se.
1730 4661 1793 4706 ses·

436 4735 556 4810 quincto
591 4735 743 4793 mensium.
800 4735 885 4795 Circa
914 4735 1036 4793 Veneris
1068 4734 1182 4793 eoelum
1215 4742 1259 4793 est
1293 4732 1394 4793 Tellus
1429 4750 1494 4791 curn
1526 4730 1707 4809 pedissequa
1741 4749 1793 4791 sus

437 4820 523 4879 iruna
545 4825 605 4887 (est
626 4822 703 4880 eninr
727 4822 811 4882 Luna
833 4822 1023 4883 secundarius
1046 4820 1180 4897 planeta,
1208 4838 1331 4898 quorum
1354 4824 1429 4880 inter
1459 4821 1613 4896 primarios
1636 4822 1714 4881 ratio
1737 4837 1790 4880 nou

437 4904 573 4984 liabetur)
595 4909 787 4986 circumitque
811 4908 966 4969 duodecim
989 4911 1130 4968 meusium
1154 4911 1259 4986 spatio.
1306 4909 1416 4968 Postea
1438 4916 1600 4982 sequuntur
1622 4906 1715 4980 Mars,
1736 4907 1791 4968 Js·

437 4998 528 5070 piter,
560 4995 720 5068 Saturnus,
752 5006 784 5055 nt
812 4997 891 5074 apud
915 5004 1046 5068 veteres,
1078 5013 1144 5055 cum
1166 5014 1220 5056 suo
1244 5000 1369 5073 quisque
1396 4994 1546 5055 satellitio.
1593 4994 1667 5076 Post
1689 4996 1791 5056 διω-

437 5098 506 5140 num
536 5091 579 5141 est
610 5081 736 5161 spbaers
767 5085 901 5158 lixarum,
935 5092 967 5143 ut
996 5085 1139 5144 immenso
1162 5084 1319 5145 intervallo
1342 5084 1468 5158 distans,
1499 5085 1542 5144 sic
1564 5085 1684 5160 penitus
1705 5085 1790 5144 edam

438 5172 602 5247 quiescens.
