4459 6275
801 744 884 835 inber
900 779 1017 837 Primus.
1051 781 1120 838 Para
1136 780 1239 839 Tertia.
1480 806 1485 811 ·
1637 788 1697 850 lot

345 964 430 1017 tanta
453 955 533 1017 Solis
556 957 756 1034 profunditate
782 955 845 1032 18⁰,
869 960 895 1018 si
917 976 976 1017 non
998 959 1049 1019 lux
1071 959 1150 1020 Solis
1173 960 1259 1036 quasi
1273 959 1445 1038 permultas
1460 978 1573 1035 manus,
1598 961 1698 1024 ordine

344 1064 377 1107 se
400 1052 503 1104 mutuo
526 1053 756 1122 consequentes,
787 1045 818 1105 id
839 1054 883 1107 est
905 1065 957 1126 per
979 1047 1071 1107 multa
1091 1049 1315 1125 repercutientis
1336 1055 1444 1125 puncta
1466 1048 1506 1109 ad
1527 1067 1581 1109 nos
1603 1068 1698 1127 usque

344 1133 535 1194 derivaretur.
633 1208 637 1217 θ
718 1212 720 1216 Ι

433 1218 523 1281 Utere
546 1226 658 1292 minen,
689 1221 713 1278 si
735 1220 826 1293 libet,
858 1237 910 1296 pro
933 1222 1152 1299 repercussibus
1175 1221 1377 1299 specularibus
1402 1224 1615 1298 revibratioue,
1645 1241 1697 1284 seu

345 1307 565 1367 illuminatione
588 1310 775 1367 remotiorum
798 1311 873 1367 airis
897 1308 1104 1386 particularum
1124 1311 1348 1369 avicinioribus
1363 1309 1441 1386 Soli,
1464 1313 1540 1371 sicut
1562 1329 1629 1373 cum
1644 1311 1697 1371 Sol

347 1395 497 1455 illuminat
518 1395 642 1469 nubem,
673 1396 767 1455 nubes
788 1397 940 1455 tectorium
963 1398 992 1454 in
1017 1395 1129 1473 platea,
1160 1399 1310 1456 tectorium
1337 1398 1471 1457 tabulata
1494 1398 1597 1458 domus
1621 1402 1698 1459 inte·

345 1485 432 1557 riora,
457 1482 592 1543 tabulata
613 1484 717 1542 iaeiern
740 1484 909 1553 scribentis,
940 1484 1029 1543 iacies
1046 1501 1211 1561 papyrum,
1239 1503 1351 1544 rursum
1374 1503 1573 1562 prorsumque.
1619 1486 1697 1545 Illud

345 1568 443 1631 solum
474 1577 539 1630 tene
570 1586 607 1628 cx
629 1572 748 1648 opticis,
781 1580 928 1646 utcunque
951 1571 1078 1630 vibratio
1101 1572 1173 1631 lucis
1193 1576 1379 1633 mutuatitiae
1412 1572 1526 1634 dillerat
1556 1592 1698 1651 areper-

345 1675 451 1731 eussu,
475 1664 552 1717 certe
575 1657 808 1717 exhortamen
831 1657 913 1716 illam
936 1657 1069 1717 derivari.

437 1745 521 1822 Quid
546 1744 734 1804 sentiendum
763 1745 798 1802 de
827 1746 916 1803 stellis
943 1745 1180 1805 discurrentibus
1209 1750 1302 1822 inque
1329 1746 1455 1805 Terram
1483 1749 1592 1806 eadere
1617 1753 1697 1824 visu,

345 1850 483 1908 quanam
506 1833 700 1909 initiensoeta
722 1840 763 1891 est
784 1833 919 1893 ercutio?
962 1835 1164 1893 Discurrcntes
1192 1835 1293 1894 stellae
1317 1842 1385 1893 sunt
1406 1834 1480 1892 nihil
1495 1834 1585 1910 aliud,
1610 1845 1698 1913 quam
1755 1842 1762 1853 '

346 1920 468 1978 ilamma
490 1919 650 1998 depascens
672 1921 823 1979 materiam
849 1920 976 1994 aridam,
1011 1937 1046 1979 ex
1076 1927 1152 1980 terra
1180 1929 1324 1980 excretam
1349 1930 1377 1981 et
1399 1924 1428 1978 in
1450 1920 1571 1998 longum
1595 1932 1697 1984 erten-

348 2025 422 2079 sam,
448 2014 480 2066 ut
504 2007 599 2067 solent
622 2007 767 2082 quaedam
791 2006 916 2066 nebulae
939 2007 986 2067 vel
1009 2007 1189 2083 nubeculae3
1213 2026 1300 2084 quam
1315 2011 1466 2067 materiam
1489 2009 1619 2069 incendit
1640 2013 1697 2070 eir·

347 2097 525 2154 cumstantia
547 2094 662 2169 frigoris
685 2097 813 2171 superni.
858 2093 967 2153 Stellae
991 2094 1128 2154 cadentes
1153 2105 1220 2155 sunt
1243 2099 1364 2155 materia
1380 2096 1492 2154 viseida
1506 2098 1696 2160 inflammata.

346 2183 456 2242 Earum
479 2183 597 2258 aliquae
621 2183 695 2241 inter
719 2179 881 2242 cadendum
905 2183 1112 2255 absumuntur,
1145 2182 1262 2258 aliquae
1287 2201 1353 2242 vere
1385 2186 1413 2240 in
1437 2183 1555 2244 Terram
1580 2185 1696 2257 cadunt,

345 2269 478 2347 pondere
500 2286 554 2328 suo
577 2276 697 2330 tractae.
741 2269 804 2328 Nee
826 2277 870 2329 est
894 2268 1033 2329 dissimile
1057 2286 1142 2343 vero,
1175 2270 1317 2345 quasdam
1349 2271 1543 2347 conglobatas
1565 2289 1629 2333 esse
1662 2291 1697 2332 er

347 2358 471 2417 materia
491 2356 666 2429 succulenta,
690 2359 718 2414 in
739 2359 832 2434 ipsam
856 2362 957 2415 auram
973 2357 1139 2416 aetheream
1155 2358 1303 2431 immixta,
1328 2374 1422 2434 exque
1438 2359 1563 2419 aetheris
1579 2361 1698 2436 regione

347 2453 442 2505 tractu
465 2444 615 2505 rectilineo
645 2461 697 2521 per
719 2449 815 2503 a'e'rcm
837 2443 986 2520 trajicere,
1018 2461 1071 2504 ceu
1101 2448 1228 2504 minutos
1257 2452 1401 2519 cometas,
1433 2446 1580 2507 occultata
1608 2465 1698 2507 causa

346 2540 445 2592 motus
469 2541 666 2608 utrorumque.
1679 2540 1683 2551 “

437 2619 511 2678 Cum
535 2626 633 2678 autem
656 2618 729 2678 hacc
752 2620 850 2678 omnia
874 2620 932 2676 sint
954 2625 1167 2691 momentanea,
1192 2633 1245 2677 nce
1260 2619 1474 2679 revolutionem
1489 2620 1574 2694 primi
1591 2628 1697 2694 motus,

347 2708 399 2782 qui
422 2713 468 2765 est
489 2708 619 2765 omnium
648 2705 829 2778 celerrimus,
854 2714 1015 2780 morentur,
1044 2722 1134 2781 quare
1166 2704 1202 2763 ad
1232 2705 1369 2783 physicos
1402 2715 1431 2766 et
1453 2707 1693 2783 meteorologiam

347 2800 497 2872 spectant,
531 2811 566 2853 ex
589 2796 767 2854 astronomia
792 2810 859 2853 vero
888 2803 916 2852 et
939 2793 1071 2852 doctrina
1093 2793 1246 2869 sphaerica
1273 2801 1341 2852 sunt
1364 2793 1555 2866 eliminanda,
1588 2796 1697 2871 quippe

314 2921 318 2927 -
347 2883 378 2940 in
402 2899 462 2958 qua
484 2881 558 2940 nibil
580 2887 828 2952 momentaneum,
860 2880 910 2940 sed
934 2889 1047 2940 tantum
1071 2881 1136 2951 illa,
1168 2897 1243 2955 quae
1268 2882 1398 2940 oriuntur
1422 2889 1451 2942 et
1473 2881 1610 2941 occidunt
1632 2899 1697 2943 eum

348 2969 533 3028 revolutione
557 2967 633 3041 diei,
658 2968 889 3029 consideratione
914 2967 1003 3044 digna
1026 2975 1187 3027 censentur.
1627 2978 1636 2995 ·

439 3056 510 3133 Qua
532 3059 651 3117 ratione
672 3057 714 3133 lit,
737 3062 772 3114 ut
793 3056 947 3115 interdum
970 3057 1070 3114 stellae
1091 3056 1172 3130 [inae
1193 3058 1393 3114 communiter
1407 3073 1510 3115 omnes
1524 3065 1698 3131 appareant

346 3162 443 3221 usque
465 3144 541 3204 odeo
555 3162 696 3219 mopune,
719 3145 1041 3219 scirmilletiorsibusque
1054 3144 1129 3201 odeo
1141 3144 1295 3220 fluerent?
1338 3143 1381 3204 Ne
1399 3143 1455 3202 lroc
1471 3144 1589 3219 quidem
1604 3143 1698 3203 stellis

348 3234 387 3291 ob
410 3239 523 3291 motum
545 3231 673 3307 aliquem
697 3233 922 3291 astronomicum
939 3230 1053 3303 accidit,
1077 3231 1128 3289 sed
1145 3238 1256 3289 tantum
1272 3233 1384 3289 ratione
1400 3232 1483 3290 siris.
1531 3230 1604 3290 Cum
1620 3234 1696 3291 enim

346 3322 489 3396 ingruunt
510 3317 645 3397 pluviae,
677 3322 801 3396 primum
834 3321 862 3377 in
884 3318 991 3378 Terrae
1022 3318 1185 3378 visceribus
1214 3321 1303 3376 oritur
1334 3335 1427 3394 vapor
1454 3318 1546 3379 multo
1571 3318 1695 3391 densior,

347 3425 438 3485 qnam
461 3411 512 3466 ae'r
535 3411 715 3481 communis,
740 3409 891 3482 tangitque
915 3414 945 3464 et
966 3404 1058 3465 veluti
1081 3404 1203 3463 inundat
1226 3405 1343 3465 oculos:
1380 3422 1438 3463 non
1463 3407 1588 3484 amplius
1611 3407 1699 3482 igitur

347 3503 394 3554 est
415 3501 558 3555 consucta
583 3494 745 3554 differentia
768 3496 844 3554 inter
866 3493 1028 3571 pellucidas
1051 3495 1164 3551 tunicas
1188 3492 1264 3550 oculi
1289 3502 1317 3551 et
1339 3496 1413 3551 inter
1435 3492 1611 3568 pellucidum
1633 3511 1706 3553 me··

347 3575 428 3642 diu'm
458 3585 546 3656 adris3
578 3589 692 3666 mutata
719 3599 788 3641 vero
819 3584 1004 3657 proportione
1033 3575 1212 3652 modiorum,
1245 3598 1297 3657 per
1326 3597 1406 3656 quae·
1433 3590 1583 3641 transeunt
1612 3581 1697 3654 radii,

346 3677 498 3729 mutantur
521 3670 707 3729 refractiores
729 3666 807 3740 illae,
832 3670 938 3746 quibus
961 3668 993 3726 fit
1017 3671 1105 3742 visio;
1139 3670 1259 3726 mutatis
1290 3668 1334 3726 bis
1361 3668 1598 3743 refractionibus,
1619 3671 1696 3728 ¹coni
1764 3706 1767 3718 ·

346 3764 522 3831 punctorum
549 3756 726 3831 visibilium,
755 3774 829 3832 quos
857 3754 1009 3832 penicillos
1033 3755 1128 3814 dicere
1151 3753 1293 3829 solemus,
1325 3756 1488 3814 obtusiones
1519 3756 1606 3829 fiunt,
1639 3758 1698 3833 qua
1756 3759 1760 3770 ’

346 3852 473 3923 tangunt
496 3852 525 3903 et
548 3846 671 3922 pingunt
692 3844 867 3903 retilormem
891 3846 1020 3902 tunicam
1044 3842 1135 3916 oculi,
1168 3849 1256 3917 atque
1281 3844 1322 3900 ita
1344 3860 1402 3901 non
1426 3850 1534 3919 puncta
1556 3846 1586 3900 in
1609 3845 1696 3901 oculo

347 3929 467 4008 singula
497 3934 653 4009 apunctis
677 3931 801 4008 singulis
824 3931 998 4004 visibilium,
1030 3929 1080 3989 sed
1110 3930 1345 4007 superlicioculee
1374 3931 1402 3986 in
1426 3929 1510 3990 oculo
1542 3933 1698 4005 apnnetis

347 4019 484 4096 pluribus
508 4018 632 4079 visibilis
655 4024 694 4079 rei
718 4020 824 4078 vicinis
846 4019 1021 4090 imbuuntur,
1045 4025 1201 4095 superante
1221 4019 1333 4093 pictura
1349 4015 1519 4091 lucidorum,
1543 4016 1698 4077 obliterata

347 4125 418 4168 vero
444 4107 655 4167 obscuriorum.
702 4106 751 4166 Sic
773 4108 872 4182 itaque
894 4105 991 4165 latiori
1013 4106 1096 4182 parte
1120 4107 1241 4164 sensorii
1264 4107 1445 4163 instrumenti
1469 4120 1527 4162 non
1542 4103 1697 4180 ampliores

346 4203 462 4260 tanturn
492 4194 595 4255 stellae
626 4201 897 4272 repraesentantur,
928 4209 1016 4268 quam
1046 4198 1129 4266 sunt,
1157 4190 1321 4252 sedetiam
1352 4191 1573 4252 scintillationes
1597 4209 1697 4251 earum

347 4284 444 4343 reales
468 4282 572 4341 lortius
595 4289 715 4341 movent
737 4283 851 4356 visum3
875 4299 951 4357 quae
975 4275 1073 4339 onrrria
1096 4281 1125 4337 in
1142 4282 1245 4357 opticis
1269 4282 1356 4355 inque
1373 4279 1459 4338 modo
1483 4280 1604 4362 visionis
1627 4293 1699 4340 vero'

347 4378 379 4431 et'
397 4372 529 4447 genuino
553 4369 848 4429 demonstrationibus
872 4370 971 4426 innixa
993 4377 1067 4440 sunt,
1084 4367 1251 4426 clarissimis
1274 4375 1303 4427 et
1322 4366 1551 4442 jucundissimis.

438 4456 502 4517 Cur
524 4465 627 4516 eutem
648 4459 683 4515 in
697 4456 850 4515 horizonte
861 4459 1052 4531 potissimum
1068 4463 1095 4513 et
1110 4454 1242 4530 quotidie
1257 4454 1317 4526 Sol,
1342 4453 1436 4513 Luna
1458 4462 1485 4513 et
1499 4454 1698 4514 remallatio-

346 4563 398 4605 ues
420 4552 485 4604 tam
508 4562 641 4620 maenae
667 4543 823 4619 videntum
855 4546 941 4620 utqui
966 4546 1057 4617 prius
1087 4545 1277 4603 eontrarium
1303 4542 1469 4618 efficiebant
1494 4543 1698 4619 refractiones,

344 4634 455 4692 seilicet
483 4649 530 4690 res
558 4635 592 4689 ira
621 4638 691 4692 ortu
720 4631 767 4689 uei
797 4649 903 4690 occasu
933 4648 962 4689 se
989 4633 1060 4706 ipsis
1082 4633 1213 4690 minores
1239 4629 1444 4705 apparentes?
1487 4629 1696 4688 Diversissirna

346 4728 415 4779 sunt
438 4722 467 4777 in
491 4721 597 4796 opticis
620 4718 761 4778 dimensio
786 4719 959 4794 ungulorum
983 4719 1144 4775 visivorum
1172 4735 1223 4793 per
1245 4720 1436 4775 instrumenta
1465 4723 1495 4775 ct
1521 4718 1697 4775 aestimatio.

345 4807 407 4878 Sol,
433 4807 518 4865 Luna
541 4813 570 4866 et
593 4805 841 4879 constellationes,
863 4808 888 4863 si
911 4805 1128 4882 magnitudines
1152 4822 1250 4863 earum
1275 4812 1457 4879 apparentes,
1481 4802 1510 4861 id
1535 4811 1579 4863 est
1602 4820 1699 4879 angu-

345 4894 391 4954 los
422 4897 549 4954 visorios
584 4894 783 4953 instrumentis
816 4893 1017 4966 dimetiamur,
1052 4909 1238 4968 nequaquam
1272 4893 1468 4950 inveniuntur
1486 4894 1514 4949 in
1548 4890 1698 4950 horizonte

346 4983 487 5060 majores,
520 4998 608 5057 quam
632 4983 661 5038 in
685 4979 781 5040 medio
805 4979 894 5053 eoeli,
923 4979 975 5039 sed
997 4982 1095 5055 potius
1119 4979 1278 5038 secundnm
1302 4986 1413 5038 erectas
1444 4977 1600 5037 diametros
1622 4994 1699 5034 non-

346 5070 420 5129 nihil
442 5072 587 5141 minores,
619 5076 651 5127 ut
671 5068 812 5127 hactenus
844 5075 993 5127 ostensum
1016 5078 1094 5127 recte
1117 5068 1180 5126 suit.
1226 5068 1426 5134 slertimantur
1452 5073 1549 5125 autem
1573 5064 1699 5140 majores

347 5156 509 5218 secundum
532 5171 634 5215 omnes
657 5154 826 5226 diametros,
850 5173 915 5215 cum
939 5157 1071 5214 oriuntur
1093 5162 1123 5214 et
1145 5153 1290 5215 occidunt.
1336 5155 1511 5214 aestimatio
1535 5153 1612 5212 enim
1635 5151 1699 5212 eol·

347 5245 412 5322 ligii
435 5242 668 5322 magnitudinem
700 5242 824 5302 visibilis
846 5244 887 5302 rei
919 5259 954 5301 ex
985 5241 1138 5318 distantia,
1172 5242 1340 5303 distantiam
1363 5259 1399 5302 ex
1422 5241 1639 5318 comparatione
1660 5237 1700 5300 ad
