4459 6275
879 773 964 830 Liber
979 774 1092 832 Sextus.
1126 775 1194 830 Pers
1213 772 1323 842 Quinte.
1717 775 1782 836 oet

707 904 718 933 Ι

516 957 546 1015 i.
576 952 721 1015 Omnibus
741 954 802 1014 iere
825 954 909 1014 senis
938 953 1090 1014 luncribus
1122 952 1304 1031 simplicibus
1331 949 1458 1027 (derum
1479 950 1591 1012 scilicet
1613 947 1688 1031 est)
1709 968 1783 1011 eon·

423 1042 546 1119 tingunt
572 1043 621 1104 rel
652 1041 727 1102 duee
755 1041 803 1102 vel
831 1048 889 1101 tres
912 1041 990 1102 Solis
1013 1041 1154 1119 eclipses,
1182 1041 1285 1100 Lunue
1315 1056 1383 1098 uero
1408 1037 1455 1098 rel
1476 1038 1558 1098 unlls
1580 1038 1629 1098 vel
1651 1056 1711 1099 unu
1735 1037 1782 1098 rel
1857 1066 1860 1081 ·

424 1128 520 1204 duee,
554 1138 585 1190 et
613 1132 658 1191 sle
687 1131 716 1189 in
746 1130 914 1189 universum
940 1129 991 1189 uel
1021 1129 1115 1204 duee,
1149 1130 1198 1190 vel
1227 1137 1300 1198 tres,
1335 1126 1384 1189 rel
1406 1132 1548 1203 quotuor,
1584 1125 1630 1188 uel
1651 1128 1782 1204 quinque

425 1215 566 1295 eclipses.

521 1305 552 1366 8.
574 1302 723 1364 Interdum
746 1301 861 1363 secedit
882 1310 975 1377 sextu,
997 1302 1050 1363 sed
1072 1319 1149 1364 enno
1172 1301 1362 1374 nontaceri,
1385 1297 1438 1360 sed
1459 1298 1549 1360 soleri
1577 1299 1688 1361 dierum
1709 1300 1783 1375 tet,

423 1393 546 1472 quondo
568 1392 681 1451 scillcet
703 1390 826 1468 eclipses
849 1391 925 1450 circe
947 1392 1121 1468 principium
1143 1392 1213 1450 enni
1229 1391 1417 1479 ,contingunt

498 1494 501 1499 ’
515 1482 611 1556 Atqui
624 1479 721 1539 multo
731 1480 894 1554 pauciores
908 1487 1079 1538 comuntur
1093 1480 1221 1554 eclipses,
1237 1485 1266 1538 et
1281 1477 1359 1538 Solis
1369 1475 1491 1553 quidem
1505 1476 1601 1558 multo
1610 1477 1782 1552 pauciores

424 1586 525 1647 quum
541 1567 658 1627 bunos.
705 1564 793 1641 Quod
815 1583 873 1625 uno
897 1564 996 1641 aliquo
1013 1573 1091 1626 certo
1106 1566 1215 1626 Terrae
1229 1565 1296 1625 loco
1311 1565 1465 1643 psuclores
1479 1562 1591 1636 Lunae,
1613 1578 1702 1640 quem
1721 1562 1784 1640 jem

424 1664 473 1717 est
485 1656 604 1730 dictum,
623 1662 652 1714 et
666 1653 758 1712 multo
769 1653 921 1730 panciores
937 1652 1015 1712 Solis
1030 1656 1205 1731 contingunt
1220 1652 1353 1731 eclipses,
1371 1668 1479 1711 csusue
1502 1652 1615 1710 suntin
1632 1651 1784 1710 lunaribus

426 1743 547 1821 quidem
563 1758 631 1814 nne,
655 1742 684 1798 in
707 1739 852 1800 solaribus
876 1756 946 1800 vero
961 1741 1045 1800 duco.
1091 1741 1166 1801 Nem
1188 1742 1282 1817 primo
1297 1740 1418 1799 horizon
1440 1738 1583 1817 cujusque
1598 1737 1655 1798 loni
1670 1738 1784 1798 biseeut

428 1830 555 1899 coelum,
579 1831 678 1905 ltuque
695 1827 845 1887 dimidium
867 1836 979 1904 purtem
1002 1829 1155 1906 eclipsium
1178 1836 1238 1888 tem
1259 1827 1405 1893 lunarium
1419 1842 1508 1904 quens
1530 1825 1669 1886 soleclum
1684 1824 1785 1886 oecul-

424 1926 480 1992 tsi,
504 1927 537 1977 ut
559 1934 635 1993 ques
657 1916 774 1975 lunares
795 1915 868 1974 flunt
890 1915 969 1975 borls
992 1915 1111 1989 dirimis,
1137 1915 1249 1976 soleres
1270 1915 1428 1989 nocturnis,
1452 1931 1505 1974 ese
1528 1917 1606 1974 cerni
1627 1918 1782 1990 nequeunt

425 2005 544 2066 Deinde
574 2002 654 2081 quod
684 2002 795 2063 soleres
821 2005 938 2076 ettlnet,
972 2003 1081 2063 multse
1112 2020 1228 2078 eurum,
1256 2019 1333 2080 quse
1365 2003 1454 2063 etiem
1485 2000 1594 2060 diurnis
1617 2003 1704 2060 unlus
1726 1998 1784 2060 loci

425 2094 508 2154 boris
532 2095 710 2168 contingunt,
734 2094 763 2150 in
779 2090 845 2150 aliis
860 2099 957 2151 temen
980 2090 1117 2151 accidunt
1140 2090 1316 2164 climatibus,
1339 2106 1375 2149 eo
1397 2087 1476 2166 quod
1499 2087 1657 2166 purellexis
1680 2087 1783 2148 Lucus
1910 2094 1913 2105 '

425 2181 495 2241 sllls
519 2180 686 2240 climatibus
708 2177 741 2237 iit
762 2178 836 2252 ulie,
859 2195 912 2238 seu
936 2175 1140 2254 quod'eodem
1163 2178 1247 2250 redit,
1271 2179 1341 2254 qula
1363 2176 1461 2237 discus
1483 2175 1591 2237 Terrae
1614 2175 1669 2236 AN
1690 2176 1785 2252 major

427 2275 474 2329 est
488 2267 599 2328 circulo
620 2267 800 2344 penumbree
816 2264 878 2339 (JV,
901 2282 1101 2342 necunquam
1124 2273 1238 2326 totneu
1259 2264 1420 2343 penumbrs
1435 2263 1537 2323 Lunse
1552 2264 1668 2341 tegitur.
1696 2261 1785 2323 Nolle

428 2357 540 2433 quippe
563 2357 689 2414 eenritur
712 2352 829 2430 eclipsis
844 2352 922 2413 Solis
945 2361 1026 2412 extre
1048 2361 1142 2413 metes
1156 2353 1343 2431 pennmbree,
1368 2358 1400 2412 ut
1420 2350 1538 2429 eclipsis
1553 2351 1655 2413 Lunue
1678 2352 1784 2427 quovis

429 2434 581 2504 momento
605 2443 731 2501 comitur
752 2459 774 2500 e
792 2447 855 2500 toto
878 2438 1004 2501 Telluris
1026 2440 1251 2517 hemisphaerio.

521 2529 557 2589 st
582 2531 653 2602 jum
676 2528 792 2603 eclipsis
815 2527 894 2587 Solis
921 2527 1128 2587 consideretur
1154 2534 1290 2606 respectu
1310 2530 1406 2586 unius
1428 2527 1560 2601 clicerius
1581 2527 1639 2587 loci
1664 2524 1784 2599 Terrae,

428 2618 509 2696 quid
543 2619 616 2676 novi
645 2623 771 2692 procur
796 2634 849 2691 eo,
884 2632 964 2692 quoe
991 2614 1150 2690 bucuuus,
1182 2620 1266 2675 verrit
1287 2612 1566 2675 considerandum?
1598 2613 1682 2675 Hsec
1712 2614 1784 2672 trie:
1885 2664 1891 2675 .

431 2704 468 2783 1)·
497 2704 660 2763 differentis
687 2705 762 2762 inter
793 2720 894 2762 rerem
921 2710 951 2761 et
980 2703 1126 2763 risibilem
1154 2705 1402 2779 conjunctionem,
1437 2699 1469 2780 2)
1498 2701 1630 2761 reductio
1662 2699 1786 2778 copules

430 2790 469 2851 sd
495 2791 637 2852 circulum
658 2792 755 2867 ipsum
784 2788 960 2863 latitudinis,
987 2798 1097 2850 rectum
1120 2789 1158 2850 ed
1181 2792 1361 2868 eclipticum,
1395 2785 1426 2870 3)
1449 2787 1579 2849 diductio
1600 2787 1786 2868 perelluxeos

429 2879 623 2955 horisontelis
646 2877 749 2937 Lunae
771 2896 790 2937 e
811 2876 882 2938 Sole
905 2879 933 2936 in
956 2876 1086 2954 longum,
1108 2877 1202 2938 lutum
1226 2886 1255 2938 et
1276 2877 1378 2939 utum.

516 2962 600 3040 'Quid
620 2967 757 3042 appellus
780 2982 899 3039 oerum,
930 2965 1005 3041 quid
1025 2966 1172 3026 visibilem
1195 2965 1337 3042 copulem
1360 2966 1583 3037 luminarium,
1612 2981 1665 3024 seu
1685 2963 1786 3023 locum
1898 3040 1902 3049 ι

431 3053 566 3113 mucci
596 3052 750 3113 Hactenus
772 3052 896 3129 ¹quidem
927 3059 990 3112 erut
1015 3052 1093 3113 idem
1123 3052 1205 3113 locus
1227 3053 1330 3113 sideris
1361 3058 1501 3111 remeet
1526 3051 1610 3112 locus
1632 3068 1785 3130 apperens,

429 3142 489 3203 boc
511 3148 557 3201 est
579 3141 712 3201 visibilis.
757 3141 852 3201 Verus
876 3142 952 3199 euim
973 3141 1057 3201 locus
1072 3141 1224 3203 dicebatur
1245 3148 1377 3220 respectu
1393 3138 1490 3213 medii,
1515 3144 1565 3217 qni
1580 3140 1707 3216 fingitur,
1731 3157 1788 3217 ep·
1915 3139 1919 3155 ¹

429 3246 539 3307 psrens
561 3246 642 3300 vero,
666 3229 736 3304 quis
760 3228 838 3288 lines
861 3230 921 3288 veri
944 3236 1040 3287 motus
1064 3245 1099 3289 ex
1122 3236 1221 3289 centro
1244 3228 1351 3288 'l'crree
1374 3226 1561 3302 educebatur,
1585 3244 1604 3288 e
1626 3236 1684 3305 quo
1704 3230 1786 3287 rbus

431 3321 462 3377 in
485 3316 639 3394 superficie
661 3316 770 3376 Terrae
801 3323 935 3393 respectu
963 3318 1095 3376 immensi
1118 3315 1301 3393 planetarum
1329 3313 1476 3377 intervelli
1498 3332 1557 3374 non
1579 3313 1709 3375 distubut
1730 3314 1788 3376 eli·

429 3419 491 3483 quo
514 3404 669 3464 interuallo
692 3402 832 3464 sensibili.
877 3403 943 3462 Non
972 3404 1062 3481 igliur
1092 3402 1269 3464 sensibiliter
1290 3402 1369 3463 ulius'
1395 3403 1557 3482 eppurebet
1578 3403 1660 3463 locus
1683 3401 1787 3463 sideris

430 3493 509 3554 risui
532 3494 561 3549 in
584 3491 737 3570 supernos
760 3492 934 3563 constituto,
957 3507 1048 3567 quem
1070 3499 1134 3551 erut
1157 3508 1243 3552 verns
1266 3491 1363 3552 lineus
1384 3507 1421 3550 ex
1443 3496 1542 3550 cenbo
1563 3490 1673 3551 Tenue
1695 3490 1787 3551 educ·

429 3587 487 3641 tec.
532 3581 572 3637 nt
597 3578 659 3656 anr
681 3596 767 3657 porro
789 3584 873 3639 tants
896 3587 941 3637 est
962 3575 1066 3640 Lnnse
1087 3580 1292 3657 propinquitas
1314 3577 1352 3638 sd
1374 3576 1510 3653 Terram,
1542 3585 1575 3637 ut
1603 3586 1786 3639 contemnere

431 3681 492 3727 non
516 3668 662 3743 possimus
685 3668 766 3725 visus
789 3668 819 3725 in
842 3666 950 3726 Terrae
973 3665 1126 3746 superficie
1148 3667 1301 3726 constituti
1323 3664 1492 3726 distentlsm
1514 3664 1654 3726 eTerree
1677 3672 1786 3728 esebo.

429 3753 542 3815 Verum
566 3756 666 3831 itaque
688 3753 784 3814 locum
808 3752 944 3827 ostendit,
968 3759 1002 3811 ut
1023 3753 1178 3828 bectenus,
1207 3762 1287 3813 recte
1309 3770 1344 3813 ex
1368 3758 1466 3813 centro
1488 3751 1615 3813 'l'cllnrie
1642 3770 1695 3831 per
1716 3769 1787 3813 een-

429 3850 507 3902 trum
529 3841 632 3901 sideris
655 3844 684 3900 in
707 3841 861 3919 sphaeram
884 3840 1006 3900 flxurum
1022 3839 1137 3914 educte,
1161 3847 1350 3919 apparentem
1371 3856 1442 3900 vero
1463 3855 1517 3899 sen
1539 3838 1686 3901 risibilem
1707 3846 1786 3901 rectu

425 3948 468 3990 en
491 3931 643 4007 proposito
666 3929 829 4008 superficiei
852 3927 917 3987 loco
940 3945 992 4005 per
1005 3936 1137 3988 centrum
1159 3927 1261 3988 sideris
1283 3929 1313 3987 in
1327 3927 1511 4007 superiorem
1533 3926 1656 3987 iixsrum
1670 3927 1785 3989 educte.

429 4017 604 4077 Dill‘erentis
626 4018 777 4094 utriusque
800 4013 866 4089 loci,
892 4017 952 4074 reri
976 4014 1088 4075 scilicet
1110 4022 1139 4074 et
1153 4016 1321 4093 apparentis
1343 4032 1395 4076 seu
1410 4014 1545 4089 vlslbilis,
1569 4015 1673 4075 dicitnr
1687 4014 1788 4092 perel-

429 4104 509 4165 lsxls
531 4102 705 4163 altitudinis.
752 4101 876 4178 Quando
900 4105 989 4178 igitur
1003 4119 1075 4163 vero
1096 4101 1161 4161 loco
1177 4101 1254 4162 Solis
1277 4105 1403 4163 occurrit
1423 4101 1502 4164 lines
1517 4103 1580 4163 verl
1601 4102 1659 4164 loci
1673 4100 1786 4178 Lunse,

428 4190 539 4271 copule
563 4208 633 4251 vers
654 4193 718 4264 erit,
742 4188 861 4266 quando
884 4191 963 4251 lines
985 4192 1042 4248 risi
1064 4188 1122 4249 loci
1145 4188 1257 4260 Lunae,
1281 4188 1388 4269 copule
1409 4190 1545 4251 visibllls.

521 4278 602 4355 Quid
623 4288 665 4338 est
685 4280 781 4355 icitur
801 4279 975 4354 peroliocis
1005 4276 1201 4337 altitudinis?
1231 4277 1285 4337 list
1315 4295 1399 4338 erens
1430 4277 1530 4338 eircull
1561 4276 1710 4338 verticulis
1735 4294 1788 4356 per

428 4368 530 4429 locum
562 4382 663 4426 rernm
693 4367 784 4427 centri
811 4367 940 4445 corporis
963 4364 1066 4427 Lunue
1095 4363 1190 4439 ducti,
1217 4366 1396 4445 interceptus
1423 4368 1498 4427 lnter
1525 4365 1604 4426 buno
1630 4371 1660 4427 ct
1688 4363 1786 4425 locum

430 4454 590 4518 visibilem.

517 4553 551 4608 ln
569 4552 707 4608 sebemcte
724 4551 759 4608 96
783 4551 819 4606 sit
835 4551 861 4607 V
878 4557 985 4617 vertex,
1007 4551 1057 4607 VO
1076 4566 1134 4608 rer-

426 4633 519 4691 uestis
545 4646 593 4686 seu
625 4631 810 4699 csimntlrelis,
842 4631 919 4687 etin
947 4647 980 4686 eo
1006 4631 1032 4686 R
1057 4628 1135 4684 locus

427 4713 525 4767 Lnnse
544 4726 636 4779 verus,
659 4710 679 4765 S
702 4708 829 4764 visbilie:
854 4709 905 4763 erit
922 4708 967 4764 tte
985 4706 1135 4778 perullexis

426 4787 590 4846 sltitudinis.
725 4847 735 4854 ,

518 4879 598 4955 Qrsid
610 4886 682 4939 eunt
699 4879 872 4955 parcitum·
886 4878 1090 4955 loupitudinis
1108 4886 1138 4940 et

426 4969 605 5046 potuiloxie
615 4966 812 5027 lcdtudisus?
825 4965 900 5026 Sunt
911 4983 1005 5040 mene,
1017 4965 1068 5025 illu
1079 4985 1138 5043 pe·

427 5054 524 5116 relleli
540 5054 693 5132 eclipticus
703 5071 756 5132 por
772 5052 918 5113 visibilem
929 5053 1027 5114 locum
1045 5052 1137 5129 ducti,
1250 5116 1252 5137 ζ

432 5143 510 5204 brec
520 5142 621 5203 eireull
633 5141 807 5216 lstlmdlnis,
830 5142 983 5219 intercepti
999 5140 1048 5201 ille
1063 5142 1139 5201 inter

431 5229 560 5294 circulos
580 5229 746 5292 butudrou
767 5231 830 5292 veri
844 5238 875 5291 et
888 5231 946 5291 risi
967 5246 1020 5290 seu
1042 5245 1139 5308 eppe·
