<?xml version="1.0" encoding="UTF-8"?>
<!DOCTYPE html PUBLIC "-//W3C//DTD XHTML 1.0 Transitional//EN"
    "http://www.w3.org/TR/xhtml1/DTD/xhtml1-transitional.dtd">
<html xmlns="http://www.w3.org/1999/xhtml" xml:lang="en" lang="en">
 <head>
  <title>
</title>
<meta http-equiv="Content-Type" content="text/html;charset=utf-8" />
  <meta name='ocr-system' content='tesseract 3.04.00' />
  <meta name='ocr-capabilities' content='ocr_page ocr_carea ocr_par ocr_line ocrx_word'/>
</head>
<body>
  <div class='ocr_page' id='page_1' title='image "./joanniskepleria03frisgoog/joanniskepleria03frisgoog_0137.png"; bbox 0 0 4459 6275; ppageno 0'>
   <div class='ocr_carea' id='block_1_1' title="bbox 947 810 1729 876">
    <p class='ocr_par' dir='ltr' id='par_1_1' title="bbox 947 810 1729 876">
     <span class='ocr_line' id='line_1_1' title="bbox 947 810 1729 876; baseline 0.013 -10"><span class='ocrx_word' id='word_1_1' title='bbox 947 810 1031 867; x_wconf 75' lang='lat' dir='ltr'><strong>Liber</strong></span> <span class='ocrx_word' id='word_1_2' title='bbox 1047 810 1162 866; x_wconf 78' lang='lat' dir='ltr'><strong>Primus.</strong></span> <span class='ocrx_word' id='word_1_3' title='bbox 1669 814 1729 876; x_wconf 72' lang='lat' dir='ltr'><strong>lut</strong></span> 
     </span>
    </p>
   </div>
   <div class='ocr_carea' id='block_1_2' title="bbox 334 988 1734 1941">
    <p class='ocr_par' dir='ltr' id='par_1_2' title="bbox 334 988 1734 1941">
     <span class='ocr_line' id='line_1_2' title="bbox 378 988 1729 1066; baseline 0.001 -20"><span class='ocrx_word' id='word_1_4' title='bbox 378 1002 539 1062; x_wconf 79' lang='lat' dir='ltr'><strong>augescere</strong></span> <span class='ocrx_word' id='word_1_5' title='bbox 559 993 590 1047; x_wconf 89' lang='lat' dir='ltr'><strong>ut</strong></span> <span class='ocrx_word' id='word_1_6' title='bbox 610 989 717 1048; x_wconf 76' lang='lat' dir='ltr'><strong>minut:</strong></span> <span class='ocrx_word' id='word_1_7' title='bbox 746 989 831 1050; x_wconf 88' lang='lat' dir='ltr'><strong>Luna</strong></span> <span class='ocrx_word' id='word_1_8' title='bbox 853 989 1012 1065; x_wconf 76' lang='lat' dir='ltr'><strong>Variusque</strong></span> <span class='ocrx_word' id='word_1_9' title='bbox 1035 988 1123 1050; x_wconf 84' lang='lat' dir='ltr'><strong>etiarn</strong></span> <span class='ocrx_word' id='word_1_10' title='bbox 1147 988 1258 1049; x_wconf 83' lang='lat' dir='ltr'><strong>vultum</strong></span> <span class='ocrx_word' id='word_1_11' title='bbox 1280 995 1408 1063; x_wconf 69' lang='lat' dir='ltr'><strong>uiuunt,</strong></span> <span class='ocrx_word' id='word_1_12' title='bbox 1437 990 1526 1050; x_wconf 79' lang='lat' dir='ltr'><strong>ceteri</strong></span> <span class='ocrx_word' id='word_1_13' title='bbox 1549 990 1678 1066; x_wconf 79' lang='lat' dir='ltr'><strong>quinque</strong></span> <span class='ocrx_word' id='word_1_14' title='bbox 1701 993 1729 1048; x_wconf 90' lang='lat' dir='ltr'><strong>in</strong></span> 
     </span>
     <span class='ocr_line' id='line_1_3' title="bbox 377 1073 1731 1156; baseline 0.003 -24"><span class='ocrx_word' id='word_1_15' title='bbox 377 1073 459 1133; x_wconf 78' lang='lat' dir='ltr'><strong>Solis</strong></span> <span class='ocrx_word' id='word_1_16' title='bbox 488 1077 624 1153; x_wconf 89' lang='lat' dir='ltr'><strong>opposito</strong></span> <span class='ocrx_word' id='word_1_17' title='bbox 645 1076 856 1153; x_wconf 82' lang='lat' dir='ltr'><strong>amplissimum</strong></span> <span class='ocrx_word' id='word_1_18' title='bbox 884 1076 1118 1136; x_wconf 72' lang='lat' dir='ltr'><strong>circumfundunt</strong></span> <span class='ocrx_word' id='word_1_19' title='bbox 1148 1077 1245 1137; x_wconf 87' lang='lat' dir='ltr'><strong>lumen</strong></span> <span class='ocrx_word' id='word_1_20' title='bbox 1269 1083 1299 1137; x_wconf 90' lang='lat' dir='ltr'><strong>et</strong></span> <span class='ocrx_word' id='word_1_21' title='bbox 1326 1079 1446 1156; x_wconf 82' lang='lat' dir='ltr'><strong>maximi</strong></span> <span class='ocrx_word' id='word_1_22' title='bbox 1477 1085 1633 1156; x_wconf 85' lang='lat' dir='ltr'><strong>apparent,</strong></span> <span class='ocrx_word' id='word_1_23' title='bbox 1665 1078 1731 1138; x_wconf 88' lang='lat' dir='ltr'><strong>ellls</strong></span> 
     </span>
     <span class='ocr_line' id='line_1_4' title="bbox 379 1162 715 1240; baseline 0.006 -21"><span class='ocrx_word' id='word_1_24' title='bbox 379 1162 560 1240; x_wconf 77' lang='lat' dir='ltr'><strong>temporibus</strong></span> <span class='ocrx_word' id='word_1_25' title='bbox 581 1165 715 1223; x_wconf 91' lang='lat' dir='ltr'><strong>minores.</strong></span> 
     </span>
     <span class='ocr_line' id='line_1_5' title="bbox 334 1248 1726 1328; baseline 0.004 -22"><span class='ocrx_word' id='word_1_26' title='bbox 334 1288 337 1293; x_wconf 88' lang='lat'><em>-</em></span> <span class='ocrx_word' id='word_1_27' title='bbox 473 1248 570 1310; x_wconf 81' lang='lat' dir='ltr'><strong>Velim</strong></span> <span class='ocrx_word' id='word_1_28' title='bbox 598 1252 712 1311; x_wconf 72' lang='lat' dir='ltr'><strong>clericus</strong></span> <span class='ocrx_word' id='word_1_29' title='bbox 740 1252 867 1328; x_wconf 74' lang='lat' dir='ltr'><strong>suplices</strong></span> <span class='ocrx_word' id='word_1_30' title='bbox 894 1249 1056 1311; x_wconf 71' lang='lat' dir='ltr'><strong>dbcrimcsc</strong></span> <span class='ocrx_word' id='word_1_31' title='bbox 1086 1252 1141 1311; x_wconf 84' lang='lat' dir='ltr'><strong>hoc</strong></span> <span class='ocrx_word' id='word_1_32' title='bbox 1168 1259 1267 1312; x_wconf 73' lang='lat' dir='ltr'><strong>motta</strong></span> <span class='ocrx_word' id='word_1_33' title='bbox 1294 1252 1432 1327; x_wconf 54' lang='lat' dir='ltr'><strong>&amp;urum</strong></span> <span class='ocrx_word' id='word_1_34' title='bbox 1459 1269 1481 1311; x_wconf 85' lang='lat' dir='ltr'><strong>n</strong></span> <span class='ocrx_word' id='word_1_35' title='bbox 1502 1259 1588 1313; x_wconf 82' lang='lat' dir='ltr'><strong>mota</strong></span> <span class='ocrx_word' id='word_1_36' title='bbox 1612 1254 1726 1328; x_wconf 83' lang='lat' dir='ltr'><strong>plane-</strong></span> 
     </span>
     <span class='ocr_line' id='line_1_6' title="bbox 379 1337 1731 1414; baseline 0.004 -20"><span class='ocrx_word' id='word_1_37' title='bbox 379 1346 501 1411; x_wconf 79' lang='lat' dir='ltr'><strong>turum,</strong></span> <span class='ocrx_word' id='word_1_38' title='bbox 532 1345 568 1396; x_wconf 76' lang='lat' dir='ltr'><strong>st</strong></span> <span class='ocrx_word' id='word_1_39' title='bbox 598 1339 630 1396; x_wconf 90' lang='lat' dir='ltr'><strong>id</strong></span> <span class='ocrx_word' id='word_1_40' title='bbox 656 1342 789 1398; x_wconf 73' lang='lat' dir='ltr'><strong>incussit</strong></span> <span class='ocrx_word' id='word_1_41' title='bbox 815 1343 848 1397; x_wconf 83' lang='lat' dir='ltr'><strong>in</strong></span> <span class='ocrx_word' id='word_1_42' title='bbox 879 1340 987 1400; x_wconf 76' lang='lat' dir='ltr'><strong>oculos</strong></span> <span class='ocrx_word' id='word_1_43' title='bbox 1032 1338 1107 1398; x_wconf 81' lang='lat' dir='ltr'><strong>(lum</strong></span> <span class='ocrx_word' id='word_1_44' title='bbox 1135 1337 1194 1397; x_wconf 86' lang='lat' dir='ltr'><strong>lira</strong></span> <span class='ocrx_word' id='word_1_45' title='bbox 1224 1338 1374 1414; x_wconf 88' lang='lat' dir='ltr'><strong>quaelibet</strong></span> <span class='ocrx_word' id='word_1_46' title='bbox 1394 1341 1470 1399; x_wconf 82' lang='lat' dir='ltr'><strong>lutra</strong></span> <span class='ocrx_word' id='word_1_47' title='bbox 1496 1341 1584 1400; x_wconf 89' lang='lat' dir='ltr'><strong>nnius</strong></span> <span class='ocrx_word' id='word_1_48' title='bbox 1605 1340 1731 1400; x_wconf 88' lang='lat' dir='ltr'><strong>hominis</strong></span> 
     </span>
     <span class='ocr_line' id='line_1_7' title="bbox 379 1425 1732 1504; baseline 0.004 -22"><span class='ocrx_word' id='word_1_49' title='bbox 379 1430 508 1483; x_wconf 79' lang='lat' dir='ltr'><strong>aemtem</strong></span> <span class='ocrx_word' id='word_1_50' title='bbox 530 1425 662 1501; x_wconf 77' lang='lat' dir='ltr'><strong>qnotidie</strong></span> <span class='ocrx_word' id='word_1_51' title='bbox 690 1426 793 1486; x_wconf 89' lang='lat' dir='ltr'><strong>eodem</strong></span> <span class='ocrx_word' id='word_1_52' title='bbox 815 1434 909 1486; x_wconf 86' lang='lat' dir='ltr'><strong>tractu</strong></span> <span class='ocrx_word' id='word_1_53' title='bbox 931 1427 1038 1486; x_wconf 79' lang='lat' dir='ltr'><strong>Terrae</strong></span> <span class='ocrx_word' id='word_1_54' title='bbox 1060 1427 1166 1486; x_wconf 84' lang='lat' dir='ltr'><strong>facicm</strong></span> <span class='ocrx_word' id='word_1_55' title='bbox 1194 1433 1331 1500; x_wconf 88' lang='lat' dir='ltr'><strong>transeat,</strong></span> <span class='ocrx_word' id='word_1_56' title='bbox 1354 1426 1491 1504; x_wconf 84' lang='lat' dir='ltr'><strong>planetae</strong></span> <span class='ocrx_word' id='word_1_57' title='bbox 1518 1434 1620 1488; x_wconf 88' lang='lat' dir='ltr'><strong>contra</strong></span> <span class='ocrx_word' id='word_1_58' title='bbox 1642 1431 1732 1489; x_wconf 91' lang='lat' dir='ltr'><strong>inter·</strong></span> 
     </span>
     <span class='ocr_line' id='line_1_8' title="bbox 378 1511 1732 1594; baseline 0.005 -25"><span class='ocrx_word' id='word_1_59' title='bbox 378 1512 449 1570; x_wconf 88' lang='lat' dir='ltr'><strong>dnm</strong></span> <span class='ocrx_word' id='word_1_60' title='bbox 470 1511 575 1571; x_wconf 84' lang='lat' dir='ltr'><strong>humili</strong></span> <span class='ocrx_word' id='word_1_61' title='bbox 597 1521 628 1573; x_wconf 87' lang='lat' dir='ltr'><strong>st</strong></span> <span class='ocrx_word' id='word_1_62' title='bbox 648 1513 819 1574; x_wconf 68' lang='lat' dir='ltr'><strong>nectarea</strong></span> <span class='ocrx_word' id='word_1_63' title='bbox 843 1521 1006 1587; x_wconf 76' lang='lat' dir='ltr'><strong>nauseant,</strong></span> <span class='ocrx_word' id='word_1_64' title='bbox 1028 1530 1097 1572; x_wconf 86' lang='lat' dir='ltr'><strong>rnox</strong></span> <span class='ocrx_word' id='word_1_65' title='bbox 1121 1514 1232 1591; x_wconf 86' lang='lat' dir='ltr'><strong>prolixo</strong></span> <span class='ocrx_word' id='word_1_66' title='bbox 1254 1521 1283 1574; x_wconf 88' lang='lat' dir='ltr'><strong>et</strong></span> <span class='ocrx_word' id='word_1_67' title='bbox 1306 1516 1406 1573; x_wconf 85' lang='lat' dir='ltr'><strong>vertici</strong></span> <span class='ocrx_word' id='word_1_68' title='bbox 1428 1516 1601 1593; x_wconf 86' lang='lat' dir='ltr'><strong>propinquo,</strong></span> <span class='ocrx_word' id='word_1_69' title='bbox 1623 1524 1732 1594; x_wconf 85' lang='lat' dir='ltr'><strong>puncta</strong></span> 
     </span>
     <span class='ocr_line' id='line_1_9' title="bbox 379 1601 1237 1677; baseline 0.005 -21"><span class='ocrx_word' id='word_1_70' title='bbox 379 1607 498 1657; x_wconf 88' lang='lat' dir='ltr'><strong>ortnum</strong></span> <span class='ocrx_word' id='word_1_71' title='bbox 520 1607 551 1659; x_wconf 87' lang='lat' dir='ltr'><strong>et</strong></span> <span class='ocrx_word' id='word_1_72' title='bbox 573 1616 728 1660; x_wconf 79' lang='lat' dir='ltr'><strong>occassum</strong></span> <span class='ocrx_word' id='word_1_73' title='bbox 750 1601 920 1661; x_wconf 72' lang='lat' dir='ltr'>notabiliter</span> <span class='ocrx_word' id='word_1_74' title='bbox 940 1609 1149 1677; x_wconf 77' lang='lat' dir='ltr'><strong>permutantes.</strong></span> <span class='ocrx_word' id='word_1_75' title='bbox 1234 1616 1237 1623; x_wconf 91' lang='lat'>·</span> 
     </span>
     <span class='ocr_line' id='line_1_10' title="bbox 470 1685 1734 1766; baseline 0.004 -21"><span class='ocrx_word' id='word_1_76' title='bbox 470 1685 554 1746; x_wconf 87' lang='lat' dir='ltr'><strong>Haec</strong></span> <span class='ocrx_word' id='word_1_77' title='bbox 582 1687 754 1747; x_wconf 73' lang='lat' dir='ltr'><strong>vicissitudo</strong></span> <span class='ocrx_word' id='word_1_78' title='bbox 782 1691 905 1766; x_wconf 86' lang='lat' dir='ltr'><strong>primum</strong></span> <span class='ocrx_word' id='word_1_79' title='bbox 927 1690 956 1746; x_wconf 89' lang='lat' dir='ltr'><strong>in</strong></span> <span class='ocrx_word' id='word_1_80' title='bbox 979 1687 1048 1747; x_wconf 81' lang='lat' dir='ltr'><strong>Sole</strong></span> <span class='ocrx_word' id='word_1_81' title='bbox 1077 1697 1122 1747; x_wconf 90' lang='lat' dir='ltr'><strong>cst</strong></span> <span class='ocrx_word' id='word_1_82' title='bbox 1151 1687 1237 1747; x_wconf 83' lang='lat' dir='ltr'><strong>valde</strong></span> <span class='ocrx_word' id='word_1_83' title='bbox 1265 1689 1439 1765; x_wconf 86' lang='lat' dir='ltr'><strong>conspicua,</strong></span> <span class='ocrx_word' id='word_1_84' title='bbox 1472 1705 1558 1765; x_wconf 85' lang='lat' dir='ltr'><strong>quem</strong></span> <span class='ocrx_word' id='word_1_85' title='bbox 1582 1690 1682 1750; x_wconf 87' lang='lat' dir='ltr'><strong>Venus</strong></span> <span class='ocrx_word' id='word_1_86' title='bbox 1704 1699 1734 1752; x_wconf 90' lang='lat' dir='ltr'><strong>et</strong></span> 
     </span>
     <span class='ocr_line' id='line_1_11' title="bbox 377 1773 1731 1853; baseline 0.007 -23"><span class='ocrx_word' id='word_1_87' title='bbox 377 1773 542 1833; x_wconf 82' lang='lat' dir='ltr'><strong>Mercurius</strong></span> <span class='ocrx_word' id='word_1_88' title='bbox 563 1783 705 1853; x_wconf 89' lang='lat' dir='ltr'><strong>perpetuo</strong></span> <span class='ocrx_word' id='word_1_89' title='bbox 727 1779 908 1835; x_wconf 73' lang='lat' dir='ltr'><strong>comitantur.</strong></span> <span class='ocrx_word' id='word_1_90' title='bbox 952 1775 1029 1835; x_wconf 86' lang='lat' dir='ltr'><strong>Nam</strong></span> <span class='ocrx_word' id='word_1_91' title='bbox 1043 1774 1095 1834; x_wconf 83' lang='lat' dir='ltr'><strong>Sol</strong></span> <span class='ocrx_word' id='word_1_92' title='bbox 1118 1783 1229 1835; x_wconf 81' lang='lat' dir='ltr'><strong>aestetc</strong></span> <span class='ocrx_word' id='word_1_93' title='bbox 1251 1777 1365 1836; x_wconf 89' lang='lat' dir='ltr'><strong>vultum</strong></span> <span class='ocrx_word' id='word_1_94' title='bbox 1388 1775 1427 1836; x_wconf 86' lang='lat' dir='ltr'><strong>ad</strong></span> <span class='ocrx_word' id='word_1_95' title='bbox 1441 1777 1590 1837; x_wconf 79' lang='lat' dir='ltr'><strong>meridiem</strong></span> <span class='ocrx_word' id='word_1_96' title='bbox 1613 1787 1731 1841; x_wconf 87' lang='lat' dir='ltr'><strong>verten-</strong></span> 
     </span>
     <span class='ocr_line' id='line_1_12' title="bbox 379 1861 1733 1941; baseline 0.006 -24"><span class='ocrx_word' id='word_1_97' title='bbox 379 1861 458 1918; x_wconf 91' lang='lat' dir='ltr'><strong>tibus</strong></span> <span class='ocrx_word' id='word_1_98' title='bbox 481 1878 500 1920; x_wconf 89' lang='lat' dir='ltr'><strong>a</strong></span> <span class='ocrx_word' id='word_1_99' title='bbox 521 1863 645 1921; x_wconf 73' lang='lat' dir='ltr'><strong>sinistris</strong></span> <span class='ocrx_word' id='word_1_100' title='bbox 669 1870 698 1922; x_wconf 90' lang='lat' dir='ltr'><strong>et</strong></span> <span class='ocrx_word' id='word_1_101' title='bbox 720 1881 738 1922; x_wconf 88' lang='lat' dir='ltr'><strong>a</strong></span> <span class='ocrx_word' id='word_1_102' title='bbox 760 1871 841 1940; x_wconf 83' lang='lat' dir='ltr'><strong>tergo</strong></span> <span class='ocrx_word' id='word_1_103' title='bbox 864 1865 968 1936; x_wconf 86' lang='lat' dir='ltr'><strong>oritur,</strong></span> <span class='ocrx_word' id='word_1_104' title='bbox 998 1863 1132 1941; x_wconf 81' lang='lat' dir='ltr'><strong>pervadit</strong></span> <span class='ocrx_word' id='word_1_105' title='bbox 1155 1863 1296 1924; x_wconf 84' lang='lat' dir='ltr'><strong>altissime</strong></span> <span class='ocrx_word' id='word_1_106' title='bbox 1326 1873 1355 1923; x_wconf 91' lang='lat' dir='ltr'><strong>et</strong></span> <span class='ocrx_word' id='word_1_107' title='bbox 1377 1882 1393 1923; x_wconf 91' lang='lat' dir='ltr'><strong>e</strong></span> <span class='ocrx_word' id='word_1_108' title='bbox 1416 1865 1533 1924; x_wconf 87' lang='lat' dir='ltr'><strong>sublimi</strong></span> <span class='ocrx_word' id='word_1_109' title='bbox 1556 1875 1647 1926; x_wconf 86' lang='lat' dir='ltr'><strong>terras</strong></span> <span class='ocrx_word' id='word_1_110' title='bbox 1667 1868 1733 1928; x_wconf 82' lang='lat' dir='ltr'><strong>ferit</strong></span> 
     </span>
    </p>
   </div>
   <div class='ocr_carea' id='block_1_3' title="bbox 377 1949 1912 2116">
    <p class='ocr_par' dir='ltr' id='par_1_3' title="bbox 377 1949 1912 2116">
     <span class='ocr_line' id='line_1_13' title="bbox 377 1949 1825 2030; baseline 0.002 -22"><span class='ocrx_word' id='word_1_111' title='bbox 377 1956 553 2026; x_wconf 70' lang='lat' dir='ltr'><strong>msmmque</strong></span> <span class='ocrx_word' id='word_1_112' title='bbox 574 1951 682 2011; x_wconf 81' lang='lat' dir='ltr'><strong>sxcttrn</strong></span> <span class='ocrx_word' id='word_1_113' title='bbox 703 1958 733 2010; x_wconf 89' lang='lat' dir='ltr'><strong>ct</strong></span> <span class='ocrx_word' id='word_1_114' title='bbox 755 1950 833 2010; x_wconf 89' lang='lat' dir='ltr'><strong>diem</strong></span> <span class='ocrx_word' id='word_1_115' title='bbox 854 1949 995 2029; x_wconf 76' lang='lat' dir='ltr'><strong>producit,</strong></span> <span class='ocrx_word' id='word_1_116' title='bbox 1019 1949 1056 2009; x_wconf 88' lang='lat' dir='ltr'><strong>ad</strong></span> <span class='ocrx_word' id='word_1_117' title='bbox 1081 1950 1197 2009; x_wconf 85' lang='lat' dir='ltr'><strong>dextras</strong></span> <span class='ocrx_word' id='word_1_118' title='bbox 1220 1966 1289 2009; x_wconf 90' lang='lat' dir='ltr'><strong>vero</strong></span> <span class='ocrx_word' id='word_1_119' title='bbox 1308 1966 1421 2010; x_wconf 88' lang='lat' dir='ltr'><strong>rursum</strong></span> <span class='ocrx_word' id='word_1_120' title='bbox 1444 1960 1638 2030; x_wconf 72' lang='lat' dir='ltr'><strong>posttergnm</strong></span> <span class='ocrx_word' id='word_1_121' title='bbox 1660 1970 1732 2013; x_wconf 91' lang='lat' dir='ltr'><strong>con·</strong></span> <span class='ocrx_word' id='word_1_122' title='bbox 1820 1991 1825 2011; x_wconf 90' lang='lat'><strong>.</strong></span> 
     </span>
     <span class='ocr_line' id='line_1_14' title="bbox 378 2034 1912 2116; baseline 0.005 -23"><span class='ocrx_word' id='word_1_123' title='bbox 378 2036 474 2111; x_wconf 79' lang='lat' dir='ltr'><strong>ditnr3</strong></span> <span class='ocrx_word' id='word_1_124' title='bbox 506 2034 602 2097; x_wconf 90' lang='lat' dir='ltr'><strong>hlcme</strong></span> <span class='ocrx_word' id='word_1_125' title='bbox 634 2038 732 2097; x_wconf 81' lang='lat' dir='ltr'><strong>omnia</strong></span> <span class='ocrx_word' id='word_1_126' title='bbox 753 2047 822 2097; x_wconf 91' lang='lat' dir='ltr'><strong>sunt</strong></span> <span class='ocrx_word' id='word_1_127' title='bbox 844 2039 1003 2109; x_wconf 86' lang='lat' dir='ltr'><strong>contraria,</strong></span> <span class='ocrx_word' id='word_1_128' title='bbox 1034 2045 1062 2096; x_wconf 92' lang='lat' dir='ltr'><strong>et</strong></span> <span class='ocrx_word' id='word_1_129' title='bbox 1092 2044 1190 2113; x_wconf 88' lang='lat' dir='ltr'><strong>potest</strong></span> <span class='ocrx_word' id='word_1_130' title='bbox 1211 2037 1331 2097; x_wconf 91' lang='lat' dir='ltr'><strong>immota</strong></span> <span class='ocrx_word' id='word_1_131' title='bbox 1352 2036 1428 2098; x_wconf 80' lang='lat' dir='ltr'><strong>facia</strong></span> <span class='ocrx_word' id='word_1_132' title='bbox 1451 2046 1511 2097; x_wconf 88' lang='lat' dir='ltr'><strong>tam</strong></span> <span class='ocrx_word' id='word_1_133' title='bbox 1541 2047 1621 2099; x_wconf 74' lang='lat' dir='ltr'><strong>onus</strong></span> <span class='ocrx_word' id='word_1_134' title='bbox 1644 2057 1732 2116; x_wconf 82' lang='lat' dir='ltr'><strong>qnam</strong></span> <span class='ocrx_word' id='word_1_135' title='bbox 1834 2093 1835 2096; x_wconf 69' lang='grc'>,</span> <span class='ocrx_word' id='word_1_136' title='bbox 1907 2090 1912 2100; x_wconf 92' lang='grc'>.</span> 
     </span>
    </p>
   </div>
   <div class='ocr_carea' id='block_1_4' title="bbox 379 2123 1732 5349">
    <p class='ocr_par' dir='ltr' id='par_1_4' title="bbox 379 2123 1731 2289">
     <span class='ocr_line' id='line_1_15' title="bbox 379 2123 1731 2205; baseline 0.004 -24"><span class='ocrx_word' id='word_1_137' title='bbox 379 2138 505 2182; x_wconf 77' lang='lat' dir='ltr'><strong>occasus</strong></span> <span class='ocrx_word' id='word_1_138' title='bbox 534 2125 598 2201; x_wconf 90' lang='lat' dir='ltr'><strong>ejus</strong></span> <span class='ocrx_word' id='word_1_139' title='bbox 627 2125 765 2203; x_wconf 83' lang='lat' dir='ltr'><strong>conspici.</strong></span> <span class='ocrx_word' id='word_1_140' title='bbox 817 2124 901 2185; x_wconf 86' lang='lat' dir='ltr'><strong>Hauc</strong></span> <span class='ocrx_word' id='word_1_141' title='bbox 932 2123 1163 2184; x_wconf 88' lang='lat' dir='ltr'><strong>vicissitudinem</strong></span> <span class='ocrx_word' id='word_1_142' title='bbox 1194 2123 1279 2182; x_wconf 88' lang='lat' dir='ltr'><strong>Luna</strong></span> <span class='ocrx_word' id='word_1_143' title='bbox 1308 2126 1418 2201; x_wconf 86' lang='lat' dir='ltr'><strong>petitur</strong></span> <span class='ocrx_word' id='word_1_144' title='bbox 1450 2134 1598 2186; x_wconf 90' lang='lat' dir='ltr'><strong>menstruo</strong></span> <span class='ocrx_word' id='word_1_145' title='bbox 1625 2130 1731 2205; x_wconf 92' lang='lat' dir='ltr'><strong>spatio,</strong></span> 
     </span>
     <span class='ocr_line' id='line_1_16' title="bbox 382 2210 1361 2289; baseline 0 -21"><span class='ocrx_word' id='word_1_146' title='bbox 382 2210 463 2269; x_wconf 84' lang='lat' dir='ltr'><strong>llars</strong></span> <span class='ocrx_word' id='word_1_147' title='bbox 486 2211 612 2281; x_wconf 86' lang='lat' dir='ltr'><strong>biennio,</strong></span> <span class='ocrx_word' id='word_1_148' title='bbox 636 2210 754 2289; x_wconf 87' lang='lat' dir='ltr'><strong>Jupiter</strong></span> <span class='ocrx_word' id='word_1_149' title='bbox 775 2211 928 2272; x_wconf 86' lang='lat' dir='ltr'><strong>duodecim</strong></span> <span class='ocrx_word' id='word_1_150' title='bbox 952 2213 1045 2283; x_wconf 89' lang='lat' dir='ltr'><strong>annis,</strong></span> <span class='ocrx_word' id='word_1_151' title='bbox 1069 2211 1212 2272; x_wconf 80' lang='lat' dir='ltr'><strong>Saturnus</strong></span> <span class='ocrx_word' id='word_1_152' title='bbox 1235 2213 1361 2287; x_wconf 79' lang='lat' dir='ltr'><strong>triginta.</strong></span> 
     </span>
    </p>

    <p class='ocr_par' dir='ltr' id='par_1_5' title="bbox 379 2297 1732 2446">
     <span class='ocr_line' id='line_1_17' title="bbox 411 2297 1732 2376; baseline 0.002 -19"><span class='ocrx_word' id='word_1_153' title='bbox 411 2311 415 2319; x_wconf 89' lang='lat'>·</span> <span class='ocrx_word' id='word_1_154' title='bbox 469 2297 550 2375; x_wconf 80' lang='lat' dir='ltr'><strong>Quot</strong></span> <span class='ocrx_word' id='word_1_155' title='bbox 570 2307 643 2357; x_wconf 74' lang='lat' dir='ltr'><strong>sumt</strong></span> <span class='ocrx_word' id='word_1_156' title='bbox 663 2302 759 2375; x_wconf 67' lang='grc' dir='ltr'><strong>ἐρίων</strong></span> <span class='ocrx_word' id='word_1_157' title='bbox 781 2316 893 2376; x_wconf 72' lang='lat' dir='ltr'><strong>pensan</strong></span> <span class='ocrx_word' id='word_1_158' title='bbox 913 2308 1054 2360; x_wconf 77' lang='lat' dir='ltr'><strong>motuum</strong></span> <span class='ocrx_word' id='word_1_159' title='bbox 1074 2307 1248 2360; x_wconf 84' lang='lat' dir='ltr'><strong>astronomo</strong></span> <span class='ocrx_word' id='word_1_160' title='bbox 1270 2298 1514 2360; x_wconf 81' lang='lat' dir='ltr'><strong>mnsiderattdu?</strong></span> <span class='ocrx_word' id='word_1_161' title='bbox 1540 2300 1618 2361; x_wconf 90' lang='lat' dir='ltr'><strong>Duo.</strong></span> <span class='ocrx_word' id='word_1_162' title='bbox 1666 2300 1732 2360; x_wconf 84' lang='lat' dir='ltr'><strong>Pri·</strong></span> 
     </span>
     <span class='ocr_line' id='line_1_18' title="bbox 379 2384 650 2446; baseline 0 -2"><span class='ocrx_word' id='word_1_163' title='bbox 379 2402 447 2444; x_wconf 85' lang='lat' dir='ltr'><strong>mus</strong></span> <span class='ocrx_word' id='word_1_164' title='bbox 468 2393 499 2445; x_wconf 84' lang='lat' dir='ltr'><strong>et</strong></span> <span class='ocrx_word' id='word_1_165' title='bbox 519 2384 650 2446; x_wconf 87' lang='lat' dir='ltr'><strong>secundi.</strong></span> 
     </span>
    </p>

    <p class='ocr_par' dir='ltr' id='par_1_6' title="bbox 379 2471 1732 3163">
     <span class='ocr_line' id='line_1_19' title="bbox 470 2471 1731 2555; baseline 0.002 -22"><span class='ocrx_word' id='word_1_166' title='bbox 470 2472 553 2549; x_wconf 80' lang='lat' dir='ltr'><strong>Quid</strong></span> <span class='ocrx_word' id='word_1_167' title='bbox 566 2474 726 2549; x_wconf 75' lang='lat' dir='ltr'><strong>appellaret</strong></span> <span class='ocrx_word' id='word_1_168' title='bbox 738 2481 852 2534; x_wconf 84' lang='lat' dir='ltr'><strong>motum</strong></span> <span class='ocrx_word' id='word_1_169' title='bbox 867 2473 1025 2550; x_wconf 77' lang='lat' dir='ltr'><strong>primum?</strong></span> <span class='ocrx_word' id='word_1_170' title='bbox 1045 2473 1160 2532; x_wconf 81' lang='lat' dir='ltr'><strong>Motum</strong></span> <span class='ocrx_word' id='word_1_171' title='bbox 1175 2471 1388 2552; x_wconf 80' lang='lat' dir='ltr'><strong>quotidianum,</strong></span> <span class='ocrx_word' id='word_1_172' title='bbox 1412 2471 1524 2534; x_wconf 83' lang='lat' dir='ltr'><strong>Graece</strong></span> <span class='ocrx_word' id='word_1_173' title='bbox 1538 2479 1731 2555; x_wconf 68' lang='grc' dir='ltr'><strong><em>νυχθημερω,</em></strong></span> 
     </span>
     <span class='ocr_line' id='line_1_20' title="bbox 380 2559 1732 2640; baseline 0.003 -22"><span class='ocrx_word' id='word_1_174' title='bbox 380 2562 431 2635; x_wconf 87' lang='lat' dir='ltr'><strong>qui</strong></span> <span class='ocrx_word' id='word_1_175' title='bbox 462 2561 547 2618; x_wconf 91' lang='lat' dir='ltr'><strong>nobis</strong></span> <span class='ocrx_word' id='word_1_176' title='bbox 570 2561 640 2620; x_wconf 88' lang='lat' dir='ltr'><strong>iacit</strong></span> <span class='ocrx_word' id='word_1_177' title='bbox 669 2559 765 2620; x_wconf 91' lang='lat' dir='ltr'><strong>sidera</strong></span> <span class='ocrx_word' id='word_1_178' title='bbox 794 2562 866 2634; x_wconf 83' lang='lat' dir='ltr'><strong>fixa,</strong></span> <span class='ocrx_word' id='word_1_179' title='bbox 897 2561 1045 2638; x_wconf 84' lang='lat' dir='ltr'><strong>planetas,</strong></span> <span class='ocrx_word' id='word_1_180' title='bbox 1069 2560 1183 2618; x_wconf 75' lang='lat' dir='ltr'><strong>Lernam</strong></span> <span class='ocrx_word' id='word_1_181' title='bbox 1206 2569 1235 2619; x_wconf 90' lang='lat' dir='ltr'><strong>et</strong></span> <span class='ocrx_word' id='word_1_182' title='bbox 1257 2559 1368 2634; x_wconf 87' lang='lat' dir='ltr'><strong>Solem,</strong></span> <span class='ocrx_word' id='word_1_183' title='bbox 1398 2559 1531 2636; x_wconf 88' lang='lat' dir='ltr'><strong>adeoque</strong></span> <span class='ocrx_word' id='word_1_184' title='bbox 1562 2571 1592 2622; x_wconf 90' lang='lat' dir='ltr'><strong>et</strong></span> <span class='ocrx_word' id='word_1_185' title='bbox 1613 2565 1639 2621; x_wconf 93' lang='lat' dir='ltr'><strong>sl</strong></span> <span class='ocrx_word' id='word_1_186' title='bbox 1662 2562 1732 2640; x_wconf 85' lang='lat' dir='ltr'><strong>qnid</strong></span> 
     </span>
     <span class='ocr_line' id='line_1_21' title="bbox 379 2646 1729 2726; baseline 0.003 -22"><span class='ocrx_word' id='word_1_187' title='bbox 379 2646 459 2705; x_wconf 85' lang='lat' dir='ltr'><strong>alind</strong></span> <span class='ocrx_word' id='word_1_188' title='bbox 484 2649 513 2705; x_wconf 92' lang='lat' dir='ltr'><strong>in</strong></span> <span class='ocrx_word' id='word_1_189' title='bbox 536 2648 617 2707; x_wconf 90' lang='lat' dir='ltr'><strong>coelo</strong></span> <span class='ocrx_word' id='word_1_190' title='bbox 640 2656 694 2722; x_wconf 87' lang='lat' dir='ltr'><strong>est,</strong></span> <span class='ocrx_word' id='word_1_191' title='bbox 717 2650 784 2707; x_wconf 90' lang='lat' dir='ltr'><strong>oriri</strong></span> <span class='ocrx_word' id='word_1_192' title='bbox 805 2649 842 2709; x_wconf 92' lang='lat' dir='ltr'><strong>ab</strong></span> <span class='ocrx_word' id='word_1_193' title='bbox 866 2664 925 2706; x_wconf 90' lang='lat' dir='ltr'><strong>una</strong></span> <span class='ocrx_word' id='word_1_194' title='bbox 947 2647 1034 2726; x_wconf 85' lang='lat' dir='ltr'><strong>plaga</strong></span> <span class='ocrx_word' id='word_1_195' title='bbox 1056 2649 1214 2707; x_wconf 85' lang='lat' dir='ltr'><strong>horizontis</strong></span> <span class='ocrx_word' id='word_1_196' title='bbox 1242 2654 1270 2706; x_wconf 92' lang='lat' dir='ltr'><strong>et</strong></span> <span class='ocrx_word' id='word_1_197' title='bbox 1294 2650 1321 2704; x_wconf 92' lang='lat' dir='ltr'><strong>in</strong></span> <span class='ocrx_word' id='word_1_198' title='bbox 1346 2650 1480 2725; x_wconf 90' lang='lat' dir='ltr'><strong>opposita</strong></span> <span class='ocrx_word' id='word_1_199' title='bbox 1503 2649 1647 2709; x_wconf 87' lang='lat' dir='ltr'><strong>occidere:</strong></span> <span class='ocrx_word' id='word_1_200' title='bbox 1680 2653 1729 2726; x_wconf 89' lang='lat' dir='ltr'><strong>qni</strong></span> 
     </span>
     <span class='ocr_line' id='line_1_22' title="bbox 380 2734 1729 2814; baseline 0.002 -22"><span class='ocrx_word' id='word_1_201' title='bbox 380 2741 477 2794; x_wconf 90' lang='lat' dir='ltr'><strong>motus</strong></span> <span class='ocrx_word' id='word_1_202' title='bbox 500 2735 584 2794; x_wconf 91' lang='lat' dir='ltr'><strong>nobis</strong></span> <span class='ocrx_word' id='word_1_203' title='bbox 607 2737 636 2794; x_wconf 93' lang='lat' dir='ltr'><strong>in</strong></span> <span class='ocrx_word' id='word_1_204' title='bbox 659 2735 715 2795; x_wconf 89' lang='lat' dir='ltr'><strong>hac</strong></span> <span class='ocrx_word' id='word_1_205' title='bbox 738 2743 819 2814; x_wconf 90' lang='lat' dir='ltr'><strong>parte</strong></span> <span class='ocrx_word' id='word_1_206' title='bbox 842 2734 956 2810; x_wconf 90' lang='lat' dir='ltr'><strong>mundi,</strong></span> <span class='ocrx_word' id='word_1_207' title='bbox 981 2735 1094 2796; x_wconf 91' lang='lat' dir='ltr'><strong>vultum</strong></span> <span class='ocrx_word' id='word_1_208' title='bbox 1116 2734 1153 2794; x_wconf 92' lang='lat' dir='ltr'><strong>ad</strong></span> <span class='ocrx_word' id='word_1_209' title='bbox 1178 2737 1317 2793; x_wconf 87' lang='lat' dir='ltr'><strong>orientem</strong></span> <span class='ocrx_word' id='word_1_210' title='bbox 1340 2735 1592 2810; x_wconf 88' lang='lat' dir='ltr'><strong>convertentibus,</strong></span> <span class='ocrx_word' id='word_1_211' title='bbox 1626 2743 1669 2797; x_wconf 89' lang='lat' dir='ltr'><strong>cst</strong></span> <span class='ocrx_word' id='word_1_212' title='bbox 1691 2739 1729 2796; x_wconf 88' lang='lat' dir='ltr'><strong>ab</strong></span> 
     </span>
     <span class='ocr_line' id='line_1_23' title="bbox 381 2820 1729 2897; baseline 0.003 -18"><span class='ocrx_word' id='word_1_213' title='bbox 381 2831 446 2880; x_wconf 90' lang='lat' dir='ltr'><strong>ortn</strong></span> <span class='ocrx_word' id='word_1_214' title='bbox 468 2821 507 2881; x_wconf 88' lang='lat' dir='ltr'><strong>ad</strong></span> <span class='ocrx_word' id='word_1_215' title='bbox 523 2820 646 2881; x_wconf 82' lang='lat' dir='ltr'><strong>dextras.</strong></span> <span class='ocrx_word' id='word_1_216' title='bbox 670 2821 727 2882; x_wconf 89' lang='lat' dir='ltr'><strong>Per</strong></span> <span class='ocrx_word' id='word_1_217' title='bbox 740 2823 818 2883; x_wconf 90' lang='lat' dir='ltr'><strong>hunc</strong></span> <span class='ocrx_word' id='word_1_218' title='bbox 839 2831 952 2881; x_wconf 89' lang='lat' dir='ltr'><strong>motum</strong></span> <span class='ocrx_word' id='word_1_219' title='bbox 966 2821 1136 2896; x_wconf 89' lang='lat' dir='ltr'><strong>solitarium,</strong></span> <span class='ocrx_word' id='word_1_220' title='bbox 1160 2823 1184 2881; x_wconf 91' lang='lat' dir='ltr'><strong>si</strong></span> <span class='ocrx_word' id='word_1_221' title='bbox 1199 2838 1258 2879; x_wconf 92' lang='lat' dir='ltr'><strong>non</strong></span> <span class='ocrx_word' id='word_1_222' title='bbox 1273 2823 1442 2882; x_wconf 83' lang='lat' dir='ltr'><strong>intercurrat</strong></span> <span class='ocrx_word' id='word_1_223' title='bbox 1464 2830 1561 2883; x_wconf 89' lang='lat' dir='ltr'><strong>motus</strong></span> <span class='ocrx_word' id='word_1_224' title='bbox 1575 2823 1729 2897; x_wconf 88' lang='lat' dir='ltr'><strong>secundus,</strong></span> 
     </span>
     <span class='ocr_line' id='line_1_24' title="bbox 379 2908 1729 2986; baseline 0.003 -20"><span class='ocrx_word' id='word_1_225' title='bbox 379 2908 466 2969; x_wconf 88' lang='lat' dir='ltr'><strong>stella</strong></span> <span class='ocrx_word' id='word_1_226' title='bbox 493 2909 641 2986; x_wconf 85' lang='lat' dir='ltr'><strong>quaelibet</strong></span> <span class='ocrx_word' id='word_1_227' title='bbox 668 2909 771 2969; x_wconf 86' lang='lat' dir='ltr'><strong>dicbus</strong></span> <span class='ocrx_word' id='word_1_228' title='bbox 797 2909 919 2986; x_wconf 79' lang='lat' dir='ltr'><strong>singulis</strong></span> <span class='ocrx_word' id='word_1_229' title='bbox 947 2927 1005 2970; x_wconf 91' lang='lat' dir='ltr'><strong>uno</strong></span> <span class='ocrx_word' id='word_1_230' title='bbox 1035 2919 1064 2969; x_wconf 91' lang='lat' dir='ltr'><strong>et</strong></span> <span class='ocrx_word' id='word_1_231' title='bbox 1092 2909 1193 2970; x_wconf 91' lang='lat' dir='ltr'><strong>eodem</strong></span> <span class='ocrx_word' id='word_1_232' title='bbox 1222 2909 1382 2975; x_wconf 85' lang='lat' dir='ltr'><strong>horizontis</strong></span> <span class='ocrx_word' id='word_1_233' title='bbox 1411 2913 1617 2985; x_wconf 50' lang='lat' dir='ltr'><strong>punctororiri</strong></span> <span class='ocrx_word' id='word_1_234' title='bbox 1640 2918 1669 2971; x_wconf 89' lang='lat' dir='ltr'><strong>ct</strong></span> <span class='ocrx_word' id='word_1_235' title='bbox 1690 2912 1729 2973; x_wconf 87' lang='lat' dir='ltr'><strong>ad</strong></span> 
     </span>
     <span class='ocr_line' id='line_1_25' title="bbox 381 2995 1729 3076; baseline 0.001 -20"><span class='ocrx_word' id='word_1_236' title='bbox 381 2995 502 3056; x_wconf 85' lang='lat' dir='ltr'><strong>candem</strong></span> <span class='ocrx_word' id='word_1_237' title='bbox 526 3012 638 3075; x_wconf 89' lang='lat' dir='ltr'><strong>semper</strong></span> <span class='ocrx_word' id='word_1_238' title='bbox 652 2995 836 3057; x_wconf 88' lang='lat' dir='ltr'><strong>altitudinem</strong></span> <span class='ocrx_word' id='word_1_239' title='bbox 858 3015 946 3075; x_wconf 90' lang='lat' dir='ltr'><strong>supra</strong></span> <span class='ocrx_word' id='word_1_240' title='bbox 966 2996 1114 3076; x_wconf 87' lang='lat' dir='ltr'><strong>planitiem</strong></span> <span class='ocrx_word' id='word_1_241' title='bbox 1135 2996 1294 3056; x_wconf 84' lang='lat' dir='ltr'><strong>horizontis</strong></span> <span class='ocrx_word' id='word_1_242' title='bbox 1309 2998 1518 3074; x_wconf 84' lang='lat' dir='ltr'><strong>aspectabilem</strong></span> <span class='ocrx_word' id='word_1_243' title='bbox 1538 3000 1608 3059; x_wconf 90' lang='lat' dir='ltr'><strong>eniti</strong></span> <span class='ocrx_word' id='word_1_244' title='bbox 1623 3006 1729 3076; x_wconf 89' lang='lat' dir='ltr'><strong>potest,</strong></span> 
     </span>
     <span class='ocr_line' id='line_1_26' title="bbox 380 3083 1300 3163; baseline 0.002 -22"><span class='ocrx_word' id='word_1_245' title='bbox 380 3100 551 3161; x_wconf 84' lang='lat' dir='ltr'><strong>rursumque</strong></span> <span class='ocrx_word' id='word_1_246' title='bbox 575 3100 633 3144; x_wconf 91' lang='lat' dir='ltr'><strong>uuo</strong></span> <span class='ocrx_word' id='word_1_247' title='bbox 656 3091 685 3145; x_wconf 88' lang='lat' dir='ltr'><strong>ct</strong></span> <span class='ocrx_word' id='word_1_248' title='bbox 707 3084 810 3146; x_wconf 91' lang='lat' dir='ltr'><strong>eodem</strong></span> <span class='ocrx_word' id='word_1_249' title='bbox 831 3092 939 3163; x_wconf 87' lang='lat' dir='ltr'><strong>puncto</strong></span> <span class='ocrx_word' id='word_1_250' title='bbox 961 3085 1121 3145; x_wconf 89' lang='lat' dir='ltr'><strong>horizontis</strong></span> <span class='ocrx_word' id='word_1_251' title='bbox 1143 3083 1300 3145; x_wconf 90' lang='lat' dir='ltr'><strong>decumbit.</strong></span> 
     </span>
    </p>

    <p class='ocr_par' dir='ltr' id='par_1_7' title="bbox 379 3171 1730 3584">
     <span class='ocr_line' id='line_1_27' title="bbox 439 3171 1730 3253; baseline 0.002 -20"><span class='ocrx_word' id='word_1_252' title='bbox 439 3194 443 3201; x_wconf 94' lang='lat'>·</span> <span class='ocrx_word' id='word_1_253' title='bbox 471 3172 552 3249; x_wconf 82' lang='lat' dir='ltr'><strong>Quos</strong></span> <span class='ocrx_word' id='word_1_254' title='bbox 574 3174 734 3249; x_wconf 82' lang='lat' dir='ltr'><strong>appellant</strong></span> <span class='ocrx_word' id='word_1_255' title='bbox 753 3182 851 3234; x_wconf 83' lang='lat' dir='ltr'><strong>motae</strong></span> <span class='ocrx_word' id='word_1_256' title='bbox 872 3173 1037 3233; x_wconf 81' lang='lat' dir='ltr'><strong>secundos?</strong></span> <span class='ocrx_word' id='word_1_257' title='bbox 1059 3173 1158 3233; x_wconf 86' lang='lat' dir='ltr'><strong>Motus</strong></span> <span class='ocrx_word' id='word_1_258' title='bbox 1173 3171 1239 3233; x_wconf 92' lang='lat' dir='ltr'><strong>illos</strong></span> <span class='ocrx_word' id='word_1_259' title='bbox 1261 3171 1441 3250; x_wconf 83' lang='lat' dir='ltr'><strong>singulorum</strong></span> <span class='ocrx_word' id='word_1_260' title='bbox 1456 3171 1638 3251; x_wconf 87' lang='lat' dir='ltr'><strong>planetarum</strong></span> <span class='ocrx_word' id='word_1_261' title='bbox 1661 3192 1730 3253; x_wconf 90' lang='lat' dir='ltr'><strong>pro-</strong></span> 
     </span>
     <span class='ocr_line' id='line_1_28' title="bbox 380 3259 1728 3338; baseline 0.005 -23"><span class='ocrx_word' id='word_1_262' title='bbox 380 3260 459 3338; x_wconf 86' lang='lat' dir='ltr'><strong>prios</strong></span> <span class='ocrx_word' id='word_1_263' title='bbox 488 3266 518 3320; x_wconf 93' lang='lat' dir='ltr'><strong>et</strong></span> <span class='ocrx_word' id='word_1_264' title='bbox 548 3259 703 3335; x_wconf 87' lang='lat' dir='ltr'><strong>tardiores,</strong></span> <span class='ocrx_word' id='word_1_265' title='bbox 732 3262 782 3338; x_wconf 81' lang='lat' dir='ltr'><strong>qui</strong></span> <span class='ocrx_word' id='word_1_266' title='bbox 806 3260 948 3333; x_wconf 87' lang='lat' dir='ltr'><strong>alliciant,</strong></span> <span class='ocrx_word' id='word_1_267' title='bbox 981 3267 1014 3319; x_wconf 90' lang='lat' dir='ltr'><strong>nt</strong></span> <span class='ocrx_word' id='word_1_268' title='bbox 1036 3260 1171 3338; x_wconf 88' lang='lat' dir='ltr'><strong>planetae</strong></span> <span class='ocrx_word' id='word_1_269' title='bbox 1198 3276 1256 3320; x_wconf 92' lang='lat' dir='ltr'><strong>non</strong></span> <span class='ocrx_word' id='word_1_270' title='bbox 1285 3259 1408 3338; x_wconf 83' lang='lat' dir='ltr'><strong>singulis</strong></span> <span class='ocrx_word' id='word_1_271' title='bbox 1433 3260 1535 3321; x_wconf 88' lang='lat' dir='ltr'><strong>diebus</strong></span> <span class='ocrx_word' id='word_1_272' title='bbox 1565 3261 1728 3323; x_wconf 88' lang='lat' dir='ltr'><strong>abeodem</strong></span> 
     </span>
     <span class='ocr_line' id='line_1_29' title="bbox 379 3347 1726 3426; baseline 0.003 -22"><span class='ocrx_word' id='word_1_273' title='bbox 379 3348 538 3406; x_wconf 87' lang='lat' dir='ltr'><strong>horizontis</strong></span> <span class='ocrx_word' id='word_1_274' title='bbox 554 3356 667 3425; x_wconf 91' lang='lat' dir='ltr'><strong>puncto</strong></span> <span class='ocrx_word' id='word_1_275' title='bbox 690 3349 819 3409; x_wconf 89' lang='lat' dir='ltr'><strong>oriantur</strong></span> <span class='ocrx_word' id='word_1_276' title='bbox 840 3356 869 3408; x_wconf 90' lang='lat' dir='ltr'><strong>et</strong></span> <span class='ocrx_word' id='word_1_277' title='bbox 890 3347 1024 3408; x_wconf 89' lang='lat' dir='ltr'><strong>occidant</strong></span> <span class='ocrx_word' id='word_1_278' title='bbox 1046 3347 1189 3422; x_wconf 77' lang='lat' dir='ltr'><strong>ethnae,</strong></span> <span class='ocrx_word' id='word_1_279' title='bbox 1212 3364 1267 3406; x_wconf 86' lang='lat' dir='ltr'><strong>nec</strong></span> <span class='ocrx_word' id='word_1_280' title='bbox 1288 3366 1415 3426; x_wconf 88' lang='lat' dir='ltr'><strong>semper,</strong></span> <span class='ocrx_word' id='word_1_281' title='bbox 1438 3348 1477 3408; x_wconf 88' lang='lat' dir='ltr'><strong>ad</strong></span> <span class='ocrx_word' id='word_1_282' title='bbox 1500 3347 1627 3408; x_wconf 86' lang='lat' dir='ltr'><strong>medium</strong></span> <span class='ocrx_word' id='word_1_283' title='bbox 1651 3352 1726 3410; x_wconf 90' lang='lat' dir='ltr'><strong>coeli</strong></span> 
     </span>
     <span class='ocr_line' id='line_1_30' title="bbox 380 3433 1729 3512; baseline 0.004 -19"><span class='ocrx_word' id='word_1_284' title='bbox 380 3436 591 3512; x_wconf 84' lang='lat' dir='ltr'><strong>pervenientes,</strong></span> <span class='ocrx_word' id='word_1_285' title='bbox 615 3433 738 3496; x_wconf 89' lang='lat' dir='ltr'><strong>candem</strong></span> <span class='ocrx_word' id='word_1_286' title='bbox 762 3442 954 3512; x_wconf 87' lang='lat' dir='ltr'><strong>assequantur</strong></span> <span class='ocrx_word' id='word_1_287' title='bbox 976 3434 1175 3509; x_wconf 88' lang='lat' dir='ltr'><strong>altitudinem,</strong></span> <span class='ocrx_word' id='word_1_288' title='bbox 1199 3451 1253 3495; x_wconf 93' lang='lat' dir='ltr'><strong>nec</strong></span> <span class='ocrx_word' id='word_1_289' title='bbox 1274 3436 1362 3495; x_wconf 91' lang='lat' dir='ltr'><strong>sitnm</strong></span> <span class='ocrx_word' id='word_1_290' title='bbox 1385 3435 1509 3497; x_wconf 91' lang='lat' dir='ltr'><strong>eundem</strong></span> <span class='ocrx_word' id='word_1_291' title='bbox 1531 3434 1579 3495; x_wconf 90' lang='lat' dir='ltr'><strong>vel</strong></span> <span class='ocrx_word' id='word_1_292' title='bbox 1602 3439 1676 3498; x_wconf 87' lang='lat' dir='ltr'><strong>inter</strong></span> <span class='ocrx_word' id='word_1_293' title='bbox 1698 3456 1729 3498; x_wconf 91' lang='lat' dir='ltr'><strong>se</strong></span> 
     </span>
     <span class='ocr_line' id='line_1_31' title="bbox 382 3521 757 3584; baseline 0.013 -6"><span class='ocrx_word' id='word_1_294' title='bbox 382 3522 427 3581; x_wconf 84' lang='lat' dir='ltr'><strong>vel</strong></span> <span class='ocrx_word' id='word_1_295' title='bbox 451 3521 490 3583; x_wconf 88' lang='lat' dir='ltr'><strong>ed</strong></span> <span class='ocrx_word' id='word_1_296' title='bbox 513 3521 585 3582; x_wconf 84' lang='lat' dir='ltr'><strong>tiras</strong></span> <span class='ocrx_word' id='word_1_297' title='bbox 607 3525 757 3584; x_wconf 86' lang='lat' dir='ltr'><strong>retineant.</strong></span> 
     </span>
    </p>

    <p class='ocr_par' dir='ltr' id='par_1_8' title="bbox 380 3608 1730 4126">
     <span class='ocr_line' id='line_1_32' title="bbox 471 3608 1730 3687; baseline -0.002 -18"><span class='ocrx_word' id='word_1_298' title='bbox 471 3610 569 3685; x_wconf 80' lang='lat' dir='ltr'><strong>Atque</strong></span> <span class='ocrx_word' id='word_1_299' title='bbox 584 3609 614 3667; x_wconf 93' lang='lat' dir='ltr'><strong>hi</strong></span> <span class='ocrx_word' id='word_1_300' title='bbox 630 3618 726 3671; x_wconf 89' lang='lat' dir='ltr'><strong>motus</strong></span> <span class='ocrx_word' id='word_1_301' title='bbox 748 3612 833 3671; x_wconf 91' lang='lat' dir='ltr'><strong>nobis</strong></span> <span class='ocrx_word' id='word_1_302' title='bbox 856 3612 885 3669; x_wconf 93' lang='lat' dir='ltr'><strong>in</strong></span> <span class='ocrx_word' id='word_1_303' title='bbox 906 3609 963 3669; x_wconf 91' lang='lat' dir='ltr'><strong>hac</strong></span> <span class='ocrx_word' id='word_1_304' title='bbox 978 3608 1077 3669; x_wconf 92' lang='lat' dir='ltr'><strong>mundi</strong></span> <span class='ocrx_word' id='word_1_305' title='bbox 1100 3618 1190 3687; x_wconf 87' lang='lat' dir='ltr'><strong>parte,</strong></span> <span class='ocrx_word' id='word_1_306' title='bbox 1215 3609 1327 3670; x_wconf 89' lang='lat' dir='ltr'><strong>vultum</strong></span> <span class='ocrx_word' id='word_1_307' title='bbox 1350 3608 1389 3668; x_wconf 91' lang='lat' dir='ltr'><strong>ad</strong></span> <span class='ocrx_word' id='word_1_308' title='bbox 1411 3608 1590 3670; x_wconf 89' lang='lat' dir='ltr'><strong>occidentem</strong></span> <span class='ocrx_word' id='word_1_309' title='bbox 1613 3617 1730 3669; x_wconf 87' lang='lat' dir='ltr'><strong>verten-</strong></span> 
     </span>
     <span class='ocr_line' id='line_1_33' title="bbox 380 3696 1729 3778; baseline -0.003 -21"><span class='ocrx_word' id='word_1_310' title='bbox 380 3698 469 3769; x_wconf 88' lang='lat' dir='ltr'><strong>tibus,</strong></span> <span class='ocrx_word' id='word_1_311' title='bbox 493 3696 566 3755; x_wconf 87' lang='lat' dir='ltr'><strong>liunt</strong></span> <span class='ocrx_word' id='word_1_312' title='bbox 586 3698 625 3758; x_wconf 88' lang='lat' dir='ltr'><strong>ab</strong></span> <span class='ocrx_word' id='word_1_313' title='bbox 648 3713 754 3759; x_wconf 89' lang='lat' dir='ltr'><strong>occasu</strong></span> <span class='ocrx_word' id='word_1_314' title='bbox 778 3716 878 3758; x_wconf 91' lang='lat' dir='ltr'><strong>versus</strong></span> <span class='ocrx_word' id='word_1_315' title='bbox 893 3699 1034 3758; x_wconf 88' lang='lat' dir='ltr'><strong>sinistras.</strong></span> <span class='ocrx_word' id='word_1_316' title='bbox 1081 3696 1177 3769; x_wconf 83' lang='lat' dir='ltr'><strong>Fiunt,</strong></span> <span class='ocrx_word' id='word_1_317' title='bbox 1201 3701 1329 3778; x_wconf 87' lang='lat' dir='ltr'><strong>inquam,</strong></span> <span class='ocrx_word' id='word_1_318' title='bbox 1353 3700 1408 3756; x_wconf 91' lang='lat' dir='ltr'><strong>etsi</strong></span> <span class='ocrx_word' id='word_1_319' title='bbox 1430 3714 1488 3757; x_wconf 90' lang='lat' dir='ltr'><strong>uon</strong></span> <span class='ocrx_word' id='word_1_320' title='bbox 1510 3699 1553 3756; x_wconf 90' lang='lat' dir='ltr'><strong>ita</strong></span> <span class='ocrx_word' id='word_1_321' title='bbox 1575 3699 1633 3756; x_wconf 91' lang='lat' dir='ltr'><strong>sint</strong></span> <span class='ocrx_word' id='word_1_322' title='bbox 1649 3698 1729 3756; x_wconf 89' lang='lat' dir='ltr'><strong>obvii</strong></span> 
     </span>
     <span class='ocr_line' id='line_1_34' title="bbox 381 3783 1729 3862; baseline -0.001 -18"><span class='ocrx_word' id='word_1_323' title='bbox 381 3784 474 3844; x_wconf 92' lang='lat' dir='ltr'><strong>oculis</strong></span> <span class='ocrx_word' id='word_1_324' title='bbox 497 3791 530 3842; x_wconf 89' lang='lat' dir='ltr'><strong>ut</strong></span> <span class='ocrx_word' id='word_1_325' title='bbox 551 3785 669 3861; x_wconf 90' lang='lat' dir='ltr'><strong>primus,</strong></span> <span class='ocrx_word' id='word_1_326' title='bbox 692 3788 742 3862; x_wconf 87' lang='lat' dir='ltr'><strong>qui</strong></span> <span class='ocrx_word' id='word_1_327' title='bbox 765 3786 845 3846; x_wconf 89' lang='lat' dir='ltr'><strong>solus</strong></span> <span class='ocrx_word' id='word_1_328' title='bbox 868 3803 899 3844; x_wconf 91' lang='lat' dir='ltr'><strong>sc</strong></span> <span class='ocrx_word' id='word_1_329' title='bbox 920 3786 1047 3843; x_wconf 89' lang='lat' dir='ltr'><strong>insinuat</strong></span> <span class='ocrx_word' id='word_1_330' title='bbox 1069 3785 1264 3861; x_wconf 70' lang='lat' dir='ltr'><strong>experientiae</strong></span> <span class='ocrx_word' id='word_1_331' title='bbox 1286 3784 1436 3843; x_wconf 91' lang='lat' dir='ltr'><strong>hominnm</strong></span> <span class='ocrx_word' id='word_1_332' title='bbox 1458 3783 1575 3844; x_wconf 89' lang='lat' dir='ltr'><strong>rudi-et</strong></span> <span class='ocrx_word' id='word_1_333' title='bbox 1599 3791 1729 3845; x_wconf 91' lang='lat' dir='ltr'><strong>contem-</strong></span> 
     </span>
     <span class='ocr_line' id='line_1_35' title="bbox 380 3870 1730 3950; baseline -0.001 -20"><span class='ocrx_word' id='word_1_334' title='bbox 380 3872 539 3950; x_wconf 86' lang='lat' dir='ltr'><strong>plationem</strong></span> <span class='ocrx_word' id='word_1_335' title='bbox 560 3871 751 3933; x_wconf 89' lang='lat' dir='ltr'><strong>secundorum</strong></span> <span class='ocrx_word' id='word_1_336' title='bbox 775 3874 886 3947; x_wconf 87' lang='lat' dir='ltr'><strong>turbat,</strong></span> <span class='ocrx_word' id='word_1_337' title='bbox 913 3872 1057 3950; x_wconf 90' lang='lat' dir='ltr'><strong>abripiens</strong></span> <span class='ocrx_word' id='word_1_338' title='bbox 1080 3871 1209 3933; x_wconf 88' lang='lat' dir='ltr'><strong>secunde</strong></span> <span class='ocrx_word' id='word_1_339' title='bbox 1231 3872 1351 3932; x_wconf 90' lang='lat' dir='ltr'><strong>mobilia</strong></span> <span class='ocrx_word' id='word_1_340' title='bbox 1373 3889 1480 3931; x_wconf 88' lang='lat' dir='ltr'><strong>secum.</strong></span> <span class='ocrx_word' id='word_1_341' title='bbox 1524 3870 1730 3949; x_wconf 82' lang='lat' dir='ltr'><strong>Intelliguntur</strong></span> 
     </span>
     <span class='ocr_line' id='line_1_36' title="bbox 381 3956 1729 4038; baseline -0.002 -19"><span class='ocrx_word' id='word_1_342' title='bbox 381 3968 478 4020; x_wconf 87' lang='lat' dir='ltr'><strong>autern</strong></span> <span class='ocrx_word' id='word_1_343' title='bbox 501 3958 623 4025; x_wconf 87' lang='lat' dir='ltr'><strong>secundi</strong></span> <span class='ocrx_word' id='word_1_344' title='bbox 644 3962 686 4020; x_wconf 90' lang='lat' dir='ltr'><strong>sic</strong></span> <span class='ocrx_word' id='word_1_345' title='bbox 708 3960 784 4035; x_wconf 84' lang='lat' dir='ltr'><strong>fieri,</strong></span> <span class='ocrx_word' id='word_1_346' title='bbox 807 3962 832 4018; x_wconf 89' lang='lat' dir='ltr'><strong>si</strong></span> <span class='ocrx_word' id='word_1_347' title='bbox 854 3966 950 4019; x_wconf 90' lang='lat' dir='ltr'><strong>mente</strong></span> <span class='ocrx_word' id='word_1_348' title='bbox 973 3958 1125 4018; x_wconf 85' lang='lat' dir='ltr'><strong>abstrahas</strong></span> <span class='ocrx_word' id='word_1_349' title='bbox 1148 3961 1270 4038; x_wconf 89' lang='lat' dir='ltr'><strong>primum</strong></span> <span class='ocrx_word' id='word_1_350' title='bbox 1295 3967 1324 4019; x_wconf 90' lang='lat' dir='ltr'><strong>et</strong></span> <span class='ocrx_word' id='word_1_351' title='bbox 1346 3958 1471 4037; x_wconf 90' lang='lat' dir='ltr'><strong>plurium</strong></span> <span class='ocrx_word' id='word_1_352' title='bbox 1495 3956 1606 4018; x_wconf 92' lang='lat' dir='ltr'><strong>dicrum</strong></span> <span class='ocrx_word' id='word_1_353' title='bbox 1629 3959 1729 4018; x_wconf 90' lang='lat' dir='ltr'><strong>obser-</strong></span> 
     </span>
     <span class='ocr_line' id='line_1_37' title="bbox 381 4048 1053 4126; baseline -0.001 -19"><span class='ocrx_word' id='word_1_354' title='bbox 381 4048 517 4108; x_wconf 80' lang='lat' dir='ltr'><strong>vationes</strong></span> <span class='ocrx_word' id='word_1_355' title='bbox 539 4049 720 4126; x_wconf 87' lang='lat' dir='ltr'><strong>vespertinas</strong></span> <span class='ocrx_word' id='word_1_356' title='bbox 742 4049 817 4107; x_wconf 89' lang='lat' dir='ltr'><strong>inter</strong></span> <span class='ocrx_word' id='word_1_357' title='bbox 839 4064 871 4106; x_wconf 90' lang='lat' dir='ltr'><strong>se</strong></span> <span class='ocrx_word' id='word_1_358' title='bbox 894 4062 1053 4124; x_wconf 88' lang='lat' dir='ltr'><strong>compares.</strong></span> 
     </span>
    </p>

    <p class='ocr_par' dir='ltr' id='par_1_9' title="bbox 381 4132 1730 4282">
     <span class='ocr_line' id='line_1_38' title="bbox 471 4132 1730 4216; baseline -0.002 -20"><span class='ocrx_word' id='word_1_359' title='bbox 471 4134 551 4216; x_wconf 76' lang='lat' dir='ltr'><strong>Quoi</strong></span> <span class='ocrx_word' id='word_1_360' title='bbox 570 4143 642 4195; x_wconf 84' lang='lat' dir='ltr'><strong>sunt</strong></span> <span class='ocrx_word' id='word_1_361' title='bbox 664 4153 733 4212; x_wconf 74' lang='lat' dir='ltr'><strong>erpo</strong></span> <span class='ocrx_word' id='word_1_362' title='bbox 751 4142 856 4211; x_wconf 82' lang='lat' dir='ltr'><strong>partes</strong></span> <span class='ocrx_word' id='word_1_363' title='bbox 878 4133 1104 4195; x_wconf 72' lang='lat' dir='ltr'><strong>mercamine?</strong></span> <span class='ocrx_word' id='word_1_364' title='bbox 1132 4133 1226 4194; x_wconf 86' lang='lat' dir='ltr'><strong>Duae.</strong></span> <span class='ocrx_word' id='word_1_365' title='bbox 1270 4134 1412 4194; x_wconf 87' lang='lat' dir='ltr'><strong>Doctrina</strong></span> <span class='ocrx_word' id='word_1_366' title='bbox 1434 4132 1586 4211; x_wconf 87' lang='lat' dir='ltr'><strong>sphaerica</strong></span> <span class='ocrx_word' id='word_1_367' title='bbox 1608 4140 1636 4192; x_wconf 92' lang='lat' dir='ltr'><strong>ct</strong></span> <span class='ocrx_word' id='word_1_368' title='bbox 1659 4132 1730 4193; x_wconf 91' lang='lat' dir='ltr'><strong>doc-</strong></span> 
     </span>
     <span class='ocr_line' id='line_1_39' title="bbox 381 4222 1551 4282; baseline 0.001 -1"><span class='ocrx_word' id='word_1_369' title='bbox 381 4224 457 4282; x_wconf 89' lang='lat' dir='ltr'><strong>trina</strong></span> <span class='ocrx_word' id='word_1_370' title='bbox 480 4222 618 4282; x_wconf 87' lang='lat' dir='ltr'><strong>theorica.</strong></span> <span class='ocrx_word' id='word_1_371' title='bbox 1547 4246 1551 4255; x_wconf 94' lang='lat'>·</span> 
     </span>
    </p>

    <p class='ocr_par' dir='ltr' id='par_1_10' title="bbox 379 4306 1729 4562">
     <span class='ocr_line' id='line_1_40' title="bbox 473 4306 1729 4389; baseline -0.004 -21"><span class='ocrx_word' id='word_1_372' title='bbox 473 4308 557 4368; x_wconf 76' lang='lat' dir='ltr'><strong>Unde</strong></span> <span class='ocrx_word' id='word_1_373' title='bbox 570 4310 830 4369; x_wconf 79' lang='lat' dir='ltr'><strong>denominantur?</strong></span> <span class='ocrx_word' id='word_1_374' title='bbox 851 4308 1128 4389; x_wconf 85' lang='lat' dir='ltr'><strong>Sphaericadicitur</strong></span> <span class='ocrx_word' id='word_1_375' title='bbox 1139 4307 1176 4367; x_wconf 87' lang='lat' dir='ltr'><strong>ab</strong></span> <span class='ocrx_word' id='word_1_376' title='bbox 1192 4308 1391 4382; x_wconf 89' lang='lat' dir='ltr'><strong>instrumento,</strong></span> <span class='ocrx_word' id='word_1_377' title='bbox 1416 4307 1542 4383; x_wconf 85' lang='lat' dir='ltr'><strong>sphaere</strong></span> <span class='ocrx_word' id='word_1_378' title='bbox 1556 4306 1667 4367; x_wconf 90' lang='lat' dir='ltr'><strong>scilicet</strong></span> <span class='ocrx_word' id='word_1_379' title='bbox 1681 4324 1729 4364; x_wconf 86' lang='lat' dir='ltr'><strong>ar-</strong></span> 
     </span>
     <span class='ocr_line' id='line_1_41' title="bbox 380 4393 1728 4475; baseline -0.004 -20"><span class='ocrx_word' id='word_1_380' title='bbox 380 4396 496 4469; x_wconf 88' lang='lat' dir='ltr'><strong>millari,</strong></span> <span class='ocrx_word' id='word_1_381' title='bbox 520 4412 578 4471; x_wconf 86' lang='lat' dir='ltr'><strong>quo</strong></span> <span class='ocrx_word' id='word_1_382' title='bbox 601 4398 691 4455; x_wconf 87' lang='lat' dir='ltr'><strong>utitur</strong></span> <span class='ocrx_word' id='word_1_383' title='bbox 705 4395 743 4455; x_wconf 86' lang='lat' dir='ltr'><strong>ad</strong></span> <span class='ocrx_word' id='word_1_384' title='bbox 766 4396 967 4475; x_wconf 85' lang='lat' dir='ltr'><strong>explicandum</strong></span> <span class='ocrx_word' id='word_1_385' title='bbox 989 4404 1101 4455; x_wconf 90' lang='lat' dir='ltr'><strong>motum</strong></span> <span class='ocrx_word' id='word_1_386' title='bbox 1124 4396 1255 4472; x_wconf 86' lang='lat' dir='ltr'><strong>primum.</strong></span> <span class='ocrx_word' id='word_1_387' title='bbox 1299 4394 1442 4455; x_wconf 78' lang='lat' dir='ltr'><strong>Theorica</strong></span> <span class='ocrx_word' id='word_1_388' title='bbox 1459 4412 1527 4455; x_wconf 87' lang='lat' dir='ltr'><strong>vcro</strong></span> <span class='ocrx_word' id='word_1_389' title='bbox 1551 4413 1569 4455; x_wconf 94' lang='lat' dir='ltr'><strong>a</strong></span> <span class='ocrx_word' id='word_1_390' title='bbox 1592 4393 1728 4452; x_wconf 89' lang='lat' dir='ltr'><strong>theoriis:</strong></span> 
     </span>
     <span class='ocr_line' id='line_1_42' title="bbox 379 4478 1727 4562; baseline -0.001 -20"><span class='ocrx_word' id='word_1_391' title='bbox 379 4487 421 4542; x_wconf 91' lang='lat' dir='ltr'><strong>sic</strong></span> <span class='ocrx_word' id='word_1_392' title='bbox 444 4481 579 4541; x_wconf 92' lang='lat' dir='ltr'><strong>dicuntur</strong></span> <span class='ocrx_word' id='word_1_393' title='bbox 599 4486 790 4543; x_wconf 88' lang='lat' dir='ltr'><strong>instrumenta</strong></span> <span class='ocrx_word' id='word_1_394' title='bbox 812 4484 908 4562; x_wconf 90' lang='lat' dir='ltr'><strong>plana,</strong></span> <span class='ocrx_word' id='word_1_395' title='bbox 932 4484 1038 4559; x_wconf 87' lang='lat' dir='ltr'><strong>quibua</strong></span> <span class='ocrx_word' id='word_1_396' title='bbox 1060 4485 1168 4542; x_wconf 90' lang='lat' dir='ltr'><strong>utimur</strong></span> <span class='ocrx_word' id='word_1_397' title='bbox 1189 4482 1225 4541; x_wconf 89' lang='lat' dir='ltr'><strong>ad</strong></span> <span class='ocrx_word' id='word_1_398' title='bbox 1249 4481 1436 4560; x_wconf 81' lang='lat' dir='ltr'><strong>explicandos</strong></span> <span class='ocrx_word' id='word_1_399' title='bbox 1454 4490 1551 4541; x_wconf 89' lang='lat' dir='ltr'><strong>motus</strong></span> <span class='ocrx_word' id='word_1_400' title='bbox 1574 4478 1727 4541; x_wconf 89' lang='lat' dir='ltr'><strong>secundos.</strong></span> 
     </span>
    </p>

    <p class='ocr_par' dir='ltr' id='par_1_11' title="bbox 381 4568 1729 4825">
     <span class='ocr_line' id='line_1_43' title="bbox 473 4568 1729 4648; baseline -0.002 -19"><span class='ocrx_word' id='word_1_401' title='bbox 473 4570 554 4646; x_wconf 77' lang='lat' dir='ltr'><strong>Quot</strong></span> <span class='ocrx_word' id='word_1_402' title='bbox 574 4570 659 4630; x_wconf 81' lang='lat' dir='ltr'><strong>libris</strong></span> <span class='ocrx_word' id='word_1_403' title='bbox 680 4578 744 4631; x_wconf 86' lang='lat' dir='ltr'><strong>totu</strong></span> <span class='ocrx_word' id='word_1_404' title='bbox 760 4571 899 4648; x_wconf 81' lang='lat' dir='ltr'><strong>Epitomc</strong></span> <span class='ocrx_word' id='word_1_405' title='bbox 920 4571 1059 4632; x_wconf 80' lang='lat' dir='ltr'><strong>constat?</strong></span> <span class='ocrx_word' id='word_1_406' title='bbox 1080 4570 1207 4647; x_wconf 91' lang='lat' dir='ltr'><strong>Septem.</strong></span> <span class='ocrx_word' id='word_1_407' title='bbox 1235 4569 1340 4628; x_wconf 84' lang='lat' dir='ltr'><strong>Tribus</strong></span> <span class='ocrx_word' id='word_1_408' title='bbox 1364 4568 1400 4629; x_wconf 94' lang='lat' dir='ltr'><strong>de</strong></span> <span class='ocrx_word' id='word_1_409' title='bbox 1416 4568 1547 4628; x_wconf 88' lang='lat' dir='ltr'><strong>doctrina</strong></span> <span class='ocrx_word' id='word_1_410' title='bbox 1568 4568 1729 4646; x_wconf 89' lang='lat' dir='ltr'><strong>sphaerica,</strong></span> 
     </span>
     <span class='ocr_line' id='line_1_44' title="bbox 381 4655 1728 4735; baseline -0.006 -15"><span class='ocrx_word' id='word_1_411' title='bbox 381 4657 475 4720; x_wconf 85' lang='lat' dir='ltr'><strong>tribus</strong></span> <span class='ocrx_word' id='word_1_412' title='bbox 497 4657 564 4718; x_wconf 84' lang='lat' dir='ltr'><strong>aliis</strong></span> <span class='ocrx_word' id='word_1_413' title='bbox 588 4656 623 4717; x_wconf 91' lang='lat' dir='ltr'><strong>de</strong></span> <span class='ocrx_word' id='word_1_414' title='bbox 647 4657 777 4719; x_wconf 90' lang='lat' dir='ltr'><strong>doctrina</strong></span> <span class='ocrx_word' id='word_1_415' title='bbox 800 4660 936 4735; x_wconf 86' lang='lat' dir='ltr'><strong>theorica,</strong></span> <span class='ocrx_word' id='word_1_416' title='bbox 962 4667 991 4721; x_wconf 88' lang='lat' dir='ltr'><strong>et</strong></span> <span class='ocrx_word' id='word_1_417' title='bbox 1013 4676 1071 4718; x_wconf 91' lang='lat' dir='ltr'><strong>uno</strong></span> <span class='ocrx_word' id='word_1_418' title='bbox 1094 4656 1130 4716; x_wconf 91' lang='lat' dir='ltr'><strong>de</strong></span> <span class='ocrx_word' id='word_1_419' title='bbox 1154 4665 1275 4733; x_wconf 87' lang='lat' dir='ltr'><strong>utraque</strong></span> <span class='ocrx_word' id='word_1_420' title='bbox 1298 4656 1490 4732; x_wconf 89' lang='lat' dir='ltr'><strong>conjunctim,</strong></span> <span class='ocrx_word' id='word_1_421' title='bbox 1514 4674 1566 4717; x_wconf 91' lang='lat' dir='ltr'><strong>seu</strong></span> <span class='ocrx_word' id='word_1_422' title='bbox 1590 4655 1626 4716; x_wconf 93' lang='lat' dir='ltr'><strong>de</strong></span> <span class='ocrx_word' id='word_1_423' title='bbox 1647 4663 1728 4715; x_wconf 89' lang='lat' dir='ltr'><strong>motu</strong></span> 
     </span>
     <span class='ocr_line' id='line_1_45' title="bbox 381 4745 680 4825; baseline 0.003 -22"><span class='ocrx_word' id='word_1_424' title='bbox 381 4752 507 4806; x_wconf 88' lang='lat' dir='ltr'><strong>octavae</strong></span> <span class='ocrx_word' id='word_1_425' title='bbox 529 4745 680 4825; x_wconf 82' lang='lat' dir='ltr'><strong>sphaerae.</strong></span> 
     </span>
    </p>

    <p class='ocr_par' dir='ltr' id='par_1_12' title="bbox 379 4829 1729 5349">
     <span class='ocr_line' id='line_1_46' title="bbox 468 4829 1729 4910; baseline -0.003 -18"><span class='ocrx_word' id='word_1_426' title='bbox 468 4833 596 4893; x_wconf 81' lang='lat' dir='ltr'><strong>Rccsnee</strong></span> <span class='ocrx_word' id='word_1_427' title='bbox 627 4840 810 4910; x_wconf 73' lang='lat' dir='ltr'><strong>deprensam</strong></span> <span class='ocrx_word' id='word_1_428' title='bbox 837 4834 985 4893; x_wconf 64' lang='lat' dir='ltr'><strong>librorum</strong></span> <span class='ocrx_word' id='word_1_429' title='bbox 1013 4835 1049 4892; x_wconf 80' lang='lat' dir='ltr'><strong>ds</strong></span> <span class='ocrx_word' id='word_1_430' title='bbox 1076 4833 1215 4892; x_wconf 77' lang='lat' dir='ltr'><strong>doctrina</strong></span> <span class='ocrx_word' id='word_1_431' title='bbox 1242 4832 1407 4906; x_wconf 77' lang='lat' dir='ltr'><strong>sphaerica.</strong></span> <span class='ocrx_word' id='word_1_432' title='bbox 1452 4829 1567 4889; x_wconf 90' lang='lat' dir='ltr'><strong>Primus</strong></span> <span class='ocrx_word' id='word_1_433' title='bbox 1594 4829 1642 4888; x_wconf 92' lang='lat' dir='ltr'><strong>hic</strong></span> <span class='ocrx_word' id='word_1_434' title='bbox 1664 4838 1729 4906; x_wconf 90' lang='lat' dir='ltr'><strong>post</strong></span> 
     </span>
     <span class='ocr_line' id='line_1_47' title="bbox 379 4916 1728 4999; baseline -0.004 -19"><span class='ocrx_word' id='word_1_435' title='bbox 379 4921 530 4998; x_wconf 79' lang='lat' dir='ltr'><strong>generalia</strong></span> <span class='ocrx_word' id='word_1_436' title='bbox 547 4921 688 4982; x_wconf 90' lang='lat' dir='ltr'><strong>hactenus</strong></span> <span class='ocrx_word' id='word_1_437' title='bbox 710 4919 855 4998; x_wconf 82' lang='lat' dir='ltr'><strong>explicata</strong></span> <span class='ocrx_word' id='word_1_438' title='bbox 869 4920 1003 4999; x_wconf 89' lang='lat' dir='ltr'><strong>deinceps</strong></span> <span class='ocrx_word' id='word_1_439' title='bbox 1026 4921 1114 4979; x_wconf 87' lang='lat' dir='ltr'><strong>habet</strong></span> <span class='ocrx_word' id='word_1_440' title='bbox 1128 4919 1278 4996; x_wconf 88' lang='lat' dir='ltr'><strong>principia,</strong></span> <span class='ocrx_word' id='word_1_441' title='bbox 1302 4920 1408 4993; x_wconf 90' lang='lat' dir='ltr'><strong>quibus</strong></span> <span class='ocrx_word' id='word_1_442' title='bbox 1431 4916 1562 4977; x_wconf 87' lang='lat' dir='ltr'><strong>doctrina</strong></span> <span class='ocrx_word' id='word_1_443' title='bbox 1577 4916 1728 4993; x_wconf 86' lang='lat' dir='ltr'><strong>sphaerica</strong></span> 
     </span>
     <span class='ocr_line' id='line_1_48' title="bbox 380 5007 1729 5085; baseline -0.006 -18"><span class='ocrx_word' id='word_1_444' title='bbox 380 5007 583 5085; x_wconf 76' lang='lat' dir='ltr'><strong>scopernlco</strong></span> <span class='ocrx_word' id='word_1_445' title='bbox 607 5009 661 5067; x_wconf 89' lang='lat' dir='ltr'><strong>luit</strong></span> <span class='ocrx_word' id='word_1_446' title='bbox 683 5007 804 5081; x_wconf 86' lang='lat' dir='ltr'><strong>tradita,</strong></span> <span class='ocrx_word' id='word_1_447' title='bbox 835 5025 991 5084; x_wconf 86' lang='lat' dir='ltr'><strong>eorumque</strong></span> <span class='ocrx_word' id='word_1_448' title='bbox 1014 5007 1265 5085; x_wconf 88' lang='lat' dir='ltr'><strong>comprobationes</strong></span> <span class='ocrx_word' id='word_1_449' title='bbox 1289 5013 1318 5064; x_wconf 90' lang='lat' dir='ltr'><strong>et</strong></span> <span class='ocrx_word' id='word_1_450' title='bbox 1341 5007 1548 5064; x_wconf 87' lang='lat' dir='ltr'><strong>contrariorum</strong></span> <span class='ocrx_word' id='word_1_451' title='bbox 1573 5020 1729 5079; x_wconf 84' lang='lat' dir='ltr'><strong>argumen-</strong></span> 
     </span>
     <span class='ocr_line' id='line_1_49' title="bbox 381 5089 1729 5172; baseline -0.005 -17"><span class='ocrx_word' id='word_1_452' title='bbox 381 5103 477 5156; x_wconf 89' lang='lat' dir='ltr'><strong>torum</strong></span> <span class='ocrx_word' id='word_1_453' title='bbox 499 5095 716 5157; x_wconf 89' lang='lat' dir='ltr'><strong>dissolutiones.</strong></span> <span class='ocrx_word' id='word_1_454' title='bbox 762 5094 913 5155; x_wconf 91' lang='lat' dir='ltr'><strong>Secundus</strong></span> <span class='ocrx_word' id='word_1_455' title='bbox 935 5094 1059 5172; x_wconf 85' lang='lat' dir='ltr'><strong>explicat</strong></span> <span class='ocrx_word' id='word_1_456' title='bbox 1081 5094 1222 5169; x_wconf 79' lang='lat' dir='ltr'><strong>originem</strong></span> <span class='ocrx_word' id='word_1_457' title='bbox 1245 5107 1408 5168; x_wconf 88' lang='lat' dir='ltr'><strong>causasque</strong></span> <span class='ocrx_word' id='word_1_458' title='bbox 1438 5101 1467 5150; x_wconf 90' lang='lat' dir='ltr'><strong>et</strong></span> <span class='ocrx_word' id='word_1_459' title='bbox 1490 5089 1648 5150; x_wconf 87' lang='lat' dir='ltr'><strong>divisiones</strong></span> <span class='ocrx_word' id='word_1_460' title='bbox 1671 5092 1729 5150; x_wconf 92' lang='lat' dir='ltr'><strong>cir-</strong></span> 
     </span>
     <span class='ocr_line' id='line_1_50' title="bbox 381 5175 1729 5264; baseline -0.002 -24"><span class='ocrx_word' id='word_1_461' title='bbox 381 5175 512 5244; x_wconf 81' lang='lat' dir='ltr'><strong>culorum</strong></span> <span class='ocrx_word' id='word_1_462' title='bbox 534 5186 718 5264; x_wconf 88' lang='lat' dir='ltr'><strong>partiumque</strong></span> <span class='ocrx_word' id='word_1_463' title='bbox 740 5183 862 5242; x_wconf 87' lang='lat' dir='ltr'><strong>aliarum</strong></span> <span class='ocrx_word' id='word_1_464' title='bbox 885 5182 1034 5260; x_wconf 84' lang='lat' dir='ltr'><strong>sphaerae,</strong></span> <span class='ocrx_word' id='word_1_465' title='bbox 1057 5197 1115 5257; x_wconf 83' lang='lat' dir='ltr'><strong>quo</strong></span> <span class='ocrx_word' id='word_1_466' title='bbox 1139 5181 1327 5237; x_wconf 87' lang='lat' dir='ltr'><strong>instrumento</strong></span> <span class='ocrx_word' id='word_1_467' title='bbox 1351 5179 1479 5237; x_wconf 91' lang='lat' dir='ltr'><strong>doctrina</strong></span> <span class='ocrx_word' id='word_1_468' title='bbox 1500 5177 1651 5254; x_wconf 89' lang='lat' dir='ltr'><strong>sphaerica</strong></span> <span class='ocrx_word' id='word_1_469' title='bbox 1674 5177 1729 5237; x_wconf 92' lang='lat' dir='ltr'><strong>do-</strong></span> 
     </span>
     <span class='ocr_line' id='line_1_51' title="bbox 381 5259 1529 5349; baseline -0.005 -18"><span class='ocrx_word' id='word_1_470' title='bbox 381 5276 439 5331; x_wconf 90' lang='lat' dir='ltr'><strong>ceri</strong></span> <span class='ocrx_word' id='word_1_471' title='bbox 463 5272 558 5333; x_wconf 81' lang='lat' dir='ltr'><strong>dcbet</strong></span> <span class='ocrx_word' id='word_1_472' title='bbox 603 5272 719 5333; x_wconf 84' lang='lat' dir='ltr'><strong>Tertius</strong></span> <span class='ocrx_word' id='word_1_473' title='bbox 740 5259 835 5349; x_wconf 83' lang='lat' dir='ltr'><strong>ipsam</strong></span> <span class='ocrx_word' id='word_1_474' title='bbox 858 5271 1017 5331; x_wconf 90' lang='lat' dir='ltr'><strong>doctrinam</strong></span> <span class='ocrx_word' id='word_1_475' title='bbox 1039 5268 1219 5347; x_wconf 89' lang='lat' dir='ltr'><strong>sphaericam</strong></span> <span class='ocrx_word' id='word_1_476' title='bbox 1243 5284 1293 5343; x_wconf 90' lang='lat' dir='ltr'><strong>por</strong></span> <span class='ocrx_word' id='word_1_477' title='bbox 1316 5273 1412 5343; x_wconf 88' lang='lat' dir='ltr'><strong>partes</strong></span> <span class='ocrx_word' id='word_1_478' title='bbox 1435 5263 1529 5325; x_wconf 85' lang='lat' dir='ltr'><strong>tradit.</strong></span> 
     </span>
    </p>
   </div>
   <div class='ocr_carea' id='block_1_5' title="bbox 0 0 2238 6275">
    <p class='ocr_par' dir='ltr' id='par_1_13' title="bbox 0 0 2238 6275">
     <span class='ocr_line' id='line_1_52' title="bbox 0 0 2238 6275; baseline 0 0"><span class='ocrx_word' id='word_1_479' title='bbox 0 0 2238 6275; x_wconf 95' lang='lat' dir='ltr'><strong> </strong></span> 
     </span>
    </p>
   </div>
  </div>
 </body>
</html>
