4459 6275
392 790 394 795 ’
510 792 573 851 tto
1034 784 1176 857 Epitomes
1193 784 1384 841 Astrouomino

418 978 422 987 ·
509 982 565 1025 axe
588 965 696 1041 posito,
719 965 762 1022 sic
786 969 818 1023 ut
840 965 904 1022 uris
927 980 992 1022 curu
1015 964 1102 1037 linea,
1127 980 1204 1040 quae
1227 972 1326 1023 cenna
1340 961 1419 1023 Solis
1441 969 1472 1023 et
1485 962 1593 1025 Terrae
1616 968 1776 1039 connectit,
1797 976 1872 1027 coir·

508 1060 633 1111 stantem
663 1058 778 1111 tueatur
808 1051 949 1126 angulum
979 1051 1150 1133 obliquum,
1179 1050 1213 1108 'in
1245 1050 1335 1127 plano
1365 1060 1462 1109 tarucn
1495 1050 1533 1109 sd
1563 1052 1685 1130 planum
1716 1054 1872 1131 eclipticas

372 1172 376 1191 .
412 1198 414 1205 ,
508 1148 598 1211 recto,
621 1155 814 1216 quaecunque
837 1140 965 1199 varietas
988 1148 1017 1197 et
1041 1136 1214 1197 vicissitudo
1230 1139 1374 1213 contingit
1395 1136 1434 1196 ad
1450 1140 1626 1214 positionem
1650 1141 1871 1218 cuiusque'an-

508 1226 570 1301 guli
594 1226 804 1298 inclinationis,
841 1242 875 1285 ea
895 1226 958 1302 jam
982 1242 1033 1303 per
1055 1241 1164 1285 annum
1185 1234 1279 1284 toturn
1305 1225 1477 1283 vicissitudo
1500 1224 1583 1285 nulla
1604 1237 1698 1301 esset,
1728 1228 1783 1289 sed
1804 1228 1871 1289 loen

508 1308 625 1374 diversa
646 1312 774 1372 Telluris
796 1319 877 1371 tanto
907 1313 1012 1388 majori
1035 1311 1204 1371 diversitate
1227 1312 1372 1383 alliceret,
1404 1320 1516 1388 quanto
1539 1324 1618 1374 esset
1641 1314 1804 1392 obliquior,
1827 1319 1871 1375 sie

507 1409 541 1459 ιιι
562 1398 637 1471 locs,
662 1417 737 1476 quae
760 1416 837 1458 nnnc
859 1399 950 1459 semel
973 1401 1002 1457 in
1026 1415 1103 1459 anuo
1125 1398 1177 1459 Sol
1201 1398 1316 1472 descrit,
1340 1408 1409 1457 trrrre
1432 1408 1584 1460 aeteruum
1605 1400 1686 1462 Solis
1707 1412 1869 1483 conspeetu

509 1496 607 1548 essent
628 1489 753 1564 priuata,
777 1503 854 1562 qnae
877 1484 976 1546 Solem
999 1486 1110 1547 liabent
1133 1487 1223 1546 seusei
1246 1489 1276 1545 in
1299 1502 1377 1544 anno
1401 1503 1459 1543 non
1483 1486 1673 1563 occidentem,
1698 1498 1771 1551 tuuc
1790 1490 1870 1551 illius

504 1575 574 1651 jugi
599 1581 757 1652 conspectu
779 1574 957 1645 fruerentur,
987 1590 1042 1634 nec
1064 1574 1119 1632 sub
1142 1581 1319 1650 aequatore,
1353 1572 1404 1631 ssd
1428 1575 1483 1633 surb
1507 1577 1635 1653 tropico,
1668 1586 1721 1637 unt
1743 1576 1782 1659 (sl
1804 1582 1870 1639 axis

491 1662 595 1741 plane
617 1670 726 1720 stratus
749 1670 828 1721 esset
851 1663 879 1718 in
903 1662 1024 1738 planum
1048 1660 1211 1738 eclipticas,
1234 1660 1272 1719 ad
1295 1659 1393 1720 Solem
1416 1661 1579 1741 porrectus)
1600 1664 1656 1722 sub
1681 1667 1748 1743 ipso
1769 1666 1869 1725 muudi

508 1748 576 1826 polo
598 1765 713 1826 semper
735 1747 834 1808 Solem
859 1746 1027 1808 verticalem
1049 1748 1200 1807 haberent.
1246 1748 1338 1807 Fixse
1360 1755 1454 1806 toturn
1476 1749 1628 1809 zodiacum
1651 1752 1764 1811 emetiri
1782 1753 1869 1813 vide·

507 1844 605 1897 rentur
626 1839 723 1913 spatio
746 1852 855 1909 annuo,
877 1836 946 1913 polo
962 1834 1070 1895 Terrae
1094 1835 1142 1893 vel
1164 1836 1219 1893 sub
1244 1837 1309 1913 ipsa
1331 1834 1467 1911 eellptica
1491 1836 1538 1896 vel
1562 1837 1619 1897 sub
1641 1838 1701 1898 alio
1723 1837 1868 1917 parallelo

507 1926 659 1983 circuitum
690 1939 820 1982 annuum
852 1922 1034 1982 absolvente.
1080 1922 1127 1983 Ita
1157 1922 1246 1994 lirae,
1279 1938 1356 1997 qnae
1388 1923 1445 1981 loci
1475 1926 1619 1983 rationem
1648 1925 1778 2002 babent,
1810 1944 1867 1987 non

507 2011 592 2084 dane,
616 2010 678 2084 Sol,
702 2012 752 2086 qni
775 2010 881 2084 locati,
911 2009 987 2069 fixus
1010 2017 1194 2087 censeretur,
1225 2012 1295 2086 quin
1320 2012 1464 2087 oppositis
1487 2013 1554 2069 anni
1579 2014 1712 2090 partibus
1733 2016 1765 2072 lu
1787 2024 1868 2075 mota

507 2098 611 2157 diurno
642 2099 801 2157 contrarias
831 2096 979 2158 incederet
1004 2099 1086 2172 viss3
1117 2114 1225 2174 magna
1246 2104 1325 2157 esset
1355 2096 1488 2156 conlusio
1519 2110 1663 2175 motuum,
1694 2100 1868 2161 difficillima

451 2200 454 2207 ·
508 2184 740 2262 comprehensio.
1799 2232 1805 2245 .

593 2272 655 2333 Nee
678 2271 759 2331 aliud
781 2274 938 2351 quiequam
959 2279 1140 2348 sequeretur,
1164 2273 1188 2328 si
1211 2269 1338 2346 angulus
1362 2271 1435 2329 inter
1457 2288 1543 2331 axem
1558 2272 1685 2333 'l'elluris
1708 2282 1740 2335 et
1761 2273 1868 2337 lineam

508 2369 608 2420 centra
631 2367 851 2420 connectentem
875 2369 954 2419 esset
976 2361 1004 2416 in
1028 2357 1117 2436 plano
1140 2357 1260 2433 obliquo
1283 2355 1322 2416 ad
1345 2357 1524 2435 eclipticum:
1548 2362 1605 2418 nisi
1627 2361 1708 2437 quod
1731 2362 1866 2427 tuncSol

508 2464 565 2508 uon
597 2447 654 2506 sub
677 2449 789 2524 tropico
812 2445 936 2520 circulo,
970 2463 1021 2522 per
1045 2447 1128 2504 initia
1151 2444 1254 2504 Carreri
1288 2443 1336 2503 vel
1360 2443 1528 2522 Capricorni
1552 2447 1702 2523 traducto,
1730 2449 1785 2510 sed
1811 2454 1867 2511 sub

507 2535 608 2613 aliquo
640 2535 768 2595 interiori
796 2542 826 2593 et
855 2531 921 2613 (axe
949 2541 1018 2592 tune
1046 2535 1074 2591 in
1102 2532 1224 2611 planum
1252 2533 1472 2609 procumbente)
1487 2552 1615 2611 ¹rursum
1643 2538 1674 2595 in
1701 2540 1866 2615 tropicoia

507 2622 598 2683 latum
622 2620 817 2683 ambulatorio
839 2624 951 2680 moveri
966 2620 1124 2680 videretur.
1170 2618 1287 2695 Ubique
1302 2617 1385 2678 deest
1400 2619 1446 2679 vel
1464 2622 1634 2682 vicissitudo
1657 2631 1864 2702 tempestatum

507 2712 585 2785 anni,
612 2709 657 2769 val
681 2708 830 2769 distinctio
852 2724 991 2767 zonarum
1016 2706 1054 2767 ad
1078 2706 1295 2766 vicissitudines
1317 2707 1548 2782 accommodata,
1572 2709 1619 2769 vel
1644 2720 1811 2789 utrumque.

594 2796 673 2858 Cum
687 2815 758 2873 erpo
770 2798 896 2870 rcjcetm
915 2799 954 2854 sit
976 2794 1111 2871 onpulrn
1133 2797 1202 2855 osis
1223 2811 1294 2852 eum
1308 2794 1460 2868 eclipticas
1479 2796 1576 2872 plone
1590 2790 1697 2873 vestrm
1720 2816 1761 2859 ne
1774 2800 1864 2859 nulio

503 2892 575 2945 mot
596 2883 779 2956 manendo,
801 2886 912 2957 rejecto
926 2885 965 2942 sit
978 2884 1138 2942 inclinatio
1160 2882 1276 2951 totalis,
1299 2897 1353 2939 sero
1375 2898 1460 2940 mera
1481 2886 1626 2959 proiectio
1648 2886 1719 2945 nais
1740 2889 1774 2945 in
1793 2887 1866 2963 ptu-

505 2990 583 3033 num
605 2972 768 3048 eclipticus,
792 2988 831 3029 ne
852 2971 951 3029 nimio
974 2977 1059 3029 emet:
1081 2986 1139 3027 cnr
1160 2987 1224 3029 non
1247 2968 1354 3027 maus
1368 2976 1410 3027 est
1431 2971 1566 3046 unpnlm
1585 2970 1703 3031 medius
1724 2975 1807 3033 inter
1825 2976 1866 3035 9⁰

507 3069 535 3119 et
557 3061 587 3134 0,
610 3076 648 3119 se.
673 3054 738 3133 45⁰,
760 3056 957 3117 mmireetus?
978 3055 1011 3117 Si
1033 3056 1161 3132 angulus
1183 3058 1238 3115 iste
1261 3057 1432 3116 semitectus
1454 3066 1540 3133 esset,
1562 3074 1656 3118 sonas
1678 3070 1794 3121 tautum
1808 3070 1865 3121 tres

505 3153 619 3221 meant,
648 3165 707 3208 nna
731 3146 858 3214 torrida,
890 3144 966 3205 duae
988 3144 1127 3220 trigidae,
1159 3154 1187 3204 et
1210 3145 1261 3203 ubi
1284 3144 1392 3204 desiuit
1414 3153 1526 3206 aestate
1549 3145 1600 3205 Sol
1624 3146 1685 3208 lieri
1709 3148 1865 3220 vertieslh,

505 3235 613 3296 ibidem
642 3233 786 3294 desineret
814 3235 842 3291 in
871 3231 997 3292 solstitio
1025 3231 1147 3292 hiberno
1179 3233 1256 3290 oriri.
1302 3230 1472 3292 Corrhariae
1502 3232 1661 3309 qualitates
1689 3237 1815 3296 aestatis
1836 3247 1865 3296 et

506 3323 610 3382 hiemis
633 3324 675 3381 sic
699 3323 772 3381 luter
794 3337 826 3380 se
849 3318 1033 3380 distributum
1066 3319 1209 3378 haberent
1236 3318 1358 3395 globum
1381 3317 1523 3391 Telluris,
1554 3329 1586 3379 ut
1609 3321 1691 3380 nulla
1718 3323 1818 3382 rnedis
1840 3332 1867 3382 rt

507 3415 669 3486 temperata
699 3411 779 3486 regio
809 3405 1013 3482 intercederem
1042 3424 1106 3467 cunr
1138 3405 1213 3466 alias
1242 3406 1413 3466 naturaliter
1441 3407 1599 3484 qualitates
1627 3410 1702 3469 istae
1726 3413 1866 3490 recipiant

508 3496 647 3558 medium.
719 3521 723 3533 ·

407 3651 409 3656 ,
599 3581 682 3643 Unde
705 3585 910 3659 igiturpatet
929 3580 1098 3640 danmtum
1122 3598 1180 3639 esse
1203 3599 1223 3639 o
1245 3583 1467 3656 sapientissimo
1489 3581 1642 3640 conditore
1664 3587 1867 3657 quantitatem

506 3672 624 3752 ortpttd,
648 3689 709 3746 quo
730 3673 798 3729 oris
825 3669 950 3728 Telluris
971 3671 1151 3741 inclinatur,
1174 3685 1227 3726 sen
1250 3667 1333 3744 quod
1356 3668 1433 3725 idem
1459 3675 1515 3732 est,
1544 3668 1756 3729 declinationis
1776 3671 1867 3746 eclip-

506 3759 602 3820 ticus?
632 3755 775 3833 Equidem
798 3766 825 3816 et
850 3774 950 3835 precor
973 3765 1054 3815 easta
1077 3765 1189 3828 rncrrte,
1218 3762 1251 3812 ut
1273 3756 1399 3831 propitio
1423 3754 1503 3814 illius
1525 3758 1659 3829 rrrrmine,
1684 3764 1716 3814 ut
1739 3758 1866 3828 irruente,

507 3854 538 3906 ιιι
567 3846 696 3905 dictante
720 3843 798 3903 illius
826 3846 929 3922 spiritu
961 3842 997 3902 de
1028 3843 1217 3902 consiliorum
1249 3843 1313 3918 ejus
1337 3845 1451 3901 areanis
1475 3842 1615 3903 disserere
1644 3846 1810 3920 possimus,
1839 3853 1867 3905 et

505 3935 563 4008 les,
594 3935 665 4011 quin
695 3940 724 3992 et
749 3932 800 4008 jus
830 3949 894 3991 esse
917 3931 1068 4005 existimo,
1095 3931 1243 4007 inquirere
1266 3929 1399 3988 modeste
1423 3931 1452 3986 in
1480 3947 1629 4002 numeros,
1662 3943 1867 3992 mensuraret

504 4020 648 4099 pondera,
680 4018 816 4095 adquae
839 4018 954 4095 regulas
977 4022 1040 4096 ipse
1064 4019 1163 4078 omnia
1185 4015 1329 4089 condidit,
1362 4018 1432 4092 quia
1456 4019 1517 4093 ipse
1539 4018 1641 4077 harum
1658 4035 1764 4078 ,rerum
1785 4021 1864 4078 noti-

506 4112 576 4169 tiam
599 4107 710 4168 homiui
732 4123 832 4167 secum
857 4123 1038 4165 communem
1054 4107 1124 4166 lecit
1146 4122 1240 4179 eaque
1264 4106 1293 4162 in
1308 4119 1338 4162 re
1362 4120 1419 4162 non
1443 4108 1591 4164 minimum
1607 4105 1782 4182 particulam
1804 4117 1867 4166 sta·

507 4200 560 4256 tuit
587 4198 723 4270 imaginis
752 4211 823 4254 snae
846 4196 875 4251 in
898 4193 1029 4265 homine,
1060 4195 1272 4269 comprobans,
1300 4208 1389 4266 quam
1418 4191 1540 4264 lecerat,
1574 4200 1605 4251 ut
1634 4191 1719 4253 valde
1750 4195 1866 4264 bonam,

505 4284 681 4361 probaturus
713 4280 804 4342 mrrlto
837 4283 945 4358 magis,
976 4283 1001 4339 si
1033 4280 1122 4357 hujus
1153 4282 1289 4354 imaginis
1319 4279 1428 4337 lurniuo
1452 4281 1539 4339 ctiam
1562 4298 1647 4338 ursum
1669 4296 1865 4354 numerorum,

505 4370 669 4448 ponderum
686 4377 716 4431 et
730 4386 939 4438 mensurarum,
964 4385 1050 4444 quern
1065 4371 1128 4446 ipse
1143 4366 1268 4427 creando
1285 4364 1505 4439 demonstrarit,
1530 4371 1558 4425 in
1575 4369 1751 4443 cognitionis
1773 4367 1866 4428 lucem

505 4459 693 4536 proferamus.
739 4457 804 4516 Non
828 4466 895 4514 sunt
918 4456 995 4515 enim
1018 4455 1091 4515 hacc
1114 4473 1221 4515 areana
1244 4453 1331 4526 talia,
1362 4471 1485 4530 quornm
1509 4456 1686 4514 serrrtations
1716 4457 1804 4516 uobis
1826 4459 1867 4517 sit

507 4545 708 4619 interdictum,
739 4543 792 4606 sed
814 4554 883 4603 surrt
905 4544 990 4601 nobis
1013 4542 1124 4621 speculi
1148 4543 1212 4602 loco
1236 4543 1342 4619 posits,
1367 4550 1399 4599 ut
1422 4540 1536 4601 illorum
1560 4542 1756 4620 explicatione
1779 4545 1866 4604 boni·

506 4643 596 4694 tatem
619 4641 648 4693 et
672 4634 844 4711 sapientiam
869 4630 1016 4690 Crantoris
1038 4629 1253 4706 quadamtenus
1276 4631 1450 4688 iutueamur.

594 4720 667 4780 Cum
697 4728 795 4780 aulem
822 4717 880 4777 duo
908 4719 1092 4795 potissimum
1124 4720 1183 4776 sint
1205 4733 1359 4776 causarum
1391 4733 1515 4791 genera,
1550 4732 1626 4791 quae
1650 4717 1775 4778 Creator
1796 4715 1865 4794 Opi.

506 4807 585 4869 ldu.
609 4811 718 4886 passim
740 4815 859 4866 secutus
888 4822 953 4866 esse
976 4803 1214 4884 deprehenditur:
1244 4803 1388 4874 turmulis,
1419 4820 1471 4862 sen
1495 4803 1680 4880 pulchritudo
1704 4805 1866 4884 archetypi,

505 4907 534 4956 et
556 4894 668 4966 findis,
697 4911 749 4954 seu
773 4893 885 4952 utilitas
907 4894 1102 4953 animantum:
1136 4895 1224 4968 igitur
1246 4894 1400 4963 existimo,
1424 4893 1448 4950 si
1473 4889 1592 4950 Creator
1616 4891 1671 4950 hae
1694 4893 1723 4949 in
1747 4895 1865 4954 oculor·

505 4986 634 5044 mationa
657 4983 832 5060 respexisset
856 4979 1102 5058 pulchritudinem
1127 4980 1283 5055 figurarunt
1309 4978 1594 5052 demonstrabilium,
1623 4997 1681 5038 uon
1705 4978 1866 5040 electurum

505 5073 594 5130 tuime
627 5067 909 5147 quindecungulnm,
938 5068 1022 5143 cujus
1050 5068 1128 5127 latus
1151 5066 1296 5125 abscindit
1318 5065 1354 5125 dc
1378 5065 1488 5125 circulo
1512 5063 1582 5138 et⁰‚
1613 5074 1755 5142 quautam
1786 5067 1865 5127 obli·

505 5159 646 5235 quitatem
670 5156 822 5234 eclipticae
846 5157 1039 5214 observarunt
1062 5151 1136 5228 ludi,
1160 5153 1249 5232 paulo
1271 5157 1368 5212 miurus
1390 5153 1607 5224 Eratosthenes,
1629 5169 1670 5212 se.
1687 5149 1865 5236 23⁰51¹1,‘.

506 5247 649 5320 Quamvis
673 5245 750 5306 enim
773 5241 1039 5320 quindecungulum
1069 5245 1108 5302 sit
1137 5241 1232 5320 ligura
1253 5239 1504 5314 demonstrabilis,
1533 5240 1744 5330 demonstratio
1766 5249 1865 5302 ramas
