<?xml version="1.0" encoding="UTF-8"?>
<!DOCTYPE html PUBLIC "-//W3C//DTD XHTML 1.0 Transitional//EN"
    "http://www.w3.org/TR/xhtml1/DTD/xhtml1-transitional.dtd">
<html xmlns="http://www.w3.org/1999/xhtml" xml:lang="en" lang="en">
 <head>
  <title>
</title>
<meta http-equiv="Content-Type" content="text/html;charset=utf-8" />
  <meta name='ocr-system' content='tesseract 3.04.00' />
  <meta name='ocr-capabilities' content='ocr_page ocr_carea ocr_par ocr_line ocrx_word'/>
</head>
<body>
  <div class='ocr_page' id='page_1' title='image "./joanniskepleria03frisgoog/joanniskepleria03frisgoog_0520.png"; bbox 0 0 4459 6275; ppageno 0'>
   <div class='ocr_carea' id='block_1_1' title="bbox 436 784 1281 856">
    <p class='ocr_par' dir='ltr' id='par_1_1' title="bbox 436 784 1281 856">
     <span class='ocr_line' id='line_1_1' title="bbox 436 784 1281 856; baseline -0.009 -8"><span class='ocrx_word' id='word_1_1' title='bbox 436 789 498 851; x_wconf 80' lang='lat'><strong>508</strong></span> <span class='ocrx_word' id='word_1_2' title='bbox 927 784 1069 856; x_wconf 78' lang='lat' dir='ltr'><strong>Epitomss</strong></span> <span class='ocrx_word' id='word_1_3' title='bbox 1086 784 1281 841; x_wconf 64' lang='lat' dir='ltr'><strong>Mhonomiss</strong></span> 
     </span>
    </p>
   </div>
   <div class='ocr_carea' id='block_1_2' title="bbox 433 962 1787 1112">
    <p class='ocr_par' dir='ltr' id='par_1_2' title="bbox 433 962 1787 1112">
     <span class='ocr_line' id='line_1_2' title="bbox 434 962 1787 1045; baseline 0.003 -24"><span class='ocrx_word' id='word_1_4' title='bbox 434 965 524 1023; x_wconf 87' lang='lat' dir='ltr'><strong>tentis</strong></span> <span class='ocrx_word' id='word_1_5' title='bbox 545 962 620 1037; x_wconf 90' lang='lat' dir='ltr'><strong>loci,</strong></span> <span class='ocrx_word' id='word_1_6' title='bbox 648 962 698 1023; x_wconf 89' lang='lat' dir='ltr'><strong>hic</strong></span> <span class='ocrx_word' id='word_1_7' title='bbox 719 965 794 1024; x_wconf 88' lang='lat' dir='ltr'><strong>inter</strong></span> <span class='ocrx_word' id='word_1_8' title='bbox 815 982 916 1025; x_wconf 85' lang='lat' dir='ltr'><strong>rerum</strong></span> <span class='ocrx_word' id='word_1_9' title='bbox 939 964 1041 1024; x_wconf 83' lang='lat' dir='ltr'><strong>Lunae</strong></span> <span class='ocrx_word' id='word_1_10' title='bbox 1064 962 1162 1025; x_wconf 90' lang='lat' dir='ltr'><strong>locum</strong></span> <span class='ocrx_word' id='word_1_11' title='bbox 1184 973 1215 1026; x_wconf 88' lang='lat' dir='ltr'><strong>et</strong></span> <span class='ocrx_word' id='word_1_12' title='bbox 1235 964 1410 1043; x_wconf 73' lang='lat' dir='ltr'><strong>parallelum</strong></span> <span class='ocrx_word' id='word_1_13' title='bbox 1432 966 1589 1044; x_wconf 80' lang='lat' dir='ltr'><strong>eclipticas</strong></span> <span class='ocrx_word' id='word_1_14' title='bbox 1610 982 1665 1045; x_wconf 83' lang='lat' dir='ltr'><strong>per</strong></span> <span class='ocrx_word' id='word_1_15' title='bbox 1685 968 1787 1027; x_wconf 86' lang='lat' dir='ltr'><strong>risibi-</strong></span> 
     </span>
     <span class='ocr_line' id='line_1_3' title="bbox 433 1049 761 1112; baseline 0.003 -1"><span class='ocrx_word' id='word_1_16' title='bbox 433 1049 491 1111; x_wconf 92' lang='lat' dir='ltr'><strong>lem</strong></span> <span class='ocrx_word' id='word_1_17' title='bbox 513 1050 610 1112; x_wconf 88' lang='lat' dir='ltr'><strong>locum</strong></span> <span class='ocrx_word' id='word_1_18' title='bbox 633 1050 761 1112; x_wconf 86' lang='lat' dir='ltr'><strong>ductum.</strong></span> 
     </span>
    </p>
   </div>
   <div class='ocr_carea' id='block_1_3' title="bbox 434 1148 1789 1303">
    <p class='ocr_par' dir='ltr' id='par_1_3' title="bbox 434 1148 1789 1303">
     <span class='ocr_line' id='line_1_4' title="bbox 522 1148 1787 1225; baseline 0.004 -19"><span class='ocrx_word' id='word_1_19' title='bbox 522 1150 559 1206; x_wconf 88' lang='lat' dir='ltr'><strong>Ut</strong></span> <span class='ocrx_word' id='word_1_20' title='bbox 577 1150 600 1204; x_wconf 91' lang='lat' dir='ltr'><strong>si</strong></span> <span class='ocrx_word' id='word_1_21' title='bbox 616 1148 697 1219; x_wconf 92' lang='lat' dir='ltr'><strong>polus</strong></span> <span class='ocrx_word' id='word_1_22' title='bbox 715 1150 858 1220; x_wconf 87' lang='lat' dir='ltr'><strong>eclipticas</strong></span> <span class='ocrx_word' id='word_1_23' title='bbox 876 1152 914 1207; x_wconf 89' lang='lat' dir='ltr'><strong>sit</strong></span> <span class='ocrx_word' id='word_1_24' title='bbox 930 1153 961 1221; x_wconf 89' lang='lat' dir='ltr'><strong>P,</strong></span> <span class='ocrx_word' id='word_1_25' title='bbox 980 1159 1009 1208; x_wconf 86' lang='lat' dir='ltr'><strong>et</strong></span> <span class='ocrx_word' id='word_1_26' title='bbox 1027 1152 1060 1208; x_wconf 93' lang='lat' dir='ltr'><strong>s1</strong></span> <span class='ocrx_word' id='word_1_27' title='bbox 1076 1151 1225 1221; x_wconf 86' lang='lat' dir='ltr'><strong>parallelus</strong></span> <span class='ocrx_word' id='word_1_28' title='bbox 1244 1152 1399 1223; x_wconf 81' lang='lat' dir='ltr'><strong>eclipticas,</strong></span> <span class='ocrx_word' id='word_1_29' title='bbox 1418 1154 1560 1222; x_wconf 83' lang='lat' dir='ltr'><strong>proximus</strong></span> <span class='ocrx_word' id='word_1_30' title='bbox 1577 1152 1630 1225; x_wconf 92' lang='lat' dir='ltr'><strong>llli,</strong></span> <span class='ocrx_word' id='word_1_31' title='bbox 1647 1154 1691 1210; x_wconf 83' lang='lat' dir='ltr'><strong>rel</strong></span> <span class='ocrx_word' id='word_1_32' title='bbox 1710 1156 1787 1211; x_wconf 76' lang='lat' dir='ltr'><strong>etisu</strong></span> 
     </span>
     <span class='ocr_line' id='line_1_5' title="bbox 434 1229 1789 1303; baseline 0.007 -21"><span class='ocrx_word' id='word_1_33' title='bbox 434 1229 495 1299; x_wconf 86' lang='lat' dir='ltr'><strong>ipsa</strong></span> <span class='ocrx_word' id='word_1_34' title='bbox 507 1230 638 1301; x_wconf 86' lang='lat' dir='ltr'><strong>ecliptica,</strong></span> <span class='ocrx_word' id='word_1_35' title='bbox 659 1245 709 1299; x_wconf 89' lang='lat' dir='ltr'><strong>per</strong></span> <span class='ocrx_word' id='word_1_36' title='bbox 722 1230 740 1285; x_wconf 88' lang='lat' dir='ltr'>S</span> <span class='ocrx_word' id='word_1_37' title='bbox 751 1232 838 1285; x_wconf 83' lang='lat' dir='ltr'><strong>uisum</strong></span> <span class='ocrx_word' id='word_1_38' title='bbox 857 1232 946 1287; x_wconf 88' lang='lat' dir='ltr'><strong>locum</strong></span> <span class='ocrx_word' id='word_1_39' title='bbox 963 1233 1106 1297; x_wconf 88' lang='lat' dir='ltr'><strong>transiens,</strong></span> <span class='ocrx_word' id='word_1_40' title='bbox 1119 1233 1175 1299; x_wconf 85' lang='lat' dir='ltr'><strong>PR,</strong></span> <span class='ocrx_word' id='word_1_41' title='bbox 1193 1231 1235 1286; x_wconf 87' lang='lat' dir='ltr'><strong>PS</strong></span> <span class='ocrx_word' id='word_1_42' title='bbox 1254 1231 1348 1286; x_wconf 90' lang='lat' dir='ltr'><strong>circuli</strong></span> <span class='ocrx_word' id='word_1_43' title='bbox 1365 1231 1548 1301; x_wconf 89' lang='lat' dir='ltr'><strong>latitudinum,</strong></span> <span class='ocrx_word' id='word_1_44' title='bbox 1566 1232 1616 1289; x_wconf 90' lang='lat' dir='ltr'><strong>ille</strong></span> <span class='ocrx_word' id='word_1_45' title='bbox 1633 1249 1685 1303; x_wconf 84' lang='lat' dir='ltr'><strong>per</strong></span> <span class='ocrx_word' id='word_1_46' title='bbox 1699 1250 1789 1291; x_wconf 72' lang='lat' dir='ltr'><strong>m</strong></span> 
     </span>
    </p>
   </div>
   <div class='ocr_carea' id='block_1_4' title="bbox 364 1309 1791 2522">
    <p class='ocr_par' dir='ltr' id='par_1_4' title="bbox 365 1309 1788 1457">
     <span class='ocr_line' id='line_1_6' title="bbox 365 1309 1788 1381; baseline 0.004 -20"><span class='ocrx_word' id='word_1_47' title='bbox 365 1352 368 1361; x_wconf 91' lang='lat'><em>.</em></span> <span class='ocrx_word' id='word_1_48' title='bbox 434 1309 523 1364; x_wconf 87' lang='lat' dir='ltr'><strong>locum</strong></span> <span class='ocrx_word' id='word_1_49' title='bbox 542 1309 579 1372; x_wconf 84' lang='lat' dir='ltr'><strong>B,</strong></span> <span class='ocrx_word' id='word_1_50' title='bbox 596 1310 649 1363; x_wconf 82' lang='lat' dir='ltr'><strong>iste</strong></span> <span class='ocrx_word' id='word_1_51' title='bbox 666 1324 715 1377; x_wconf 85' lang='lat' dir='ltr'><strong>per</strong></span> <span class='ocrx_word' id='word_1_52' title='bbox 732 1309 864 1365; x_wconf 89' lang='lat' dir='ltr'><strong>risibilem</strong></span> <span class='ocrx_word' id='word_1_53' title='bbox 884 1311 916 1378; x_wconf 84' lang='lat' dir='ltr'><strong>S,</strong></span> <span class='ocrx_word' id='word_1_54' title='bbox 939 1312 991 1366; x_wconf 84' lang='lat' dir='ltr'><strong>erit</strong></span> <span class='ocrx_word' id='word_1_55' title='bbox 1009 1312 1042 1365; x_wconf 86' lang='lat' dir='ltr'><strong>si</strong></span> <span class='ocrx_word' id='word_1_56' title='bbox 1060 1309 1209 1380; x_wconf 83' lang='lat' dir='ltr'><strong>parallaxis</strong></span> <span class='ocrx_word' id='word_1_57' title='bbox 1226 1309 1403 1381; x_wconf 70' lang='lat' dir='ltr'><strong>longitudinis</strong></span> <span class='ocrx_word' id='word_1_58' title='bbox 1420 1311 1492 1367; x_wconf 82' lang='lat' dir='ltr'><strong>inter</strong></span> <span class='ocrx_word' id='word_1_59' title='bbox 1508 1311 1573 1368; x_wconf 82' lang='lat' dir='ltr'><strong>Pal</strong></span> <span class='ocrx_word' id='word_1_60' title='bbox 1590 1320 1621 1368; x_wconf 87' lang='lat' dir='ltr'><strong>st</strong></span> <span class='ocrx_word' id='word_1_61' title='bbox 1638 1312 1689 1377; x_wconf 72' lang='grc' dir='ltr'><strong>ΡΒ,</strong></span> <span class='ocrx_word' id='word_1_62' title='bbox 1706 1320 1737 1369; x_wconf 81' lang='lat' dir='ltr'><strong>at</strong></span> <span class='ocrx_word' id='word_1_63' title='bbox 1753 1314 1788 1369; x_wconf 86' lang='lat' dir='ltr'><strong>lll</strong></span> 
     </span>
     <span class='ocr_line' id='line_1_7' title="bbox 436 1385 1215 1457; baseline 0.004 -14"><span class='ocrx_word' id='word_1_64' title='bbox 436 1388 487 1443; x_wconf 91' lang='lat' dir='ltr'><strong>erit</strong></span> <span class='ocrx_word' id='word_1_65' title='bbox 503 1385 653 1457; x_wconf 87' lang='lat' dir='ltr'><strong>parallaxis</strong></span> <span class='ocrx_word' id='word_1_66' title='bbox 671 1388 822 1443; x_wconf 91' lang='lat' dir='ltr'><strong>latitudinis</strong></span> <span class='ocrx_word' id='word_1_67' title='bbox 840 1390 910 1445; x_wconf 88' lang='lat' dir='ltr'><strong>inter</strong></span> <span class='ocrx_word' id='word_1_68' title='bbox 927 1390 953 1445; x_wconf 81' lang='lat' dir='ltr'><strong>It</strong></span> <span class='ocrx_word' id='word_1_69' title='bbox 970 1396 998 1444; x_wconf 89' lang='lat' dir='ltr'><strong>et</strong></span> <span class='ocrx_word' id='word_1_70' title='bbox 1016 1391 1059 1447; x_wconf 85' lang='lat' dir='ltr'><strong>Sl.</strong></span> <span class='ocrx_word' id='word_1_71' title='bbox 1211 1392 1215 1399; x_wconf 91' lang='lat'>&#39;</span> 
     </span>
    </p>

    <p class='ocr_par' dir='ltr' id='par_1_5' title="bbox 364 1479 1791 2522">
     <span class='ocr_line' id='line_1_8' title="bbox 521 1479 1789 1558; baseline 0.002 -17"><span class='ocrx_word' id='word_1_72' title='bbox 521 1479 676 1554; x_wconf 72' lang='lat' dir='ltr'><strong>meodo</strong></span> <span class='ocrx_word' id='word_1_73' title='bbox 698 1488 895 1558; x_wconf 82' lang='lat' dir='ltr'><strong>computatur</strong></span> <span class='ocrx_word' id='word_1_74' title='bbox 916 1482 1073 1558; x_wconf 74' lang='lat' dir='ltr'><strong>raraque?</strong></span> <span class='ocrx_word' id='word_1_75' title='bbox 1100 1482 1144 1541; x_wconf 82' lang='lat' dir='ltr'><strong>Ex</strong></span> <span class='ocrx_word' id='word_1_76' title='bbox 1166 1482 1286 1557; x_wconf 91' lang='lat' dir='ltr'><strong>cognita</strong></span> <span class='ocrx_word' id='word_1_77' title='bbox 1308 1481 1451 1558; x_wconf 83' lang='lat' dir='ltr'><strong>parallasi</strong></span> <span class='ocrx_word' id='word_1_78' title='bbox 1473 1484 1605 1543; x_wconf 85' lang='lat' dir='ltr'><strong>maxima</strong></span> <span class='ocrx_word' id='word_1_79' title='bbox 1625 1481 1789 1543; x_wconf 74' lang='lat' dir='ltr'><strong>altitudinis</strong></span> 
     </span>
     <span class='ocr_line' id='line_1_9' title="bbox 433 1565 1786 1648; baseline 0.006 -23"><span class='ocrx_word' id='word_1_80' title='bbox 433 1568 462 1627; x_wconf 93' lang='lat' dir='ltr'><strong>iu</strong></span> <span class='ocrx_word' id='word_1_81' title='bbox 485 1565 647 1643; x_wconf 80' lang='lat' dir='ltr'><strong>horizonte,</strong></span> <span class='ocrx_word' id='word_1_82' title='bbox 671 1569 754 1645; x_wconf 89' lang='lat' dir='ltr'><strong>eujus</strong></span> <span class='ocrx_word' id='word_1_83' title='bbox 777 1567 907 1629; x_wconf 89' lang='lat' dir='ltr'><strong>definitio</strong></span> <span class='ocrx_word' id='word_1_84' title='bbox 931 1571 1092 1648; x_wconf 89' lang='lat' dir='ltr'><strong>praemissa</strong></span> <span class='ocrx_word' id='word_1_85' title='bbox 1114 1577 1161 1629; x_wconf 87' lang='lat' dir='ltr'><strong>est</strong></span> <span class='ocrx_word' id='word_1_86' title='bbox 1183 1570 1211 1627; x_wconf 93' lang='lat' dir='ltr'><strong>in</strong></span> <span class='ocrx_word' id='word_1_87' title='bbox 1236 1568 1431 1645; x_wconf 78' lang='lat' dir='ltr'><strong>explicatione</strong></span> <span class='ocrx_word' id='word_1_88' title='bbox 1453 1568 1609 1647; x_wconf 88' lang='lat' dir='ltr'><strong>eclipsiom</strong></span> <span class='ocrx_word' id='word_1_89' title='bbox 1631 1570 1786 1633; x_wconf 75' lang='lat' dir='ltr'><strong>lunanum</strong></span> 
     </span>
     <span class='ocr_line' id='line_1_10' title="bbox 433 1654 1786 1734; baseline 0.004 -21"><span class='ocrx_word' id='word_1_90' title='bbox 433 1654 517 1714; x_wconf 81' lang='lat' dir='ltr'><strong>&#39;l&#39;nno</strong></span> <span class='ocrx_word' id='word_1_91' title='bbox 546 1657 624 1715; x_wconf 89' lang='lat' dir='ltr'><strong>enlm</strong></span> <span class='ocrx_word' id='word_1_92' title='bbox 654 1654 814 1716; x_wconf 88' lang='lat' dir='ltr'><strong>seeundum</strong></span> <span class='ocrx_word' id='word_1_93' title='bbox 837 1656 999 1717; x_wconf 81' lang='lat' dir='ltr'><strong>doctrinam</strong></span> <span class='ocrx_word' id='word_1_94' title='bbox 1020 1659 1106 1734; x_wconf 90' lang='lat' dir='ltr'><strong>primi</strong></span> <span class='ocrx_word' id='word_1_95' title='bbox 1129 1656 1263 1727; x_wconf 89' lang='lat' dir='ltr'><strong>mobilis,</strong></span> <span class='ocrx_word' id='word_1_96' title='bbox 1295 1655 1431 1716; x_wconf 85' lang='lat' dir='ltr'><strong>traditam</strong></span> <span class='ocrx_word' id='word_1_97' title='bbox 1458 1655 1534 1717; x_wconf 93' lang='lat' dir='ltr'><strong>lihro</strong></span> <span class='ocrx_word' id='word_1_98' title='bbox 1555 1657 1614 1718; x_wconf 91' lang='lat'>111.</span> <span class='ocrx_word' id='word_1_99' title='bbox 1637 1658 1690 1718; x_wconf 83' lang='lat' dir='ltr'><strong>t&#39;ol.</strong></span> <span class='ocrx_word' id='word_1_100' title='bbox 1714 1662 1786 1733; x_wconf 67' lang='lat'><strong>240,</strong></span> 
     </span>
     <span class='ocr_line' id='line_1_11' title="bbox 433 1742 1789 1823; baseline 0.001 -20"><span class='ocrx_word' id='word_1_101' title='bbox 433 1742 594 1818; x_wconf 79' lang='lat' dir='ltr'><strong>exquiritur</strong></span> <span class='ocrx_word' id='word_1_102' title='bbox 617 1750 757 1819; x_wconf 89' lang='lat' dir='ltr'><strong>punctum</strong></span> <span class='ocrx_word' id='word_1_103' title='bbox 781 1743 933 1823; x_wconf 84' lang='lat' dir='ltr'><strong>ecliptieae</strong></span> <span class='ocrx_word' id='word_1_104' title='bbox 963 1746 1059 1804; x_wconf 91' lang='lat' dir='ltr'><strong>oriens</strong></span> <span class='ocrx_word' id='word_1_105' title='bbox 1082 1751 1112 1805; x_wconf 90' lang='lat' dir='ltr'><strong>at</strong></span> <span class='ocrx_word' id='word_1_106' title='bbox 1142 1745 1350 1820; x_wconf 77' lang='lat' dir='ltr'><strong>nonagesimae</strong></span> <span class='ocrx_word' id='word_1_107' title='bbox 1372 1745 1411 1803; x_wconf 91' lang='lat' dir='ltr'><strong>sh</strong></span> <span class='ocrx_word' id='word_1_108' title='bbox 1433 1760 1470 1803; x_wconf 89' lang='lat' dir='ltr'><strong>ao</strong></span> <span class='ocrx_word' id='word_1_109' title='bbox 1493 1744 1605 1820; x_wconf 89' lang='lat' dir='ltr'><strong>gradus</strong></span> <span class='ocrx_word' id='word_1_110' title='bbox 1628 1762 1682 1807; x_wconf 85' lang='lat' dir='ltr'><strong>ssu</strong></span> <span class='ocrx_word' id='word_1_111' title='bbox 1705 1746 1789 1805; x_wconf 79' lang='lat' dir='ltr'><strong>aliis·</strong></span> 
     </span>
     <span class='ocr_line' id='line_1_12' title="bbox 364 1831 1791 1911; baseline 0.004 -23"><span class='ocrx_word' id='word_1_112' title='bbox 364 1897 366 1901; x_wconf 48' lang='grc'>,</span> <span class='ocrx_word' id='word_1_113' title='bbox 432 1831 525 1889; x_wconf 89' lang='lat' dir='ltr'><strong>simus</strong></span> <span class='ocrx_word' id='word_1_114' title='bbox 555 1831 645 1890; x_wconf 88' lang='lat' dir='ltr'><strong>totius</strong></span> <span class='ocrx_word' id='word_1_115' title='bbox 678 1832 831 1909; x_wconf 83' lang='lat' dir='ltr'><strong>eclipticae</strong></span> <span class='ocrx_word' id='word_1_116' title='bbox 858 1832 896 1893; x_wconf 84' lang='lat' dir='ltr'><strong>ad</strong></span> <span class='ocrx_word' id='word_1_117' title='bbox 927 1834 1108 1911; x_wconf 90' lang='lat' dir='ltr'><strong>propositum</strong></span> <span class='ocrx_word' id='word_1_118' title='bbox 1139 1839 1318 1893; x_wconf 87' lang='lat' dir='ltr'><strong>momentum</strong></span> <span class='ocrx_word' id='word_1_119' title='bbox 1349 1839 1379 1891; x_wconf 89' lang='lat' dir='ltr'><strong>et</strong></span> <span class='ocrx_word' id='word_1_120' title='bbox 1401 1831 1541 1891; x_wconf 86' lang='lat' dir='ltr'><strong>distamia</strong></span> <span class='ocrx_word' id='word_1_121' title='bbox 1564 1831 1628 1892; x_wconf 83' lang='lat' dir='ltr'><strong>dati</strong></span> <span class='ocrx_word' id='word_1_122' title='bbox 1651 1835 1716 1893; x_wconf 84' lang='lat' dir='ltr'><strong>reri</strong></span> <span class='ocrx_word' id='word_1_123' title='bbox 1737 1833 1791 1894; x_wconf 88' lang='lat' dir='ltr'><strong>loci</strong></span> 
     </span>
     <span class='ocr_line' id='line_1_13' title="bbox 433 1916 1790 1997; baseline 0.004 -22"><span class='ocrx_word' id='word_1_124' title='bbox 433 1916 536 1977; x_wconf 90' lang='lat' dir='ltr'><strong>sideris</strong></span> <span class='ocrx_word' id='word_1_125' title='bbox 558 1918 597 1977; x_wconf 89' lang='lat' dir='ltr'><strong>ab</strong></span> <span class='ocrx_word' id='word_1_126' title='bbox 620 1917 688 1990; x_wconf 88' lang='lat' dir='ltr'><strong>illo;</strong></span> <span class='ocrx_word' id='word_1_127' title='bbox 721 1922 869 1995; x_wconf 85' lang='lat' dir='ltr'><strong>quaeritur</strong></span> <span class='ocrx_word' id='word_1_128' title='bbox 892 1927 921 1978; x_wconf 89' lang='lat' dir='ltr'><strong>et</strong></span> <span class='ocrx_word' id='word_1_129' title='bbox 943 1918 1070 1995; x_wconf 87' lang='lat' dir='ltr'><strong>angulus</strong></span> <span class='ocrx_word' id='word_1_130' title='bbox 1092 1919 1171 1979; x_wconf 92' lang='lat' dir='ltr'><strong>illius</strong></span> <span class='ocrx_word' id='word_1_131' title='bbox 1194 1920 1294 1996; x_wconf 88' lang='lat' dir='ltr'><strong>puncti</strong></span> <span class='ocrx_word' id='word_1_132' title='bbox 1317 1920 1453 1991; x_wconf 87' lang='lat' dir='ltr'><strong>orientia,</strong></span> <span class='ocrx_word' id='word_1_133' title='bbox 1476 1936 1529 1977; x_wconf 91' lang='lat' dir='ltr'><strong>sau</strong></span> <span class='ocrx_word' id='word_1_134' title='bbox 1552 1918 1683 1980; x_wconf 82' lang='lat' dir='ltr'><strong>altitudo</strong></span> <span class='ocrx_word' id='word_1_135' title='bbox 1706 1919 1790 1997; x_wconf 88' lang='lat' dir='ltr'><strong>hujus</strong></span> 
     </span>
     <span class='ocr_line' id='line_1_14' title="bbox 432 2004 1790 2083; baseline 0.004 -22"><span class='ocrx_word' id='word_1_136' title='bbox 432 2006 623 2080; x_wconf 88' lang='lat' dir='ltr'><strong>nonagesimi.</strong></span> <span class='ocrx_word' id='word_1_137' title='bbox 681 2004 735 2065; x_wconf 89' lang='lat' dir='ltr'><strong>His</strong></span> <span class='ocrx_word' id='word_1_138' title='bbox 766 2006 841 2067; x_wconf 91' lang='lat' dir='ltr'><strong>datis</strong></span> <span class='ocrx_word' id='word_1_139' title='bbox 878 2009 903 2064; x_wconf 91' lang='lat' dir='ltr'><strong>si</strong></span> <span class='ocrx_word' id='word_1_140' title='bbox 942 2009 1132 2077; x_wconf 72' lang='lat' dir='ltr'><strong>conjiciantur</strong></span> <span class='ocrx_word' id='word_1_141' title='bbox 1147 2060 1151 2067; x_wconf 84' lang='lat'><strong>,</strong></span> <span class='ocrx_word' id='word_1_142' title='bbox 1165 2009 1196 2065; x_wconf 89' lang='lat' dir='ltr'><strong>in</strong></span> <span class='ocrx_word' id='word_1_143' title='bbox 1230 2024 1318 2065; x_wconf 91' lang='lat' dir='ltr'><strong>unam</strong></span> <span class='ocrx_word' id='word_1_144' title='bbox 1351 2022 1495 2065; x_wconf 83' lang='lat' dir='ltr'><strong>summam</strong></span> <span class='ocrx_word' id='word_1_145' title='bbox 1529 2014 1588 2066; x_wconf 92' lang='lat' dir='ltr'><strong>tres</strong></span> <span class='ocrx_word' id='word_1_146' title='bbox 1624 2006 1790 2083; x_wconf 88' lang='lat' dir='ltr'><strong>legarithmi</strong></span> 
     </span>
     <span class='ocr_line' id='line_1_15' title="bbox 437 2089 1790 2172; baseline 0.001 -21"><span class='ocrx_word' id='word_1_147' title='bbox 437 2092 467 2169; x_wconf 87' lang='lat' dir='ltr'><strong>i)</strong></span> <span class='ocrx_word' id='word_1_148' title='bbox 489 2091 589 2168; x_wconf 92' lang='lat' dir='ltr'><strong>auguli</strong></span> <span class='ocrx_word' id='word_1_149' title='bbox 613 2093 742 2168; x_wconf 87' lang='lat' dir='ltr'><strong>orientia,</strong></span> <span class='ocrx_word' id='word_1_150' title='bbox 773 2091 805 2172; x_wconf 78' lang='lat'><strong>2)</strong></span> <span class='ocrx_word' id='word_1_151' title='bbox 828 2093 1023 2169; x_wconf 81' lang='lat' dir='ltr'><strong>elongationis</strong></span> <span class='ocrx_word' id='word_1_152' title='bbox 1046 2095 1150 2153; x_wconf 89' lang='lat' dir='ltr'><strong>sideris</strong></span> <span class='ocrx_word' id='word_1_153' title='bbox 1173 2113 1192 2153; x_wconf 92' lang='lat' dir='ltr'><strong>a</strong></span> <span class='ocrx_word' id='word_1_154' title='bbox 1214 2096 1422 2169; x_wconf 86' lang='lat' dir='ltr'><strong>nonagesimo,</strong></span> <span class='ocrx_word' id='word_1_155' title='bbox 1444 2089 1477 2172; x_wconf 84' lang='lat'><strong>3)</strong></span> <span class='ocrx_word' id='word_1_156' title='bbox 1498 2093 1689 2171; x_wconf 82' lang='lat' dir='ltr'><strong>parallaxaos</strong></span> <span class='ocrx_word' id='word_1_157' title='bbox 1712 2096 1790 2156; x_wconf 92' lang='lat' dir='ltr'><strong>hori-</strong></span> 
     </span>
     <span class='ocr_line' id='line_1_16' title="bbox 433 2178 1790 2260; baseline 0.003 -21"><span class='ocrx_word' id='word_1_158' title='bbox 433 2178 566 2253; x_wconf 83' lang='lat' dir='ltr'><strong>nontalis,</strong></span> <span class='ocrx_word' id='word_1_159' title='bbox 590 2180 776 2240; x_wconf 87' lang='lat' dir='ltr'><strong>acerrabitur</strong></span> <span class='ocrx_word' id='word_1_160' title='bbox 798 2180 990 2255; x_wconf 87' lang='lat' dir='ltr'><strong>legarithmus</strong></span> <span class='ocrx_word' id='word_1_161' title='bbox 1013 2181 1198 2260; x_wconf 87' lang='lat' dir='ltr'><strong>parallaxeos</strong></span> <span class='ocrx_word' id='word_1_162' title='bbox 1220 2181 1422 2257; x_wconf 87' lang='lat' dir='ltr'><strong>longitudinis.</strong></span> <span class='ocrx_word' id='word_1_163' title='bbox 1467 2180 1515 2241; x_wconf 88' lang='lat' dir='ltr'><strong>lts</strong></span> <span class='ocrx_word' id='word_1_164' title='bbox 1537 2184 1563 2239; x_wconf 88' lang='lat' dir='ltr'><strong>si</strong></span> <span class='ocrx_word' id='word_1_165' title='bbox 1577 2182 1742 2258; x_wconf 76' lang='lat' dir='ltr'><strong>conjeceris</strong></span> <span class='ocrx_word' id='word_1_166' title='bbox 1763 2186 1790 2243; x_wconf 90' lang='lat' dir='ltr'><strong>ln</strong></span> 
     </span>
     <span class='ocr_line' id='line_1_17' title="bbox 433 2266 1791 2347; baseline 0.004 -22"><span class='ocrx_word' id='word_1_167' title='bbox 433 2282 522 2326; x_wconf 91' lang='lat' dir='ltr'><strong>unam</strong></span> <span class='ocrx_word' id='word_1_168' title='bbox 552 2284 696 2328; x_wconf 88' lang='lat' dir='ltr'><strong>summam</strong></span> <span class='ocrx_word' id='word_1_169' title='bbox 728 2266 756 2347; x_wconf 92' lang='lat' dir='ltr'><strong>l)</strong></span> <span class='ocrx_word' id='word_1_170' title='bbox 784 2268 1055 2345; x_wconf 87' lang='lat' dir='ltr'><strong>antilogaritlrmum</strong></span> <span class='ocrx_word' id='word_1_171' title='bbox 1084 2268 1187 2346; x_wconf 89' lang='lat' dir='ltr'><strong>anguli</strong></span> <span class='ocrx_word' id='word_1_172' title='bbox 1215 2271 1351 2342; x_wconf 91' lang='lat' dir='ltr'><strong>orientis,</strong></span> <span class='ocrx_word' id='word_1_173' title='bbox 1390 2268 1424 2345; x_wconf 72' lang='lat' dir='ltr'><strong>h)</strong></span> <span class='ocrx_word' id='word_1_174' title='bbox 1451 2266 1663 2343; x_wconf 80' lang='lat' dir='ltr'><strong>lugarithmum</strong></span> <span class='ocrx_word' id='word_1_175' title='bbox 1694 2270 1791 2347; x_wconf 80' lang='lat' dir='ltr'><strong>paral·</strong></span> 
     </span>
     <span class='ocr_line' id='line_1_18' title="bbox 434 2346 1791 2434; baseline 0.001 -19"><span class='ocrx_word' id='word_1_176' title='bbox 434 2354 536 2429; x_wconf 85' lang='lat' dir='ltr'><strong>luscos</strong></span> <span class='ocrx_word' id='word_1_177' title='bbox 558 2353 759 2428; x_wconf 85' lang='lat' dir='ltr'><strong>horisontelis,</strong></span> <span class='ocrx_word' id='word_1_178' title='bbox 784 2356 919 2416; x_wconf 87' lang='lat' dir='ltr'><strong>conficies</strong></span> <span class='ocrx_word' id='word_1_179' title='bbox 934 2356 1141 2432; x_wconf 88' lang='lat' dir='ltr'><strong>lognrithmum</strong></span> <span class='ocrx_word' id='word_1_180' title='bbox 1165 2354 1350 2434; x_wconf 86' lang='lat' dir='ltr'><strong>parallaxeos</strong></span> <span class='ocrx_word' id='word_1_181' title='bbox 1370 2346 1545 2415; x_wconf 80' lang='lat' dir='ltr'><strong>latitudinis.</strong></span> <span class='ocrx_word' id='word_1_182' title='bbox 1589 2356 1791 2421; x_wconf 71' lang='lat' dir='ltr'><strong>Fundamenta</strong></span> 
     </span>
     <span class='ocr_line' id='line_1_19' title="bbox 438 2440 1789 2522; baseline 0.003 -24"><span class='ocrx_word' id='word_1_183' title='bbox 438 2440 526 2516; x_wconf 88' lang='lat' dir='ltr'><strong>hujus</strong></span> <span class='ocrx_word' id='word_1_184' title='bbox 550 2444 777 2520; x_wconf 89' lang='lat' dir='ltr'><strong>eomputationis</strong></span> <span class='ocrx_word' id='word_1_185' title='bbox 800 2451 868 2503; x_wconf 92' lang='lat' dir='ltr'><strong>sunt</strong></span> <span class='ocrx_word' id='word_1_186' title='bbox 891 2446 919 2500; x_wconf 93' lang='lat' dir='ltr'><strong>in</strong></span> <span class='ocrx_word' id='word_1_187' title='bbox 935 2443 1013 2503; x_wconf 84' lang='lat' dir='ltr'><strong>Astr.</strong></span> <span class='ocrx_word' id='word_1_188' title='bbox 1029 2444 1118 2504; x_wconf 85' lang='lat' dir='ltr'><strong>Parte</strong></span> <span class='ocrx_word' id='word_1_189' title='bbox 1134 2443 1250 2522; x_wconf 86' lang='lat' dir='ltr'><strong>Optiea,</strong></span> <span class='ocrx_word' id='word_1_190' title='bbox 1275 2441 1358 2502; x_wconf 88' lang='lat' dir='ltr'><strong>aiol.</strong></span> <span class='ocrx_word' id='word_1_191' title='bbox 1383 2445 1445 2503; x_wconf 80' lang='lat'><strong>312</strong></span> <span class='ocrx_word' id='word_1_192' title='bbox 1469 2443 1501 2501; x_wconf 93' lang='lat' dir='ltr'><strong>in</strong></span> <span class='ocrx_word' id='word_1_193' title='bbox 1523 2444 1600 2506; x_wconf 74' lang='lat'><strong>320.</strong></span> <span class='ocrx_word' id='word_1_194' title='bbox 1636 2448 1707 2515; x_wconf 74' lang='lat' dir='ltr'><strong>(iol.</strong></span> <span class='ocrx_word' id='word_1_195' title='bbox 1719 2453 1752 2505; x_wconf 83' lang='lat'><strong>11.</strong></span> <span class='ocrx_word' id='word_1_196' title='bbox 1767 2468 1789 2515; x_wconf 80' lang='lat' dir='ltr'><strong>p.</strong></span> 
     </span>
    </p>
   </div>
   <div class='ocr_carea' id='block_1_5' title="bbox 352 2529 592 2591">
    <p class='ocr_par' dir='ltr' id='par_1_6' title="bbox 352 2529 592 2591">
     <span class='ocr_line' id='line_1_20' title="bbox 352 2529 592 2591; baseline -0.025 -8"><span class='ocrx_word' id='word_1_197' title='bbox 352 2578 355 2583; x_wconf 90' lang='lat'>.</span> <span class='ocrx_word' id='word_1_198' title='bbox 434 2529 592 2591; x_wconf 80' lang='lat' dir='ltr'><strong>ana-sss.)</strong></span> 
     </span>
    </p>
   </div>
   <div class='ocr_carea' id='block_1_6' title="bbox 433 2613 1790 3133">
    <p class='ocr_par' dir='ltr' id='par_1_7' title="bbox 433 2613 1790 3133">
     <span class='ocr_line' id='line_1_21' title="bbox 527 2613 1790 2693; baseline 0.004 -19"><span class='ocrx_word' id='word_1_199' title='bbox 527 2613 584 2674; x_wconf 79' lang='lat' dir='ltr'><strong>unt</strong></span> <span class='ocrx_word' id='word_1_200' title='bbox 604 2615 692 2675; x_wconf 84' lang='lat' dir='ltr'><strong>nullu</strong></span> <span class='ocrx_word' id='word_1_201' title='bbox 715 2623 757 2674; x_wconf 81' lang='lat' dir='ltr'><strong>est</strong></span> <span class='ocrx_word' id='word_1_202' title='bbox 778 2616 979 2693; x_wconf 74' lang='lat' dir='ltr'><strong>longhudinie</strong></span> <span class='ocrx_word' id='word_1_203' title='bbox 998 2616 1187 2693; x_wconf 71' lang='lat' dir='ltr'><strong>pecoliaris,</strong></span> <span class='ocrx_word' id='word_1_204' title='bbox 1211 2616 1266 2674; x_wconf 83' lang='lat' dir='ltr'><strong>abi</strong></span> <span class='ocrx_word' id='word_1_205' title='bbox 1287 2618 1417 2676; x_wconf 56' lang='lat' dir='ltr'><strong>ommim</strong></span> <span class='ocrx_word' id='word_1_206' title='bbox 1440 2616 1607 2678; x_wconf 74' lang='lat' dir='ltr'><strong>manime?</strong></span> <span class='ocrx_word' id='word_1_207' title='bbox 1639 2616 1677 2677; x_wconf 93' lang='lat' dir='ltr'><strong>In</strong></span> <span class='ocrx_word' id='word_1_208' title='bbox 1700 2634 1790 2679; x_wconf 80' lang='lat' dir='ltr'><strong>nona·</strong></span> 
     </span>
     <span class='ocr_line' id='line_1_22' title="bbox 433 2702 1789 2782; baseline 0.001 -19"><span class='ocrx_word' id='word_1_209' title='bbox 433 2704 546 2779; x_wconf 85' lang='lat' dir='ltr'><strong>gesimo</strong></span> <span class='ocrx_word' id='word_1_210' title='bbox 569 2702 687 2780; x_wconf 89' lang='lat' dir='ltr'><strong>quidem</strong></span> <span class='ocrx_word' id='word_1_211' title='bbox 710 2711 755 2763; x_wconf 89' lang='lat' dir='ltr'><strong>est</strong></span> <span class='ocrx_word' id='word_1_212' title='bbox 776 2702 969 2779; x_wconf 85' lang='lat' dir='ltr'><strong>longitudinis</strong></span> <span class='ocrx_word' id='word_1_213' title='bbox 990 2703 1079 2771; x_wconf 85' lang='lat' dir='ltr'><strong>nulla,</strong></span> <span class='ocrx_word' id='word_1_214' title='bbox 1103 2710 1135 2763; x_wconf 89' lang='lat' dir='ltr'><strong>ut</strong></span> <span class='ocrx_word' id='word_1_215' title='bbox 1156 2719 1215 2762; x_wconf 92' lang='lat' dir='ltr'><strong>non</strong></span> <span class='ocrx_word' id='word_1_216' title='bbox 1237 2721 1353 2781; x_wconf 85' lang='lat' dir='ltr'><strong>semper</strong></span> <span class='ocrx_word' id='word_1_217' title='bbox 1374 2705 1403 2763; x_wconf 91' lang='lat' dir='ltr'><strong>in</strong></span> <span class='ocrx_word' id='word_1_218' title='bbox 1426 2703 1578 2765; x_wconf 78' lang='lat' dir='ltr'><strong>horizonte</strong></span> <span class='ocrx_word' id='word_1_219' title='bbox 1592 2712 1641 2765; x_wconf 88' lang='lat' dir='ltr'><strong>est</strong></span> <span class='ocrx_word' id='word_1_220' title='bbox 1661 2703 1789 2782; x_wconf 79' lang='lat' dir='ltr'><strong>longitur-</strong></span> 
     </span>
     <span class='ocr_line' id='line_1_23' title="bbox 434 2790 1788 2869; baseline 0.003 -21"><span class='ocrx_word' id='word_1_221' title='bbox 434 2790 510 2850; x_wconf 89' lang='lat' dir='ltr'><strong>dinis</strong></span> <span class='ocrx_word' id='word_1_222' title='bbox 532 2792 669 2851; x_wconf 87' lang='lat' dir='ltr'><strong>maxime.</strong></span> <span class='ocrx_word' id='word_1_223' title='bbox 713 2790 789 2852; x_wconf 84' lang='lat' dir='ltr'><strong>llam</strong></span> <span class='ocrx_word' id='word_1_224' title='bbox 811 2795 836 2851; x_wconf 90' lang='lat' dir='ltr'><strong>si</strong></span> <span class='ocrx_word' id='word_1_225' title='bbox 859 2794 969 2852; x_wconf 91' lang='lat' dir='ltr'><strong>oriatur</strong></span> <span class='ocrx_word' id='word_1_226' title='bbox 984 2791 1162 2865; x_wconf 79' lang='lat' dir='ltr'><strong>Sagittarius</strong></span> <span class='ocrx_word' id='word_1_227' title='bbox 1185 2790 1231 2850; x_wconf 89' lang='lat' dir='ltr'><strong>vel</strong></span> <span class='ocrx_word' id='word_1_228' title='bbox 1249 2790 1449 2869; x_wconf 87' lang='lat' dir='ltr'><strong>Capricornus,</strong></span> <span class='ocrx_word' id='word_1_229' title='bbox 1473 2791 1664 2854; x_wconf 79' lang='lat' dir='ltr'><strong>decrescente</strong></span> <span class='ocrx_word' id='word_1_230' title='bbox 1682 2794 1788 2869; x_wconf 79' lang='lat' dir='ltr'><strong>angulo</strong></span> 
     </span>
     <span class='ocr_line' id='line_1_24' title="bbox 434 2878 1787 2955; baseline 0.001 -17"><span class='ocrx_word' id='word_1_231' title='bbox 434 2880 562 2952; x_wconf 90' lang='lat' dir='ltr'><strong>orientis,</strong></span> <span class='ocrx_word' id='word_1_232' title='bbox 587 2880 690 2938; x_wconf 86' lang='lat' dir='ltr'><strong>erescit</strong></span> <span class='ocrx_word' id='word_1_233' title='bbox 713 2880 777 2955; x_wconf 89' lang='lat' dir='ltr'><strong>ojus</strong></span> <span class='ocrx_word' id='word_1_234' title='bbox 792 2879 984 2954; x_wconf 89' lang='lat' dir='ltr'><strong>logarithmus</strong></span> <span class='ocrx_word' id='word_1_235' title='bbox 1006 2878 1095 2955; x_wconf 87' lang='lat' dir='ltr'><strong>idque</strong></span> <span class='ocrx_word' id='word_1_236' title='bbox 1118 2878 1311 2955; x_wconf 70' lang='lat' dir='ltr'><strong>sensibiliter,</strong></span> <span class='ocrx_word' id='word_1_237' title='bbox 1334 2881 1360 2939; x_wconf 88' lang='lat' dir='ltr'><strong>si</strong></span> <span class='ocrx_word' id='word_1_238' title='bbox 1382 2888 1482 2939; x_wconf 88' lang='lat' dir='ltr'><strong>autem</strong></span> <span class='ocrx_word' id='word_1_239' title='bbox 1498 2888 1567 2941; x_wconf 89' lang='lat' dir='ltr'><strong>tune</strong></span> <span class='ocrx_word' id='word_1_240' title='bbox 1590 2880 1680 2939; x_wconf 87' lang='lat' dir='ltr'><strong>simul</strong></span> <span class='ocrx_word' id='word_1_241' title='bbox 1704 2884 1787 2941; x_wconf 75' lang='grc' dir='ltr'><strong>οίίιι</strong></span> 
     </span>
     <span class='ocr_line' id='line_1_25' title="bbox 436 2965 1785 3043; baseline 0.002 -18"><span class='ocrx_word' id='word_1_242' title='bbox 436 2965 519 3027; x_wconf 85' lang='lat' dir='ltr'><strong>Luna</strong></span> <span class='ocrx_word' id='word_1_243' title='bbox 543 2983 642 3027; x_wconf 81' lang='lat' dir='ltr'><strong>narsus</strong></span> <span class='ocrx_word' id='word_1_244' title='bbox 666 2983 802 3027; x_wconf 89' lang='lat' dir='ltr'><strong>occasum</strong></span> <span class='ocrx_word' id='word_1_245' title='bbox 826 2974 890 3039; x_wconf 88' lang='lat' dir='ltr'><strong>eat,</strong></span> <span class='ocrx_word' id='word_1_246' title='bbox 920 2983 1033 3043; x_wconf 84' lang='lat' dir='ltr'><strong>augens</strong></span> <span class='ocrx_word' id='word_1_247' title='bbox 1065 2965 1325 3041; x_wconf 85' lang='lat' dir='ltr'><strong>elongationcma</strong></span> <span class='ocrx_word' id='word_1_248' title='bbox 1356 2968 1562 3042; x_wconf 87' lang='lat' dir='ltr'><strong>nonagesimo,</strong></span> <span class='ocrx_word' id='word_1_249' title='bbox 1592 2967 1785 3043; x_wconf 87' lang='lat' dir='ltr'><strong>logsrithmut</strong></span> 
     </span>
     <span class='ocr_line' id='line_1_26' title="bbox 433 3052 1786 3133; baseline 0.001 -19"><span class='ocrx_word' id='word_1_250' title='bbox 433 3054 522 3130; x_wconf 89' lang='lat' dir='ltr'><strong>hujus</strong></span> <span class='ocrx_word' id='word_1_251' title='bbox 544 3053 739 3130; x_wconf 80' lang='lat' dir='ltr'><strong>elongationis</strong></span> <span class='ocrx_word' id='word_1_252' title='bbox 760 3057 900 3115; x_wconf 90' lang='lat' dir='ltr'><strong>minuitur</strong></span> <span class='ocrx_word' id='word_1_253' title='bbox 922 3070 995 3133; x_wconf 90' lang='lat' dir='ltr'><strong>pene</strong></span> <span class='ocrx_word' id='word_1_254' title='bbox 1019 3052 1124 3126; x_wconf 91' lang='lat' dir='ltr'><strong>nihilo,</strong></span> <span class='ocrx_word' id='word_1_255' title='bbox 1148 3061 1268 3131; x_wconf 89' lang='lat' dir='ltr'><strong>superat</strong></span> <span class='ocrx_word' id='word_1_256' title='bbox 1290 3055 1378 3129; x_wconf 90' lang='lat' dir='ltr'><strong>igitur</strong></span> <span class='ocrx_word' id='word_1_257' title='bbox 1401 3056 1481 3132; x_wconf 89' lang='lat' dir='ltr'><strong>prius</strong></span> <span class='ocrx_word' id='word_1_258' title='bbox 1503 3054 1578 3113; x_wconf 91' lang='lat' dir='ltr'><strong>illud</strong></span> <span class='ocrx_word' id='word_1_259' title='bbox 1600 3066 1786 3131; x_wconf 83' lang='lat' dir='ltr'><strong>augmentum</strong></span> 
     </span>
    </p>
   </div>
   <div class='ocr_carea' id='block_1_7' title="bbox 337 3139 1785 3226">
    <p class='ocr_par' dir='ltr' id='par_1_8' title="bbox 337 3139 1785 3226">
     <span class='ocr_line' id='line_1_27' title="bbox 337 3139 1785 3226; baseline 0.002 -25"><span class='ocrx_word' id='word_1_260' title='bbox 337 3213 339 3220; x_wconf 19' lang='lat' dir='ltr'>y</span> <span class='ocrx_word' id='word_1_261' title='bbox 433 3142 636 3219; x_wconf 88' lang='lat' dir='ltr'><strong>redundstque</strong></span> <span class='ocrx_word' id='word_1_262' title='bbox 665 3146 694 3202; x_wconf 93' lang='lat' dir='ltr'><strong>in</strong></span> <span class='ocrx_word' id='word_1_263' title='bbox 723 3142 931 3219; x_wconf 86' lang='lat' dir='ltr'><strong>legarithmum</strong></span> <span class='ocrx_word' id='word_1_264' title='bbox 961 3141 1146 3220; x_wconf 85' lang='lat' dir='ltr'><strong>parallaxeos</strong></span> <span class='ocrx_word' id='word_1_265' title='bbox 1174 3139 1384 3226; x_wconf 81' lang='lat' dir='ltr'><strong>longitudinis,</strong></span> <span class='ocrx_word' id='word_1_266' title='bbox 1416 3144 1515 3218; x_wconf 87' lang='lat' dir='ltr'><strong>itaque</strong></span> <span class='ocrx_word' id='word_1_267' title='bbox 1544 3146 1688 3204; x_wconf 91' lang='lat' dir='ltr'><strong>minuitur</strong></span> <span class='ocrx_word' id='word_1_268' title='bbox 1709 3145 1785 3214; x_wconf 70' lang='lat' dir='ltr'><strong>mes,</strong></span> 
     </span>
    </p>
   </div>
   <div class='ocr_carea' id='block_1_8' title="bbox 431 3229 1786 5322">
    <p class='ocr_par' dir='ltr' id='par_1_9' title="bbox 433 3229 1785 3815">
     <span class='ocr_line' id='line_1_28' title="bbox 436 3229 1785 3308; baseline 0.001 -18"><span class='ocrx_word' id='word_1_269' title='bbox 436 3230 519 3290; x_wconf 88' lang='lat' dir='ltr'><strong>Luna</strong></span> <span class='ocrx_word' id='word_1_270' title='bbox 550 3247 652 3289; x_wconf 87' lang='lat' dir='ltr'><strong>versus</strong></span> <span class='ocrx_word' id='word_1_271' title='bbox 685 3231 867 3291; x_wconf 80' lang='lat' dir='ltr'><strong>horizontem</strong></span> <span class='ocrx_word' id='word_1_272' title='bbox 901 3229 1095 3290; x_wconf 88' lang='lat' dir='ltr'><strong>descendente</strong></span> <span class='ocrx_word' id='word_1_273' title='bbox 1128 3231 1159 3286; x_wconf 92' lang='lat' dir='ltr'><strong>in</strong></span> <span class='ocrx_word' id='word_1_274' title='bbox 1190 3231 1282 3304; x_wconf 86' lang='lat' dir='ltr'><strong>sigtris</strong></span> <span class='ocrx_word' id='word_1_275' title='bbox 1312 3229 1602 3308; x_wconf 78' lang='lat' dir='ltr'><strong>septentrionalibus.</strong></span> <span class='ocrx_word' id='word_1_276' title='bbox 1655 3231 1785 3292; x_wconf 82' lang='lat' dir='ltr'><strong>Vicissim</strong></span> 
     </span>
     <span class='ocr_line' id='line_1_29' title="bbox 436 3316 1785 3393; baseline -0.001 -15"><span class='ocrx_word' id='word_1_277' title='bbox 436 3320 524 3393; x_wconf 91' lang='lat' dir='ltr'><strong>igitur</strong></span> <span class='ocrx_word' id='word_1_278' title='bbox 547 3321 576 3375; x_wconf 93' lang='lat' dir='ltr'><strong>in</strong></span> <span class='ocrx_word' id='word_1_279' title='bbox 599 3317 702 3376; x_wconf 91' lang='lat' dir='ltr'><strong>iisdem</strong></span> <span class='ocrx_word' id='word_1_280' title='bbox 725 3318 810 3377; x_wconf 60' lang='lat' dir='ltr'><strong>launa</strong></span> <span class='ocrx_word' id='word_1_281' title='bbox 832 3325 967 3378; x_wconf 87' lang='lat' dir='ltr'><strong>versante</strong></span> <span class='ocrx_word' id='word_1_282' title='bbox 990 3325 1019 3376; x_wconf 90' lang='lat' dir='ltr'><strong>et</strong></span> <span class='ocrx_word' id='word_1_283' title='bbox 1041 3316 1079 3376; x_wconf 90' lang='lat' dir='ltr'><strong>ab</strong></span> <span class='ocrx_word' id='word_1_284' title='bbox 1102 3316 1253 3376; x_wconf 83' lang='lat' dir='ltr'><strong>horizonte</strong></span> <span class='ocrx_word' id='word_1_285' title='bbox 1284 3324 1470 3392; x_wconf 86' lang='lat' dir='ltr'><strong>assurgente,</strong></span> <span class='ocrx_word' id='word_1_286' title='bbox 1501 3328 1628 3393; x_wconf 88' lang='lat' dir='ltr'><strong>augetur</strong></span> <span class='ocrx_word' id='word_1_287' title='bbox 1649 3321 1736 3378; x_wconf 91' lang='lat' dir='ltr'><strong>initio</strong></span> <span class='ocrx_word' id='word_1_288' title='bbox 1756 3337 1785 3378; x_wconf 90' lang='lat' dir='ltr'><strong>cr</strong></span> 
     </span>
     <span class='ocr_line' id='line_1_30' title="bbox 434 3403 1785 3481; baseline 0.001 -17"><span class='ocrx_word' id='word_1_289' title='bbox 434 3405 532 3464; x_wconf 85' lang='lat' dir='ltr'><strong>causis</strong></span> <span class='ocrx_word' id='word_1_290' title='bbox 556 3408 716 3464; x_wconf 89' lang='lat' dir='ltr'><strong>contrariis.</strong></span> <span class='ocrx_word' id='word_1_291' title='bbox 763 3405 893 3464; x_wconf 84' lang='lat' dir='ltr'><strong>Maxima</strong></span> <span class='ocrx_word' id='word_1_292' title='bbox 917 3408 1006 3481; x_wconf 84' lang='lat' dir='ltr'><strong>igitur</strong></span> <span class='ocrx_word' id='word_1_293' title='bbox 1028 3403 1218 3479; x_wconf 82' lang='lat' dir='ltr'><strong>longitudinis</strong></span> <span class='ocrx_word' id='word_1_294' title='bbox 1242 3404 1402 3481; x_wconf 86' lang='lat' dir='ltr'><strong>parallattis</strong></span> <span class='ocrx_word' id='word_1_295' title='bbox 1424 3407 1452 3460; x_wconf 90' lang='lat' dir='ltr'><strong>in</strong></span> <span class='ocrx_word' id='word_1_296' title='bbox 1476 3407 1568 3480; x_wconf 92' lang='lat' dir='ltr'><strong>signis</strong></span> <span class='ocrx_word' id='word_1_297' title='bbox 1592 3407 1785 3466; x_wconf 79' lang='lat' dir='ltr'><strong>meridionali·</strong></span> 
     </span>
     <span class='ocr_line' id='line_1_31' title="bbox 433 3491 1785 3571; baseline 0.001 -20"><span class='ocrx_word' id='word_1_298' title='bbox 433 3493 489 3551; x_wconf 92' lang='lat' dir='ltr'><strong>bus</strong></span> <span class='ocrx_word' id='word_1_299' title='bbox 512 3499 556 3551; x_wconf 89' lang='lat' dir='ltr'><strong>est</strong></span> <span class='ocrx_word' id='word_1_300' title='bbox 577 3493 633 3551; x_wconf 90' lang='lat' dir='ltr'><strong>sub</strong></span> <span class='ocrx_word' id='word_1_301' title='bbox 657 3492 817 3564; x_wconf 88' lang='lat' dir='ltr'><strong>horizonte,</strong></span> <span class='ocrx_word' id='word_1_302' title='bbox 841 3495 1001 3570; x_wconf 89' lang='lat' dir='ltr'><strong>inponetis</strong></span> <span class='ocrx_word' id='word_1_303' title='bbox 1025 3491 1290 3567; x_wconf 76' lang='lat' dir='ltr'><strong>aequinoctialibus</strong></span> <span class='ocrx_word' id='word_1_304' title='bbox 1305 3495 1335 3549; x_wconf 92' lang='lat' dir='ltr'><strong>in</strong></span> <span class='ocrx_word' id='word_1_305' title='bbox 1359 3496 1422 3568; x_wconf 91' lang='lat' dir='ltr'><strong>ipso</strong></span> <span class='ocrx_word' id='word_1_306' title='bbox 1438 3491 1600 3565; x_wconf 85' lang='lat' dir='ltr'><strong>horizonte,</strong></span> <span class='ocrx_word' id='word_1_307' title='bbox 1625 3505 1656 3552; x_wconf 89' lang='lat' dir='ltr'><strong>at</strong></span> <span class='ocrx_word' id='word_1_308' title='bbox 1681 3496 1711 3551; x_wconf 93' lang='lat' dir='ltr'><strong>in</strong></span> <span class='ocrx_word' id='word_1_309' title='bbox 1726 3513 1785 3571; x_wconf 84' lang='lat' dir='ltr'><strong>scp-</strong></span> 
     </span>
     <span class='ocr_line' id='line_1_32' title="bbox 436 3578 1785 3657; baseline 0.001 -19"><span class='ocrx_word' id='word_1_310' title='bbox 436 3578 658 3640; x_wconf 89' lang='lat' dir='ltr'><strong>tentrionalibus</strong></span> <span class='ocrx_word' id='word_1_311' title='bbox 681 3597 769 3657; x_wconf 89' lang='lat' dir='ltr'><strong>supra</strong></span> <span class='ocrx_word' id='word_1_312' title='bbox 792 3579 982 3652; x_wconf 79' lang='lat' dir='ltr'><strong>horizontem,</strong></span> <span class='ocrx_word' id='word_1_313' title='bbox 1007 3587 1036 3638; x_wconf 90' lang='lat' dir='ltr'><strong>ct</strong></span> <span class='ocrx_word' id='word_1_314' title='bbox 1059 3588 1129 3637; x_wconf 89' lang='lat' dir='ltr'><strong>tunc</strong></span> <span class='ocrx_word' id='word_1_315' title='bbox 1145 3578 1270 3650; x_wconf 87' lang='lat' dir='ltr'><strong>dentum,</strong></span> <span class='ocrx_word' id='word_1_316' title='bbox 1294 3581 1344 3639; x_wconf 90' lang='lat' dir='ltr'><strong>ubi</strong></span> <span class='ocrx_word' id='word_1_317' title='bbox 1369 3579 1525 3639; x_wconf 87' lang='lat' dir='ltr'><strong>distantiae</strong></span> <span class='ocrx_word' id='word_1_318' title='bbox 1542 3580 1648 3640; x_wconf 86' lang='lat' dir='ltr'><strong>sideris</strong></span> <span class='ocrx_word' id='word_1_319' title='bbox 1672 3599 1785 3640; x_wconf 73' lang='lat' dir='ltr'><strong>unotra</strong></span> 
     </span>
     <span class='ocr_line' id='line_1_33' title="bbox 433 3666 1785 3746; baseline 0.001 -22"><span class='ocrx_word' id='word_1_320' title='bbox 433 3669 545 3742; x_wconf 86' lang='lat' dir='ltr'><strong>gesimo</strong></span> <span class='ocrx_word' id='word_1_321' title='bbox 568 3666 815 3743; x_wconf 86' lang='lat' dir='ltr'><strong>legarithmorum¹</strong></span> <span class='ocrx_word' id='word_1_322' title='bbox 831 3668 993 3727; x_wconf 91' lang='lat' dir='ltr'><strong>dillcrcntia</strong></span> <span class='ocrx_word' id='word_1_323' title='bbox 1015 3669 1188 3742; x_wconf 82' lang='lat' dir='ltr'><strong>aequaverit</strong></span> <span class='ocrx_word' id='word_1_324' title='bbox 1210 3667 1402 3727; x_wconf 89' lang='lat' dir='ltr'><strong>dillcreutianr</strong></span> <span class='ocrx_word' id='word_1_325' title='bbox 1426 3666 1670 3742; x_wconf 86' lang='lat' dir='ltr'><strong>logoritlrmoruut</strong></span> <span class='ocrx_word' id='word_1_326' title='bbox 1695 3669 1785 3746; x_wconf 81' lang='lat' dir='ltr'><strong>anguli</strong></span> 
     </span>
     <span class='ocr_line' id='line_1_34' title="bbox 434 3756 562 3815; baseline -0.008 -2"><span class='ocrx_word' id='word_1_327' title='bbox 434 3756 562 3815; x_wconf 89' lang='lat' dir='ltr'><strong>orientis.</strong></span> 
     </span>
    </p>

    <p class='ocr_par' dir='ltr' id='par_1_10' title="bbox 431 3841 1786 4353">
     <span class='ocr_line' id='line_1_35' title="bbox 516 3841 1785 3918; baseline 0.006 -20"><span class='ocrx_word' id='word_1_328' title='bbox 516 3842 602 3918; x_wconf 69' lang='lat' dir='ltr'><strong>Quiri</strong></span> <span class='ocrx_word' id='word_1_329' title='bbox 631 3842 853 3901; x_wconf 74' lang='lat' dir='ltr'><strong>obsecrandam</strong></span> <span class='ocrx_word' id='word_1_330' title='bbox 884 3845 965 3900; x_wconf 87' lang='lat' dir='ltr'><strong>circu</strong></span> <span class='ocrx_word' id='word_1_331' title='bbox 990 3841 1067 3901; x_wconf 80' lang='lat' dir='ltr'><strong>Solis</strong></span> <span class='ocrx_word' id='word_1_332' title='bbox 1095 3841 1294 3917; x_wconf 71' lang='lat' dir='ltr'><strong>porullrracs?</strong></span> <span class='ocrx_word' id='word_1_333' title='bbox 1325 3841 1387 3900; x_wconf 86' lang='lat' dir='ltr'><strong>Etsi</strong></span> <span class='ocrx_word' id='word_1_334' title='bbox 1416 3859 1451 3900; x_wconf 90' lang='lat' dir='ltr'><strong>ea</strong></span> <span class='ocrx_word' id='word_1_335' title='bbox 1477 3841 1589 3916; x_wconf 85' lang='lat' dir='ltr'><strong>negligi</strong></span> <span class='ocrx_word' id='word_1_336' title='bbox 1614 3859 1675 3902; x_wconf 91' lang='lat' dir='ltr'><strong>nou</strong></span> <span class='ocrx_word' id='word_1_337' title='bbox 1699 3844 1785 3906; x_wconf 80' lang='lat' dir='ltr'><strong>debet</strong></span> 
     </span>
     <span class='ocr_line' id='line_1_36' title="bbox 432 3930 1785 4006; baseline -0.001 -16"><span class='ocrx_word' id='word_1_338' title='bbox 432 3947 490 3990; x_wconf 91' lang='lat' dir='ltr'><strong>nou</strong></span> <span class='ocrx_word' id='word_1_339' title='bbox 514 3931 660 4001; x_wconf 88' lang='lat' dir='ltr'><strong>obstante,</strong></span> <span class='ocrx_word' id='word_1_340' title='bbox 684 3930 765 4006; x_wconf 89' lang='lat' dir='ltr'><strong>qnod</strong></span> <span class='ocrx_word' id='word_1_341' title='bbox 785 3947 844 3988; x_wconf 91' lang='lat' dir='ltr'><strong>non</strong></span> <span class='ocrx_word' id='word_1_342' title='bbox 867 3940 983 4005; x_wconf 82' lang='lat' dir='ltr'><strong>superet</strong></span> <span class='ocrx_word' id='word_1_343' title='bbox 1007 3946 1096 3987; x_wconf 83' lang='lat' dir='ltr'><strong>unuin</strong></span> <span class='ocrx_word' id='word_1_344' title='bbox 1119 3931 1272 4000; x_wconf 89' lang='lat' dir='ltr'><strong>minutum,</strong></span> <span class='ocrx_word' id='word_1_345' title='bbox 1297 3946 1353 3987; x_wconf 90' lang='lat' dir='ltr'><strong>nort</strong></span> <span class='ocrx_word' id='word_1_346' title='bbox 1378 3937 1543 3988; x_wconf 88' lang='lat' dir='ltr'><strong>esttamen</strong></span> <span class='ocrx_word' id='word_1_347' title='bbox 1569 3934 1695 3990; x_wconf 84' lang='lat' dir='ltr'><strong>seorsim</strong></span> <span class='ocrx_word' id='word_1_348' title='bbox 1719 3943 1785 3988; x_wconf 87' lang='lat' dir='ltr'><strong>trar-</strong></span> 
     </span>
     <span class='ocr_line' id='line_1_37' title="bbox 436 4015 1784 4092; baseline -0.001 -15"><span class='ocrx_word' id='word_1_349' title='bbox 436 4018 539 4092; x_wconf 88' lang='lat' dir='ltr'><strong>tanda;</strong></span> <span class='ocrx_word' id='word_1_350' title='bbox 563 4018 672 4076; x_wconf 90' lang='lat' dir='ltr'><strong>sullicit</strong></span> <span class='ocrx_word' id='word_1_351' title='bbox 694 4019 771 4077; x_wconf 89' lang='lat' dir='ltr'><strong>enirn</strong></span> <span class='ocrx_word' id='word_1_352' title='bbox 793 4019 950 4076; x_wconf 86' lang='lat' dir='ltr'><strong>maximum</strong></span> <span class='ocrx_word' id='word_1_353' title='bbox 973 4016 1051 4075; x_wconf 87' lang='lat' dir='ltr'><strong>Solis</strong></span> <span class='ocrx_word' id='word_1_354' title='bbox 1074 4015 1284 4074; x_wconf 87' lang='lat' dir='ltr'><strong>lrorizontalcm</strong></span> <span class='ocrx_word' id='word_1_355' title='bbox 1309 4016 1479 4076; x_wconf 87' lang='lat' dir='ltr'><strong>subtrahere</strong></span> <span class='ocrx_word' id='word_1_356' title='bbox 1502 4036 1521 4074; x_wconf 89' lang='lat' dir='ltr'><strong>a</strong></span> <span class='ocrx_word' id='word_1_357' title='bbox 1544 4021 1678 4078; x_wconf 83' lang='lat' dir='ltr'><strong>niaxirnu</strong></span> <span class='ocrx_word' id='word_1_358' title='bbox 1696 4019 1784 4077; x_wconf 77' lang='lat' dir='ltr'><strong>tuna</strong></span> 
     </span>
     <span class='ocr_line' id='line_1_38' title="bbox 431 4101 1784 4179; baseline 0 -15"><span class='ocrx_word' id='word_1_359' title='bbox 431 4105 619 4172; x_wconf 84' lang='lat' dir='ltr'><strong>ltorizontali,</strong></span> <span class='ocrx_word' id='word_1_360' title='bbox 650 4114 681 4163; x_wconf 89' lang='lat' dir='ltr'><strong>ut</strong></span> <span class='ocrx_word' id='word_1_361' title='bbox 704 4108 897 4164; x_wconf 84' lang='lat' dir='ltr'><strong>constituetur</strong></span> <span class='ocrx_word' id='word_1_362' title='bbox 919 4121 1055 4164; x_wconf 87' lang='lat' dir='ltr'><strong>excessus</strong></span> <span class='ocrx_word' id='word_1_363' title='bbox 1078 4103 1203 4174; x_wconf 89' lang='lat' dir='ltr'><strong>lunaris,</strong></span> <span class='ocrx_word' id='word_1_364' title='bbox 1234 4120 1322 4178; x_wconf 87' lang='lat' dir='ltr'><strong>quern</strong></span> <span class='ocrx_word' id='word_1_365' title='bbox 1354 4101 1476 4161; x_wconf 76' lang='lat' dir='ltr'><strong>dicineus</strong></span> <span class='ocrx_word' id='word_1_366' title='bbox 1500 4104 1668 4179; x_wconf 80' lang='lat' dir='ltr'><strong>parallsxiu</strong></span> <span class='ocrx_word' id='word_1_367' title='bbox 1696 4107 1784 4166; x_wconf 83' lang='lat' dir='ltr'><strong>Lunae</strong></span> 
     </span>
     <span class='ocr_line' id='line_1_39' title="bbox 432 4190 1786 4268; baseline 0.001 -17"><span class='ocrx_word' id='word_1_368' title='bbox 432 4215 450 4251; x_wconf 91' lang='lat' dir='ltr'><strong>a</strong></span> <span class='ocrx_word' id='word_1_369' title='bbox 466 4193 543 4252; x_wconf 87' lang='lat' dir='ltr'><strong>Sole.</strong></span> <span class='ocrx_word' id='word_1_370' title='bbox 590 4192 668 4250; x_wconf 90' lang='lat' dir='ltr'><strong>Nihil</strong></span> <span class='ocrx_word' id='word_1_371' title='bbox 694 4195 770 4252; x_wconf 88' lang='lat' dir='ltr'><strong>enirn</strong></span> <span class='ocrx_word' id='word_1_372' title='bbox 794 4193 879 4252; x_wconf 88' lang='lat' dir='ltr'><strong>relert</strong></span> <span class='ocrx_word' id='word_1_373' title='bbox 895 4191 932 4250; x_wconf 91' lang='lat' dir='ltr'><strong>ad</strong></span> <span class='ocrx_word' id='word_1_374' title='bbox 957 4192 1108 4268; x_wconf 89' lang='lat' dir='ltr'><strong>eclipsiunt</strong></span> <span class='ocrx_word' id='word_1_375' title='bbox 1124 4190 1201 4249; x_wconf 89' lang='lat' dir='ltr'><strong>Solia</strong></span> <span class='ocrx_word' id='word_1_376' title='bbox 1227 4192 1433 4264; x_wconf 83' lang='lat' dir='ltr'><strong>cognitionem,</strong></span> <span class='ocrx_word' id='word_1_377' title='bbox 1457 4209 1514 4266; x_wconf 84' lang='lat' dir='ltr'><strong>qtto</strong></span> <span class='ocrx_word' id='word_1_378' title='bbox 1533 4193 1611 4250; x_wconf 85' lang='lat' dir='ltr'><strong>coeli</strong></span> <span class='ocrx_word' id='word_1_379' title='bbox 1635 4194 1703 4252; x_wconf 85' lang='lat' dir='ltr'><strong>loco</strong></span> <span class='ocrx_word' id='word_1_380' title='bbox 1722 4197 1786 4252; x_wconf 83' lang='lat' dir='ltr'><strong>intra</strong></span> 
     </span>
     <span class='ocr_line' id='line_1_40' title="bbox 433 4277 1547 4353; baseline -0.004 -14"><span class='ocrx_word' id='word_1_381' title='bbox 433 4299 522 4339; x_wconf 85' lang='lat' dir='ltr'><strong>attunt</strong></span> <span class='ocrx_word' id='word_1_382' title='bbox 544 4282 687 4338; x_wconf 90' lang='lat' dir='ltr'><strong>rninututn</strong></span> <span class='ocrx_word' id='word_1_383' title='bbox 711 4280 845 4338; x_wconf 75' lang='lat' dir='ltr'><strong>virleatur</strong></span> <span class='ocrx_word' id='word_1_384' title='bbox 867 4279 933 4351; x_wconf 89' lang='lat' dir='ltr'><strong>Sol,</strong></span> <span class='ocrx_word' id='word_1_385' title='bbox 957 4279 1008 4337; x_wconf 91' lang='lat' dir='ltr'><strong>scd</strong></span> <span class='ocrx_word' id='word_1_386' title='bbox 1031 4287 1174 4353; x_wconf 85' lang='lat' dir='ltr'><strong>quantum</strong></span> <span class='ocrx_word' id='word_1_387' title='bbox 1197 4278 1232 4336; x_wconf 88' lang='lat' dir='ltr'><strong>de</strong></span> <span class='ocrx_word' id='word_1_388' title='bbox 1256 4277 1326 4337; x_wconf 81' lang='lat' dir='ltr'><strong>Sole</strong></span> <span class='ocrx_word' id='word_1_389' title='bbox 1349 4286 1430 4351; x_wconf 84' lang='lat' dir='ltr'><strong>tegat</strong></span> <span class='ocrx_word' id='word_1_390' title='bbox 1454 4278 1547 4336; x_wconf 58' lang='lat' dir='ltr'><strong>launa.</strong></span> 
     </span>
    </p>

    <p class='ocr_par' dir='ltr' id='par_1_11' title="bbox 433 4365 1786 5228">
     <span class='ocr_line' id='line_1_41' title="bbox 513 4365 1786 4442; baseline -0.002 -17"><span class='ocrx_word' id='word_1_391' title='bbox 513 4368 673 4442; x_wconf 69' lang='lat' dir='ltr'><strong>ll&#39;rrraquirl</strong></span> <span class='ocrx_word' id='word_1_392' title='bbox 688 4371 778 4426; x_wconf 87' lang='lat' dir='ltr'><strong>clinm</strong></span> <span class='ocrx_word' id='word_1_393' title='bbox 793 4366 834 4425; x_wconf 84' lang='lat' dir='ltr'><strong>ad</strong></span> <span class='ocrx_word' id='word_1_394' title='bbox 846 4368 987 4440; x_wconf 83' lang='lat' dir='ltr'><strong>plauctus</strong></span> <span class='ocrx_word' id='word_1_395' title='bbox 997 4369 1127 4442; x_wconf 81' lang='lat' dir='ltr'><strong>pcrtirtet</strong></span> <span class='ocrx_word' id='word_1_396' title='bbox 1142 4366 1341 4424; x_wconf 81' lang='lat' dir='ltr'><strong>considcrutio</strong></span> <span class='ocrx_word' id='word_1_397' title='bbox 1351 4366 1567 4439; x_wconf 78' lang='lat' dir='ltr'><strong>purullunn&#39;urn</strong></span> <span class='ocrx_word' id='word_1_398' title='bbox 1584 4365 1786 4426; x_wconf 74' lang='lat' dir='ltr'><strong>diurnarum?</strong></span> 
     </span>
     <span class='ocr_line' id='line_1_42' title="bbox 434 4451 1785 4528; baseline -0.002 -16"><span class='ocrx_word' id='word_1_399' title='bbox 434 4454 511 4512; x_wconf 89' lang='lat' dir='ltr'><strong>Nihil</strong></span> <span class='ocrx_word' id='word_1_400' title='bbox 536 4455 710 4513; x_wconf 81' lang='lat' dir='ltr'><strong>tttltnotlum:</strong></span> <span class='ocrx_word' id='word_1_401' title='bbox 735 4454 878 4512; x_wconf 71' lang='lat' dir='ltr'><strong>Setturruts</strong></span> <span class='ocrx_word' id='word_1_402' title='bbox 902 4457 993 4525; x_wconf 89' lang='lat' dir='ltr'><strong>ctrirn,</strong></span> <span class='ocrx_word' id='word_1_403' title='bbox 1024 4453 1149 4528; x_wconf 85' lang='lat' dir='ltr'><strong>dccnplo</strong></span> <span class='ocrx_word' id='word_1_404' title='bbox 1173 4454 1230 4509; x_wconf 86' lang='lat' dir='ltr'><strong>lure</strong></span> <span class='ocrx_word' id='word_1_405' title='bbox 1255 4453 1341 4508; x_wconf 88' lang='lat' dir='ltr'><strong>altior</strong></span> <span class='ocrx_word' id='word_1_406' title='bbox 1365 4451 1443 4521; x_wconf 75' lang='lat' dir='ltr'><strong>Sole,</strong></span> <span class='ocrx_word' id='word_1_407' title='bbox 1468 4451 1633 4528; x_wconf 80' lang='lat' dir='ltr'><strong>perallaxin</strong></span> <span class='ocrx_word' id='word_1_408' title='bbox 1658 4455 1785 4514; x_wconf 74' lang='lat' dir='ltr'><strong>lanitiis</strong></span> 
     </span>
     <span class='ocr_line' id='line_1_43' title="bbox 435 4537 1785 4620; baseline -0.001 -24"><span class='ocrx_word' id='word_1_409' title='bbox 435 4547 452 4596; x_wconf 79' lang='lat' dir='ltr'><strong>a</strong></span> <span class='ocrx_word' id='word_1_410' title='bbox 477 4542 678 4616; x_wconf 82' lang='lat' dir='ltr'><strong>secundorum,</strong></span> <span class='ocrx_word' id='word_1_411' title='bbox 702 4542 819 4620; x_wconf 80' lang='lat' dir='ltr'><strong>Jupiter</strong></span> <span class='ocrx_word' id='word_1_412' title='bbox 842 4542 965 4599; x_wconf 83' lang='lat' dir='ltr'><strong>sortasse</strong></span> <span class='ocrx_word' id='word_1_413' title='bbox 993 4543 1029 4598; x_wconf 84' lang='lat' dir='ltr'><strong>io</strong></span> <span class='ocrx_word' id='word_1_414' title='bbox 1053 4539 1256 4610; x_wconf 85' lang='lat' dir='ltr'><strong>accurrtlortnn,</strong></span> <span class='ocrx_word' id='word_1_415' title='bbox 1281 4537 1399 4614; x_wconf 71' lang='lat' dir='ltr'><strong>‹puartdo</strong></span> <span class='ocrx_word' id='word_1_416' title='bbox 1419 4539 1587 4616; x_wconf 88' lang='lat' dir='ltr'><strong>plurintutn.</strong></span> <span class='ocrx_word' id='word_1_417' title='bbox 1635 4541 1785 4600; x_wconf 78' lang='lat' dir='ltr'><strong>Mercurius</strong></span> 
     </span>
     <span class='ocr_line' id='line_1_44' title="bbox 435 4627 1785 4705; baseline -0.004 -18"><span class='ocrx_word' id='word_1_418' title='bbox 435 4635 464 4687; x_wconf 90' lang='lat' dir='ltr'><strong>ct</strong></span> <span class='ocrx_word' id='word_1_419' title='bbox 489 4628 606 4705; x_wconf 87' lang='lat' dir='ltr'><strong>Venus,</strong></span> <span class='ocrx_word' id='word_1_420' title='bbox 635 4628 752 4704; x_wconf 89' lang='lat' dir='ltr'><strong>quando</strong></span> <span class='ocrx_word' id='word_1_421' title='bbox 776 4630 884 4700; x_wconf 83' lang='lat' dir='ltr'><strong>Terrae</strong></span> <span class='ocrx_word' id='word_1_422' title='bbox 914 4628 1070 4705; x_wconf 85' lang='lat' dir='ltr'><strong>plurimum</strong></span> <span class='ocrx_word' id='word_1_423' title='bbox 1100 4629 1352 4704; x_wconf 82' lang='lat' dir='ltr'><strong>appropinquant,</strong></span> <span class='ocrx_word' id='word_1_424' title='bbox 1383 4635 1452 4686; x_wconf 90' lang='lat' dir='ltr'><strong>sunt</strong></span> <span class='ocrx_word' id='word_1_425' title='bbox 1482 4629 1571 4685; x_wconf 86' lang='lat' dir='ltr'><strong>rieiui</strong></span> <span class='ocrx_word' id='word_1_426' title='bbox 1596 4627 1677 4687; x_wconf 85' lang='lat' dir='ltr'><strong>Solis</strong></span> <span class='ocrx_word' id='word_1_427' title='bbox 1709 4629 1785 4686; x_wconf 84' lang='lat' dir='ltr'><strong>radiis</strong></span> 
     </span>
     <span class='ocr_line' id='line_1_45' title="bbox 434 4713 1785 4794; baseline 0 -20"><span class='ocrx_word' id='word_1_428' title='bbox 434 4732 529 4791; x_wconf 84' lang='lat' dir='ltr'><strong>eoque</strong></span> <span class='ocrx_word' id='word_1_429' title='bbox 551 4733 609 4772; x_wconf 93' lang='lat' dir='ltr'><strong>non</strong></span> <span class='ocrx_word' id='word_1_430' title='bbox 633 4717 842 4788; x_wconf 83' lang='lat' dir='ltr'><strong>observabiles,</strong></span> <span class='ocrx_word' id='word_1_431' title='bbox 866 4733 920 4774; x_wconf 90' lang='lat' dir='ltr'><strong>nee</strong></span> <span class='ocrx_word' id='word_1_432' title='bbox 943 4715 1024 4774; x_wconf 86' lang='lat' dir='ltr'><strong>addit</strong></span> <span class='ocrx_word' id='word_1_433' title='bbox 1040 4715 1202 4773; x_wconf 84' lang='lat' dir='ltr'><strong>Mercurius</strong></span> <span class='ocrx_word' id='word_1_434' title='bbox 1225 4731 1320 4774; x_wconf 86' lang='lat' dir='ltr'><strong>assem</strong></span> <span class='ocrx_word' id='word_1_435' title='bbox 1344 4713 1467 4772; x_wconf 87' lang='lat' dir='ltr'><strong>alterurn</strong></span> <span class='ocrx_word' id='word_1_436' title='bbox 1483 4713 1612 4772; x_wconf 91' lang='lat' dir='ltr'><strong>solidutn</strong></span> <span class='ocrx_word' id='word_1_437' title='bbox 1636 4715 1675 4774; x_wconf 92' lang='lat' dir='ltr'><strong>ad</strong></span> <span class='ocrx_word' id='word_1_438' title='bbox 1699 4715 1785 4794; x_wconf 85' lang='lat' dir='ltr'><strong>paral·</strong></span> 
     </span>
     <span class='ocr_line' id='line_1_46' title="bbox 434 4800 1786 4879; baseline -0.006 -16"><span class='ocrx_word' id='word_1_439' title='bbox 434 4805 512 4863; x_wconf 83' lang='lat' dir='ltr'><strong>lania</strong></span> <span class='ocrx_word' id='word_1_440' title='bbox 534 4800 620 4874; x_wconf 88' lang='lat' dir='ltr'><strong>Solis,</strong></span> <span class='ocrx_word' id='word_1_441' title='bbox 646 4804 746 4863; x_wconf 88' lang='lat' dir='ltr'><strong>Venus</strong></span> <span class='ocrx_word' id='word_1_442' title='bbox 771 4821 848 4875; x_wconf 90' lang='lat' dir='ltr'><strong>vero,</strong></span> <span class='ocrx_word' id='word_1_443' title='bbox 874 4822 938 4861; x_wconf 88' lang='lat' dir='ltr'><strong>curn</strong></span> <span class='ocrx_word' id='word_1_444' title='bbox 962 4805 1093 4879; x_wconf 86' lang='lat' dir='ltr'><strong>proxime</strong></span> <span class='ocrx_word' id='word_1_445' title='bbox 1118 4800 1241 4878; x_wconf 85' lang='lat' dir='ltr'><strong>aceedit,</strong></span> <span class='ocrx_word' id='word_1_446' title='bbox 1266 4801 1447 4877; x_wconf 79' lang='lat' dir='ltr'><strong>dscrupula,</strong></span> <span class='ocrx_word' id='word_1_447' title='bbox 1472 4800 1672 4878; x_wconf 78' lang='lat' dir='ltr'><strong>qttrtrlrnplunt</strong></span> <span class='ocrx_word' id='word_1_448' title='bbox 1687 4804 1786 4862; x_wconf 81' lang='lat' dir='ltr'><strong>scilieet</strong></span> 
     </span>
     <span class='ocr_line' id='line_1_47' title="bbox 433 4889 1784 4969; baseline -0.005 -19"><span class='ocrx_word' id='word_1_449' title='bbox 433 4891 538 4950; x_wconf 82' lang='lat' dir='ltr'><strong>solaris</strong></span> <span class='ocrx_word' id='word_1_450' title='bbox 566 4891 678 4949; x_wconf 90' lang='lat' dir='ltr'><strong>circiter</strong></span> <span class='ocrx_word' id='word_1_451' title='bbox 708 4893 833 4967; x_wconf 82' lang='lat' dir='ltr'><strong>acquirit</strong></span> <span class='ocrx_word' id='word_1_452' title='bbox 862 4893 889 4948; x_wconf 91' lang='lat' dir='ltr'><strong>iu</strong></span> <span class='ocrx_word' id='word_1_453' title='bbox 919 4890 1097 4969; x_wconf 74' lang='lat' dir='ltr'><strong>parallelis,</strong></span> <span class='ocrx_word' id='word_1_454' title='bbox 1131 4889 1220 4964; x_wconf 82' lang='lat' dir='ltr'><strong>itique</strong></span> <span class='ocrx_word' id='word_1_455' title='bbox 1249 4890 1277 4946; x_wconf 93' lang='lat' dir='ltr'><strong>in</strong></span> <span class='ocrx_word' id='word_1_456' title='bbox 1305 4892 1370 4965; x_wconf 88' lang='lat' dir='ltr'><strong>ipsa</strong></span> <span class='ocrx_word' id='word_1_457' title='bbox 1393 4890 1602 4963; x_wconf 85' lang='lat' dir='ltr'><strong>conjunctione</strong></span> <span class='ocrx_word' id='word_1_458' title='bbox 1627 4908 1694 4948; x_wconf 89' lang='lat' dir='ltr'><strong>cum</strong></span> <span class='ocrx_word' id='word_1_459' title='bbox 1717 4891 1784 4948; x_wconf 78' lang='lat' dir='ltr'><strong>Sole.</strong></span> 
     </span>
     <span class='ocr_line' id='line_1_48' title="bbox 434 4976 1784 5055; baseline 0.001 -19"><span class='ocrx_word' id='word_1_460' title='bbox 434 4981 536 5038; x_wconf 85' lang='lat' dir='ltr'><strong>ltcstat</strong></span> <span class='ocrx_word' id='word_1_461' title='bbox 559 4979 640 5037; x_wconf 91' lang='lat' dir='ltr'><strong>solus</strong></span> <span class='ocrx_word' id='word_1_462' title='bbox 664 4978 781 5055; x_wconf 84' lang='lat' dir='ltr'><strong>plancta</strong></span> <span class='ocrx_word' id='word_1_463' title='bbox 804 4977 897 5050; x_wconf 84' lang='lat' dir='ltr'><strong>hlnrs,</strong></span> <span class='ocrx_word' id='word_1_464' title='bbox 929 4981 977 5053; x_wconf 84' lang='lat' dir='ltr'><strong>qui</strong></span> <span class='ocrx_word' id='word_1_465' title='bbox 1003 4976 1146 5036; x_wconf 87' lang='lat' dir='ltr'><strong>interdurn</strong></span> <span class='ocrx_word' id='word_1_466' title='bbox 1169 4976 1231 5035; x_wconf 91' lang='lat' dir='ltr'><strong>Soli</strong></span> <span class='ocrx_word' id='word_1_467' title='bbox 1257 4978 1410 5053; x_wconf 89' lang='lat' dir='ltr'><strong>oppositus</strong></span> <span class='ocrx_word' id='word_1_468' title='bbox 1442 4978 1556 5034; x_wconf 86' lang='lat' dir='ltr'><strong>circiter</strong></span> <span class='ocrx_word' id='word_1_469' title='bbox 1578 4976 1656 5036; x_wconf 79' lang='lat' dir='ltr'><strong>duas</strong></span> <span class='ocrx_word' id='word_1_470' title='bbox 1679 4981 1784 5053; x_wconf 77' lang='lat' dir='ltr'><strong>quintu</strong></span> 
     </span>
     <span class='ocr_line' id='line_1_49' title="bbox 435 5063 1784 5141; baseline 0.001 -18"><span class='ocrx_word' id='word_1_471' title='bbox 435 5066 579 5125; x_wconf 87' lang='lat' dir='ltr'><strong>intervalli</strong></span> <span class='ocrx_word' id='word_1_472' title='bbox 609 5065 712 5124; x_wconf 89' lang='lat' dir='ltr'><strong>solaris</strong></span> <span class='ocrx_word' id='word_1_473' title='bbox 736 5087 753 5123; x_wconf 83' lang='lat' dir='ltr'><strong>a</strong></span> <span class='ocrx_word' id='word_1_474' title='bbox 777 5066 867 5124; x_wconf 77' lang='lat' dir='ltr'><strong>&#39;l&#39;crra</strong></span> <span class='ocrx_word' id='word_1_475' title='bbox 890 5066 986 5136; x_wconf 67' lang='lat' dir='ltr'><strong>abest,</strong></span> <span class='ocrx_word' id='word_1_476' title='bbox 1018 5075 1086 5123; x_wconf 89' lang='lat' dir='ltr'><strong>tune</strong></span> <span class='ocrx_word' id='word_1_477' title='bbox 1110 5067 1199 5138; x_wconf 86' lang='lat' dir='ltr'><strong>igitur</strong></span> <span class='ocrx_word' id='word_1_478' title='bbox 1230 5063 1394 5140; x_wconf 87' lang='lat' dir='ltr'><strong>parallaxin</strong></span> <span class='ocrx_word' id='word_1_479' title='bbox 1416 5064 1511 5122; x_wconf 89' lang='lat' dir='ltr'><strong>iecere</strong></span> <span class='ocrx_word' id='word_1_480' title='bbox 1535 5073 1636 5141; x_wconf 85' lang='lat' dir='ltr'><strong>potest</strong></span> <span class='ocrx_word' id='word_1_481' title='bbox 1658 5067 1784 5140; x_wconf 78' lang='lat' dir='ltr'><strong>majona</strong></span> 
     </span>
     <span class='ocr_line' id='line_1_50' title="bbox 434 5150 1759 5228; baseline 0.001 -17"><span class='ocrx_word' id='word_1_482' title='bbox 434 5154 531 5226; x_wconf 84' lang='lat' dir='ltr'><strong>solari,</strong></span> <span class='ocrx_word' id='word_1_483' title='bbox 556 5154 667 5213; x_wconf 89' lang='lat' dir='ltr'><strong>scilicet</strong></span> <span class='ocrx_word' id='word_1_484' title='bbox 691 5157 720 5210; x_wconf 75' lang='lat'><strong>2¹</strong></span> <span class='ocrx_word' id='word_1_485' title='bbox 746 5156 808 5211; x_wconf 77' lang='lat'><strong>30“</strong></span> <span class='ocrx_word' id='word_1_486' title='bbox 833 5155 952 5228; x_wconf 87' lang='lat' dir='ltr'><strong>circitor,</strong></span> <span class='ocrx_word' id='word_1_487' title='bbox 979 5156 1027 5211; x_wconf 82' lang='lat' dir='ltr'><strong>rix</strong></span> <span class='ocrx_word' id='word_1_488' title='bbox 1051 5151 1268 5211; x_wconf 83' lang='lat' dir='ltr'><strong>observabilem</strong></span> <span class='ocrx_word' id='word_1_489' title='bbox 1292 5152 1331 5210; x_wconf 90' lang='lat' dir='ltr'><strong>ob</strong></span> <span class='ocrx_word' id='word_1_490' title='bbox 1354 5150 1502 5210; x_wconf 89' lang='lat' dir='ltr'><strong>radiorum</strong></span> <span class='ocrx_word' id='word_1_491' title='bbox 1525 5151 1759 5228; x_wconf 82' lang='lat' dir='ltr'><strong>explicationem.</strong></span> 
     </span>
    </p>

    <p class='ocr_par' dir='ltr' id='par_1_12' title="bbox 529 5237 1784 5322">
     <span class='ocr_line' id='line_1_51' title="bbox 529 5237 1784 5322; baseline -0.006 -20"><span class='ocrx_word' id='word_1_492' title='bbox 529 5246 609 5318; x_wconf 79' lang='lat' dir='ltr'><strong>Quas</strong></span> <span class='ocrx_word' id='word_1_493' title='bbox 639 5248 742 5322; x_wconf 72' lang='lat' dir='ltr'><strong>portes</strong></span> <span class='ocrx_word' id='word_1_494' title='bbox 775 5244 810 5300; x_wconf 84' lang='lat' dir='ltr'><strong>ia</strong></span> <span class='ocrx_word' id='word_1_495' title='bbox 840 5241 995 5318; x_wconf 77' lang='lat' dir='ltr'><strong>eclipticus</strong></span> <span class='ocrx_word' id='word_1_496' title='bbox 1026 5241 1216 5300; x_wconf 82' lang='lat' dir='ltr'><strong>semicirculo</strong></span> <span class='ocrx_word' id='word_1_497' title='bbox 1249 5246 1419 5318; x_wconf 69' lang='lat' dir='ltr'><strong>appetem</strong></span> <span class='ocrx_word' id='word_1_498' title='bbox 1449 5240 1527 5318; x_wconf 69' lang='lat' dir='ltr'><strong>feeit</strong></span> <span class='ocrx_word' id='word_1_499' title='bbox 1559 5237 1784 5318; x_wconf 69' lang='lat' dir='ltr'><strong>munimini</strong></span> 
     </span>
    </p>
   </div>
   <div class='ocr_carea' id='block_1_9' title="bbox 0 0 2234 6275">
    <p class='ocr_par' dir='ltr' id='par_1_13' title="bbox 0 0 2234 6275">
     <span class='ocr_line' id='line_1_52' title="bbox 0 0 2234 6275; baseline 0 1"><span class='ocrx_word' id='word_1_500' title='bbox 0 0 2234 6275; x_wconf 95' lang='lat' dir='ltr'><strong> </strong></span> 
     </span>
    </p>
   </div>
  </div>
 </body>
</html>
