4459 6275
883 762 1099 863 Inber't’rtnne
1134 805 1203 865 Pare
1221 805 1332 876 liniam
1729 812 1789 875 181

518 986 702 1050 cosam
724 985 858 1047 &onem
880 985 1035 1064 idpoiiaes
1056 984 1185 1061 videtne
1209 986 1423 1071 quodsum
1445 992 1495 1060 eat,
1519 1002 1613 1063 wem
1637 986 1720 1064 quod
1739 1004 1792 1048 oe·

433 1075 528 1136 ruer?
555 1074 655 1135 Causa
676 1074 715 1135 ab
738 1090 797 1134 nna
827 1072 926 1134 radies
955 1075 1175 1152 progerminans
1207 1076 1238 1133 in
1261 1072 1335 1133 duos
1357 1074 1515 1151 porrigitur
1536 1091 1643 1134 remos.
1689 1075 1790 1135 Motus

434 1165 509 1224 enim
536 1178 597 1220 uon
628 1168 673 1223 est
696 1163 843 1240 proprium
869 1162 949 1220 visus
972 1162 1139 1238 objectum,
1171 1177 1226 1221 nee
1255 1160 1347 1222 babet
1367 1161 1546 1241 peculiarem
1568 1179 1703 1237 sensum,
1733 1180 1791 1239 qno

432 1252 625 1329 percipiatur,
655 1249 707 1309 sed
741 1265 829 1309 sensu
857 1251 1003 1308 communi
1036 1247 1221 1324 dijudicatur.
1268 1248 1421 1327 Decipitur
1453 1256 1552 1309 antem
1580 1267 1683 1311 sensus
1711 1267 1793 1310 com·

433 1340 529 1399 munis
552 1337 599 1396 bis
621 1337 805 1413 potissimum
828 1335 944 1396 dnobus
967 1335 1071 1410 modis,
1096 1337 1147 1413 qni
1170 1334 1218 1394 ad·
1232 1336 1343 1397 motuni
1365 1336 1475 1396 Terrae
1492 1339 1612 1415 possint
1624 1354 1793 1398 accommo-

434 1427 510 1487 deris
533 1427 659 1504 primum
681 1424 768 1485 bento
792 1425 948 1498 existimat,
971 1426 1124 1501 quiescere
1147 1422 1258 1497 oculos,
1284 1426 1400 1501 quoties
1423 1426 1485 1503 ipse
1507 1432 1637 1496 motum,
1662 1442 1720 1501 quo
1743 1444 1793 1486 ra·

434 1516 554 1594 piantur
576 1510 663 1586 oculi,
686 1513 743 1572 seit
764 1528 822 1572 nou
845 1513 946 1572 venire
969 1513 1008 1571 ab
1030 1513 1147 1572 interna
1169 1526 1225 1570 sua
1246 1511 1388 1572 facultate
1410 1513 1540 1587 matrice,
1565 1521 1616 1573 aut
1639 1530 1704 1574 cum
1726 1529 1793 1572 rno-

434 1610 494 1662 tum
517 1597 602 1660 ilium
624 1614 682 1660 non
706 1601 795 1660 sentit
817 1601 846 1657 in
869 1615 925 1658 suo
948 1615 1084 1676 corpore,
1117 1601 1316 1660 successionis
1339 1607 1529 1676 argument03
1561 1607 1594 1660 ut
1616 1615 1681 1659 cum
1705 1601 1792 1661 homo

433 1689 577 1769 abripitur
598 1705 616 1747 a
639 1689 717 1760 navi,
741 1695 794 1747 aut
815 1689 844 1744 in
868 1690 1014 1765 praeacuti
1037 1689 1157 1765 negotio
1181 1686 1306 1763 abipsa
1329 1686 1480 1747 volutione
1502 1687 1558 1747 loci
1581 1691 1627 1746 sui
1651 1690 1680 1748 ln
1694 1687 1795 1749 Terra.

436 1775 559 1846 Deinde,
583 1791 660 1852 quas
682 1774 795 1851 majora
817 1781 961 1853 apparant
983 1774 1161 1852 oculumque
1184 1771 1234 1832 vel
1256 1774 1401 1834 excedunt
1423 1775 1469 1834 vel
1494 1775 1553 1836 inte
1577 1783 1736 1853 occupant,
1759 1793 1795 1836 ea

435 1867 585 1941 quiescere
615 1862 773 1923 verisimile
800 1869 902 1940 putat,
932 1868 964 1921 ut
993 1863 1116 1936 nubem,
1150 1868 1184 1921 ut
1206 1859 1325 1938 planum
1358 1868 1452 1921 terrae
1475 1865 1661 1922 terminatum
1684 1862 1820 1923 ultimis.

434 1952 597 2024 montibusq
627 1967 704 2026 qnae
721 1967 789 2010 roro
804 1955 945 2029 'respectu
970 1948 1084 2010 illorum
1107 1956 1252 2028 apparent
1271 1951 1393 2022 minuta,
1418 1955 1451 2008 ut
1471 1949 1572 2010 stellas
1594 1953 1669 2032 inter
1687 1967 1795 2028 magna

435 2034 557 2100 nubium
581 2036 748 2119 volumina,
771 2037 872 2099 Solem
896 2043 926 2097 et
948 2036 1062 2098 Lunam
1085 2054 1174 2116 super
1195 2034 1255 2096 late
1279 2035 1413 2096 diffusam
1435 2035 1544 2097 Terrae
1566 2037 1735 2116 planitiem,
1759 2038 1795 2097 iis

434 2128 621 2205 potissimum
643 2126 746 2185 tribuit
767 2132 878 2185 moturn
902 2123 999 2199 illum,
1023 2127 1074 2203 qul
1097 2127 1266 2200 contingere
1290 2126 1431 2215 cernitur,
1460 2124 1595 2205 exempla
1615 2142 1667 2202 per
1690 2143 1795 2186 assue-

435 2215 593 2274 factionem
622 2212 740 2273 trabem
772 2231 791 2272 a
817 2211 915 2272 iundis
943 2220 974 2273 et
996 2212 1197 2291 proiectiiibus
1226 2219 1256 2271 et
1279 2211 1403 2272 aviculis
1425 2212 1455 2269 in
1480 2217 1562 2286 aire,
1595 2230 1672 2290 quae
1696 2209 1795 2274 omnia
1844 2244 1847 2257 ·

435 2310 502 2363 snnt
523 2302 646 2362 minuta.
691 2299 826 2378 inprimis
848 2299 1000 2360 autemid
1022 2299 1066 2359 illi
1089 2308 1159 2361 tunc
1182 2301 1290 2373 evenit,
1315 2317 1382 2360 cum
1402 2315 1511 2376 magne
1533 2298 1584 2359 ilia
1599 2299 1719 2380 lateque
1741 2318 1796 2360 er·

434 2389 545 2468 plicata
569 2386 699 2447 visibilia
721 2389 846 2448 retinent
868 2390 956 2447 situm
973 2387 1098 2449 eundem
1122 2402 1225 2448 sersus
1246 2386 1374 2460 oculum,
1398 2395 1515 2467 propter
1530 2404 1714 2448 communem
1735 2388 1795 2447 illis

435 2485 546 2537 motum
567 2492 633 2535 cunr
657 2476 721 2553 ipso
744 2477 825 2535 visu:
849 2476 891 2536 sic
913 2477 990 2535 enim
1013 2475 1054 2550 lit,
1079 2483 1119 2548 ut,
1145 2475 1285 2554 quicquid
1300 2474 1415 2536 accidat
1438 2492 1515 2548 vere,
1540 2493 1647 2551 magna
1663 2475 1715 2534 illa
1739 2493 1795 2556 pn·

435 2572 531 2626 tenter
553 2564 672 2622 omnino
695 2564 853 2640 quiescere,
877 2563 948 2639 qnia
970 2564 1059 2622 sitnm
1081 2563 1160 2623 hune
1182 2561 1261 2624 ectrli
1283 2570 1417 2640 respectu
1440 2579 1498 2621 non
1522 2569 1645 2622 mutant.

524 2649 668 2728 comesi,
700 2650 783 2726 quod
802 2654 835 2709 in
858 2658 960 2710 centro
981 2658 1039 2723 est,
1061 2668 1126 2712 non
1148 2652 1288 2728 competit
1309 2658 1424 2726 motus3
1456 2657 1490 2709 ot
1516 2649 1611 2710 Terra
1638 2653 1672 2709 in
1694 2657 1796 2710 centro

436 2739 546 2801 mendi
567 2746 617 2798 est
661 2725 900 2816 Propo'sitionum
922 2740 1065 2816 posterior
1087 2737 1217 2798 nondum
1241 2745 1287 2797 est
1308 2736 1370 2798 nlla
1391 2739 1504 2798 ratione
1521 2738 1654 2813 probata,
1677 2743 1710 2797 ut
1733 2727 1814 2797 dic?

436 2836 496 2888 tum
519 2833 604 2906 parte
626 2824 681 2896 IV,
705 2833 808 2902 estque
830 2825 932 2904 procul
955 2823 1045 2885 dubio
1067 2826 1152 2900 laisa,
1175 2834 1209 2887 ut
1231 2826 1260 2884 in
1284 2823 1417 2885 doctrina
1435 2824 1589 2902 sphaerica
1609 2825 1794 2904 probabitur3

436 2915 529 2976 altera
560 2918 591 2973 et
620 2914 698 2991 prior
727 2912 887 2974 secundum
915 2910 986 2989 quid
1013 2930 1085 2974 vera
1113 2921 1159 2974 est
1186 2922 1216 2974 et
1237 2912 1408 2973 conceditur
1430 2912 1466 2972 dc
1489 2912 1596 2985 Terra,
1629 2911 1708 2989 qnod
1732 2912 1796 2989 ejus

436 3009 578 3082 punctum
598 3002 734 3061 intimum
756 3002 785 3059 in
809 3007 907 3061 centro
930 3001 970 3060 sit
990 3003 1076 3080 primi
1104 3009 1202 3061 mutus
1225 3018 1319 3078 eoque
1350 3016 1409 3059 nou
1433 3000 1542 3061 leretur
1563 3000 1602 3060 ab
1624 2998 1681 3060 hoc
1703 3002 1795 3078 primo

436 3096 517 3152 motu
538 3105 595 3152 nee
616 3089 712 3168 ipsum
735 3104 789 3150 nec
812 3089 875 3149 axis
897 3095 928 3149 et
948 3087 1010 3168 poli
1026 3087 1062 3150 de
1084 3087 1151 3150 loco
1174 3091 1203 3149 in
1218 3089 1332 3165 locum3
1356 3095 1388 3149 at
1410 3095 1509 3167 partes
1531 3104 1632 3149 ornnes
1655 3088 1795 3167 eorporis,

434 3187 522 3240 'rrem
546 3179 784 3249 circumstantes,
816 3178 887 3253 quia
909 3183 992 3236 extra
1015 3184 1146 3237 centrum
1167 3185 1250 3247 sunt,
1274 3193 1331 3236 nen
1355 3177 1545 3255 prohibentur
1567 3177 1605 3236 ab
1628 3176 1686 3237 hoc
1708 3193 1797 3254 argn-

436 3272 545 3338 nento,
569 3265 640 3341 quin
663 3269 839 3328 moveantur
860 3271 942 3323 motu
964 3264 1182 3325 convolutionis
1205 3270 1282 3326 circa
1304 3281 1400 3324 arem.

523 3352 560 3413 st
579 3351 675 3412 Ter-ru
689 3352 861 3414 volveretur·
874 3354 956 3411 decu
970 3369 1068 3428 wem,
1091 3359 1167 3413 tunc
1180 3372 1225 3429 eu,
1250 3371 1330 3431 quoe
1347 3359 1429 3412 reeta
1443 3367 1566 3410 sursum
1578 3353 1796 3428 projiciuntur,

435 3459 498 3502 sos
519 3439 688 3500 reciderent
708 3442 743 3499 in
765 3439 865 3500 lunam
885 3440 1068 3516 mutinum,
1091 3440 1175 3501 unde
1196 3449 1269 3501 sunt
1288 3441 1442 3517 projecto,
1470 3441 1582 3516 quippe
1603 3447 1705 3499 emisa
1727 3441 1798 3515 qui·

436 3530 501 3590 derrr
521 3530 713 3606 mummio,
736 3527 800 3589 loco
823 3543 895 3586 vero
916 3528 1091 3604 superficiei,
1115 3531 1150 3587 in
1172 3546 1233 3606 quo
1254 3535 1315 3588 etat
1333 3529 1503 3605 projiciens,
1527 3529 1650 3586 interim
1672 3544 1703 3586 se
1723 3525 1796 3587 rub·

436 3616 563 3677 mame
576 3632 614 3675 ea
627 3614 710 3673 linea
723 3613 816 3674 ductu
831 3631 868 3674 esc
882 3620 981 3674 enno
1001 3613 1130 3675 Telluris
1146 3616 1190 3675 ud
1206 3616 1367 3693 proiectiic.
1413 3614 1446 3675 Si
1467 3615 1571 3690 gravia
1595 3621 1724 3674 centrum
1748 3630 1799 3692 per

436 3721 463 3766 se
487 3709 623 3784 peterent
644 3699 776 3780 nihilque
798 3708 964 3779 praeterea,
996 3709 1170 3779 sequeretur
1191 3711 1405 3780 argumentum.
1452 3701 1492 3760 At
1515 3699 1625 3761 dictum
1656 3703 1686 3759 ln
1709 3702 1796 3780 priori

436 3791 576 3864 themate,
599 3797 697 3849 motus
719 3790 854 3865 melum
877 3805 998 3866 scopum
1021 3803 1080 3850 non
1104 3807 1169 3851 esse
1192 3798 1322 3851 centrum
1345 3807 1397 3868 per
1419 3805 1451 3849 se
1473 3789 1576 3868 primo,
1600 3788 1652 3849 sed
1667 3805 1719 3867 per
1742 3805 1796 3850 no·

436 3878 537 3941 cidens
565 3882 596 3938 et
626 3875 814 3951 secundario,
845 3877 916 3953 qnia
938 3877 1050 3937 seilicet
1072 3887 1203 3937 centrum
1227 3886 1272 3939 est
1294 3877 1423 3938 medium
1447 3884 1476 3936 et
1498 3878 1631 3936 intimum
1655 3876 1795 3954 eorporis,

437 3965 516 4046 quod
538 3966 644 4044 gravia
665 3980 717 4043 per
738 3981 771 4025 se
794 3971 825 4024 et
845 3965 939 4043 prime
961 3970 1066 4043 petunt
1087 3970 1118 4025 et
1139 3982 1158 4024 a
1180 3982 1239 4042 qno
1263 3966 1369 4042 gravia
1390 3964 1588 4025 attrahuntur.

522 4052 598 4114 cun
621 4057 719 4113 antem
742 4051 846 4129 gravia
867 4058 969 4130 petant
984 4050 1092 4113 Terrae
1115 4067 1222 4130 eorpus
1244 4069 1350 4130 perse
1372 4057 1566 4130 petanturque
1589 4052 1627 4111 ab
1649 4048 1711 4125 illo,
1735 4049 1796 4110 ior-

435 4145 493 4204 tins
517 4143 619 4219 itaque
641 4138 837 4200 movebuntur
851 4155 954 4200 sersus
968 4146 1067 4217 partes
1081 4141 1238 4200 viciniores
1250 4139 1367 4213 Terrae,
1393 4155 1482 4216 quam
1497 4155 1600 4199 versus
1615 4139 1797 4198 remotiores.

436 4229 538 4307 Quare
565 4227 786 4288 transeuntibus
816 4225 874 4287 iilis
905 4228 1037 4305 partibus
1065 4228 1171 4288 vicinis
1200 4226 1480 4307 perpendiculariter
1505 4225 1662 4302 subjectis,
1694 4226 1798 4301 gravia

436 4322 511 4379 lntsr
533 4312 728 4377 decidendum
750 4330 854 4376 versus
880 4313 1063 4394 superficiem
1086 4322 1284 4377 transeuntem
1306 4315 1388 4380 iliam
1412 4314 1530 4392 insuper
1552 4315 1643 4374 etiam
1671 4313 1797 4374 circula·

434 4408 505 4467 rlter
526 4409 695 4481 sequentur,
718 4402 838 4482 perinde
852 4419 888 4462 sc
902 4404 927 4463 si
950 4410 1048 4464 essent
1062 4403 1185 4479 alligata
1198 4402 1274 4479 inco,
1298 4406 1345 4466 cui
1361 4403 1522 4474 imminent,
1546 4419 1598 4480 per
1619 4403 1714 4479 ipsam
1729 4419 1797 4480 per-

434 4489 670 4575 pendicularem,
693 4488 828 4567 adeoque
850 4506 903 4568 per
924 4489 1052 4551 infinitas
1076 4490 1314 4565 circumlinens,
1345 4507 1398 4553 ceu
1421 4506 1528 4549 nervos
1551 4487 1696 4564 quosdam
1718 4487 1799 4550 obli·
1833 4499 1837 4506 ·

434 4599 520 4663 qnos,
544 4582 642 4640 minus
663 4574 716 4638 illa
737 4577 837 4652 lortes,
860 4579 910 4654 qui
932 4594 1033 4639 omnes
1056 4579 1086 4638 in
1108 4595 1176 4639 sese
1198 4579 1342 4657 paulatim
1365 4576 1495 4638 contrahi
1519 4577 1642 4639 soleant

526 4669 626 4745 Atqui
647 4666 760 4741 dixisti
783 4683 914 4743 corpora
936 4670 1102 4726 macriora
1123 4667 1268 4727 namurcii
1288 4684 1346 4727 suo
1369 4667 1481 4726 inertia
1508 4667 1600 4724 reniti
1624 4668 1723 4727 motui
1743 4665 1801 4726 sibi

435 4760 474 4821 nb
500 4763 590 4817 mre
612 4754 715 4830 ilict03
742 4753 822 4813 idai
847 4770 955 4812 verum
978 4761 1027 4829 cst,
1051 4756 1162 4831 prasio
1183 4757 1281 4831 ipitur
1302 4753 1496 4816 atricobunt
1515 4770 1574 4812 sese
1600 4754 1742 4813 nonnihil
1763 4771 1801 4815 ea

435 4849 490 4924 itae
519 4849 617 4919 raptu
647 4858 743 4918 esqtsc
771 4857 827 4901 nso
850 4840 903 4901 illo
929 4841 1149 4917 perpendiculo
1171 4846 1333 4919 ausuque
1355 4841 1493 4902 υἰηοαὶἰα.
1529 4840 1711 4903 Extricarent
1732 4856 1797 4902 sese

436 4929 588 5003 nonnihil,
619 4922 647 4989 si
677 4927 870 4990 abscederent
899 4927 1031 4988 a'l'erra
1060 4927 1217 4991 intervallo
1240 4938 1340 5005 tanto,
1374 4927 1454 5006 quod
1479 4927 1516 4987 ad
1549 4927 1796 4989 semidiametrum

436 5022 546 5084 'rensc
567 5013 617 5079 rel
640 5014 747 5078 salum
768 5015 928 5077 horizontis
951 5016 1076 5078 visibilis
1098 5020 1316 5095 proportionem
1338 5016 1460 5077 haberet
1481 5016 1664 5091 sensibilem3
1688 5022 1740 5076 aut
1761 5015 1796 5092 si,

437 5117 470 5171 nt
490 5104 585 5187 panio
612 5104 695 5183 prins
725 5106 829 5183 lugens
853 5120 999 5179 oceanus,
1022 5103 1061 5164 ad
1083 5103 1257 5166 Terram'in
1280 5104 1381 5183 aliqua
1401 5103 1611 5183 magnitudinis
1632 5105 1797 5181 viriumque

436 5196 627 5279 proportione
650 5200 758 5256 esrcm.

526 5280 617 5361 Quos
636 5286 680 5341 ert
698 5280 1331 5362 seponatuittoiipuromotusprooium,
1352 5285 1489 5362 mocio
1509 5281 1603 5359 spolii
1622 5277 1799 5343 manmit
