4459 6275
434 804 499 864 lbi
932 794 1074 865 upttomss
1091 794 1281 852 Asmonomiee

437 975 537 1036 Gilolo
560 983 591 1036 et
613 975 749 1036 Celebesr
781 975 810 1049 l)
834 972 970 1045 Temate,
994 971 1026 1045 a)
1050 969 1166 1044 miore,
1192 974 1223 1050 3)
1246 972 1399 1048 Maebian,
1424 976 1458 1054 t)
1480 977 1621 1039 Baebian.
1667 978 1740 1041 Jam
1761 981 1792 1039 ln

435 1063 555 1129 meridie
586 1061 838 1139 semptembris
866 1060 954 1119 luerit
975 1057 1028 1118 Sol
1050 1059 1197 1119 verticalis
1226 1059 1339 1123 insulae
1361 1062 1521 1139 Ternatae,
1550 1066 1617 1127 inde
1648 1065 1794 1128 decedens

435 1168 537 1212 versus
553 1148 676 1212 Celebee
701 1149 805 1208 transit
819 1147 945 1221 Boraeo,
968 1145 1146 1219 Sumatram,
1170 1145 1329 1208 Maldivias
1352 1151 1381 1208 in
1398 1167 1508 1211 oceano
1523 1151 1636 1227 indico,
1665 1154 1793 1215 Aethio·

434 1241 515 1316 piam
544 1237 678 1309 Africae,
710 1251 851 1295 oceanum
874 1233 1071 1307 Atlanticum,
1103 1235 1132 1291 in
1156 1233 1293 1296 America
1324 1233 1490 1315 Gnsjanem
1522 1247 1552 1300 ct
1578 1240 1721 1301 blancam
1750 1241 1790 1301 ad

433 1325 571 1386 Parimen
593 1324 699 1398 lacum,
723 1338 922 1398 oceanumque
945 1320 1122 1395 Australem,
1147 1321 1246 1397 quoad
1261 1322 1400 1384 coniectis
1416 1328 1456 1383 tt
1472 1325 1553 1387 horis
1575 1326 1623 1387 dle
1638 1330 1691 1388 2³.
1708 1326 1790 1405 Sept

436 1430 472 1473 ex
496 1414 607 1472 oriente
629 1417 809 1488 revertatur,
840 1425 897 1468 non
918 1408 981 1484 jam
1004 1407 1131 1485 amplius
1153 1424 1241 1485 super
1263 1408 1399 1486 Ternale,
1422 1412 1474 1472 sed
1496 1431 1585 1491 super
1606 1413 1733 1491 Tidom,
1762 1424 1793 1477 et

435 1498 483 1560 die
505 1502 557 1558 ut.
582 1498 701 1558 inferius
723 1512 810 1574 super
832 1495 963 1556 Baebian
986 1497 1129 1554 bausleno
1152 1497 1297 1572 novisque
1318 1498 1433 1558 circulis
1456 1500 1565 1560 taciens
1588 1504 1684 1563 initia.

522 1586 619 1663 Atque
649 1584 695 1644 bis
724 1583 840 1643 circulis
863 1584 893 1640 in
916 1582 1006 1641 'l'crra
1028 1582 1177 1657 linguntur
1198 1592 1364 1659 superstare
1395 1587 1423 1643 in
1446 1587 1573 1663 sphaera
1594 1586 1792 1667 perpendicu-

433 1674 535 1734 lariter
565 1671 664 1732 circuli
692 1668 804 1731 dierum
831 1667 1021 1741 naturalium,
1052 1678 1084 1726 ut
1107 1668 1181 1729 libro
1204 1671 1332 1729 secundo
1356 1672 1489 1749 doctum;
1516 1691 1574 1735 non
1598 1675 1792 1753 quodetiam

437 1765 465 1819 in
489 1758 572 1820 coelo
593 1757 661 1833 Sol,
685 1756 801 1818 deserta
826 1752 977 1833 ecliptica,
1000 1760 1030 1814 in
1053 1756 1128 1815 alias
1149 1756 1272 1840 drumm
1294 1756 1398 1835 plagas
1421 1763 1600 1837 exspatietur
1629 1763 1793 1823 seeundum

435 1849 553 1907 duetnm
579 1844 677 1905 circuli
708 1843 767 1905 diei
789 1843 946 1916 naturalis,
969 1843 1021 1902 sed
1044 1844 1129 1919 quia,
1158 1845 1184 1901 sl
1207 1846 1236 1901 in
1258 1845 1359 1922 aliquo
1381 1849 1530 1924 superlore
1557 1847 1692 1926 laqueari
1715 1866 1790 1911 earo

436 1936 604 2013 quiescente
628 1934 754 2010 vestigia
776 1929 855 1991 Solis
878 1931 1001 2006 ejusque
1024 1931 1124 2008 puncti
1148 1929 1275 2007 ecliptici
1304 1950 1422 1994 cerussa
1452 1937 1519 2011 quis
1542 1937 1652 1996 imitari
1679 1952 1711 1998 et
1738 1954 1792 1999 ex·

437 2024 561 2100 prlrnere
582 2027 694 2097 posset,
718 2017 844 2079 circulus
867 2017 935 2076 talis
956 2015 1013 2076 hac
1035 2020 1185 2077 notatione
1209 2020 1424 2094 exprimeretur.

523 2110 620 2185 Atqui
639 2124 704 2167 non
726 2104 908 2181 respondent
935 2104 1043 2162 asculi
1064 2104 1184 2163 dimum
1205 2108 1401 2166 naturalium
1424 2110 1458 2166 in
1480 2110 1573 2182 coelo,
1606 2112 1698 2169 sicuti
1719 2112 1792 2187 qut·

434 2196 502 2256 dem
524 2212 573 2255 eas
593 2194 781 2268 descripsisti,
805 2191 925 2250 circulis
939 2191 998 2250 illie
1019 2193 1053 2248 in
1072 2190 1184 2265 Terra„
1198 2209 1295 2268 neque
1307 2195 1409 2270 fipura
1431 2212 1529 2271 neque
1542 2214 1685 2257 numero.
1708 2194 1791 2256 Nom

433 2284 559 2361 perlecti
580 2288 653 2340 aurit
677 2280 784 2339 circuli
810 2285 838 2337 et
866 2297 887 2337 a
908 2295 938 2337 se
959 2285 1068 2337 mutuo
1088 2295 1153 2338 non
1174 2283 1261 2353 neci,
1293 2297 1357 2340 non
1378 2282 1548 2342 secedentes
1568 2283 1792 2359 ianpiiudinem

339 2396 341 2405 ·
434 2369 562 2448 perfodi
582 2368 690 2427 metali
711 2369 883 2442 quaestitote
904 2365 1119 2437 additamenti,
1148 2366 1231 2441 quod
1251 2368 1363 2428 accedit
1384 2371 1520 2445 muprae
1546 2372 1699 2430 volutiani
1726 2368 1793 2429 Tei·

434 2457 521 2531 luris,
542 2463 579 2515 ut
600 2455 661 2514 dies
673 2453 808 2530 perfecto
828 2455 883 2527 sit;
906 2459 933 2511 et
954 2459 1027 2510 arnt
1047 2468 1176 2512 numero
1198 2454 1266 2526 180,
1290 2472 1359 2515 nrm
1378 2455 1497 2515 dieram
1520 2459 1600 2516 anni
1609 2458 1710 2534 paria
1731 2460 1793 2517 ebat

436 2542 651 2603 leucaten.
695 2539 853 2600 Familiare
876 2545 920 2601 est
942 2541 1113 2615 geometris,
1145 2556 1197 2613 ea,
1227 2557 1304 2616 quae
1326 2549 1394 2602 sunt
1417 2543 1596 2618 irrepularla,
1619 2560 1789 2605 accommo-

435 2630 505 2691 dare
525 2629 707 2707 regularibus
728 2629 859 2704 proxime
882 2625 1088 2686 accedentibus
1111 2625 1150 2684 ad
1172 2626 1294 2702 figuram
1316 2632 1506 2705 propositam,
1530 2633 1602 2690 artis
1625 2639 1657 2691 et
1671 2648 1792 2692 menso·

436 2716 519 2778 randi
541 2734 646 2792 causa3
669 2733 737 2775 nam
759 2732 807 2774 ars
830 2713 912 2772 nulla
925 2715 989 2773 siue
1012 2715 1097 2771 certis
1113 2713 1221 2788 regulis
1245 2719 1370 2776 exerceri
1386 2726 1493 2793 potest.
1528 2717 1576 2777 Ita
1598 2717 1648 2779 bie
1662 2735 1791 2797 quoque,

435 2806 571 2882 qnamrls
600 2803 663 2864 dies
691 2800 833 2861 naturalis
861 2800 988 2860 decurrit
1018 2801 1148 2871 interim,
1180 2797 1248 2859 dum
1276 2818 1334 2860 non
1363 2812 1476 2864 tantum
1508 2806 1622 2880 integra
1643 2806 1791 2867 resolutio

434 2891 561 2953 Telluris
591 2893 705 2963 existit,
735 2889 788 2949 sed
818 2889 906 2948 etiarn
932 2886 1077 2963 particula
1107 2885 1144 2945 de
1173 2889 1317 2948 subeunte
1345 2891 1438 2950 altera
1460 2891 1660 2965 revolutione,
1691 2898 1790 2953 tamen

434 2980 594 3040 astronomi
623 2983 793 3054 comparant
823 2985 917 3035 totum
949 2974 1006 3034 diei
1035 2982 1150 3050 tempus
1179 2975 1307 3049 perlecto
1337 2986 1367 3036 et
1395 2980 1423 3036 in
1453 2996 1486 3038 se
1512 2978 1649 3039 redeunti
1671 2978 1790 3053 ciretrlo,

435 3067 485 3145 qui
508 3066 676 3126 traducatur
696 3081 750 3143 per
771 3064 925 3123 terminum
948 3059 1056 3140 gradm
1079 3060 1167 3134 Solis,
1190 3064 1353 3138 proximum
1376 3063 1441 3125 loco
1463 3064 1541 3125 Solis
1562 3082 1616 3144 per
1638 3064 1718 3127 diem
1745 3070 1790 3127 in·

435 3164 566 3233 tagram,
590 3170 626 3214 ac
647 3156 674 3212 si
695 3151 768 3211 nibil
791 3154 818 3211 ci
841 3149 949 3211 eirenlo
971 3152 1089 3225 insuper
1111 3148 1277 3223 accederet,
1307 3151 1354 3211 rel
1377 3169 1414 3212 ac
1436 3156 1461 3213 sl
1483 3153 1535 3213 Sol
1558 3155 1673 3214 milone
1694 3163 1791 3215 mette

433 3243 543 3319 proprll
566 3242 728 3317 quiesceret
750 3240 780 3296 in
803 3254 861 3298 uno
885 3236 1018 3314 quolibet
1041 3238 1124 3295 initio
1147 3235 1254 3312 gratim
1286 3238 1439 3315 eclipticae
1461 3257 1513 3316 per
1534 3242 1680 3317 integram
1703 3241 1788 3316 diem,

433 3339 539 3406 postea
559 3329 658 3387 subito
678 3335 707 3387 et
730 3329 758 3384 in
782 3334 928 3385 momento
951 3323 1059 3384 saltum
1081 3323 1191 3383 iaceret
1212 3323 1250 3382 ad
1274 3326 1388 3386 initium
1410 3328 1518 3403 gradus
1539 3331 1702 3404 sequentis.

522 3418 573 3474 An
597 3431 667 3475 aero
688 3417 731 3473 eie
752 3430 815 3472 non
831 3413 975 3471 turbatur
996 3410 1144 3471 certitudo
1158 3416 1396 3485 comparationis
1416 3418 1634 3491 rationumque
1649 3415 1789 3479 amaab-

434 3499 608 3562 mteamm?
637 3499 783 3577 Quicquid
805 3516 857 3575 per
878 3500 954 3557 lianc
976 3498 1123 3558 fictionem
1147 3507 1301 3574 peccatur,
1324 3500 1353 3559 id
1376 3504 1492 3578 penitus
1515 3502 1688 3563 insensibile
1709 3513 1741 3564 et
1762 3506 1789 3562 in

340 3654 345 3664 ,
435 3601 495 3649 una
516 3588 577 3661 die,
605 3603 696 3663 quare
723 3595 836 3646 veteres
863 3585 894 3643 ld
916 3602 973 3643 non
996 3584 1156 3645 curandum
1180 3597 1377 3659 censuerunt,'
1400 3589 1479 3664 quod
1509 3588 1558 3647 bic
1580 3590 1790 3665 unaquaelibet

431 3665 498 3736 ¹dies
520 3677 641 3735 seorsim
663 3673 875 3744 consideretur,
909 3689 967 3731 non
991 3691 1060 3732 vero
1084 3681 1118 3732 ut
1138 3675 1219 3750 prius
1242 3674 1403 3747 naturales,
1435 3677 1477 3736 sic
1505 3675 1554 3734 hic
1583 3682 1675 3736 etiam
1697 3676 1790 3738 artld·

435 3762 524 3824 eialcs
547 3762 661 3839 aliquot
683 3761 911 3822 accumulentur.

524 3850 682 3928 Quomodo
699 3851 857 3925 perficitur
878 3865 1023 3906 mensura
1050 3847 1110 3904 diei
1136 3849 1290 3922 noctisque
1311 3850 1502 3923 arnsteialia?
1534 3853 1559 3907 l.
1586 3849 1642 3909 Vel
1674 3852 1790 3921 circino,

435 3940 461 3998 si
483 3937 646 4014 descriptus
669 3939 708 3996 sit
729 3939 757 3994 in
783 3935 908 4012 sphaera
936 3934 1061 3994 circulus
1084 3933 1143 3992 diei
1173 3932 1323 3993 naturalis.
1369 3935 1444 3994 Nam
1468 3953 1544 4012 quae
1570 3944 1616 3995 est
1638 3939 1790 4016 proportio

437 4033 654 4103 segmentorum
677 4024 820 4100 cujusque
843 4020 956 4095 circuli,
986 4020 1128 4080 iacturum
1152 4021 1190 4079 ab
1214 4020 1378 4093 horizonte,
1410 4023 1449 4081 ad
1471 4042 1503 4083 se
1533 4033 1636 4081 mutuo
1660 4026 1690 4083 ln
1715 4041 1791 4101 quo·

436 4112 509 4172 libet
530 4111 640 4172 Terrae
662 4110 743 4184 loco,
772 4109 874 4170 eadem
897 4117 943 4168 est
965 4109 1007 4167 ibi
1030 4117 1060 4165 et
1083 4110 1233 4183 proportio
1257 4106 1314 4167 diei
1338 4109 1375 4167 ad
1399 4127 1483 4169 suurn
1506 4120 1636 4183 noctem,
1668 4111 1740 4172 Sole
1763 4113 1790 4169 in

435 4199 486 4257 illo
508 4199 663 4275 eclipticae
685 4198 777 4275 gradu
794 4204 940 4273 venante,
962 4212 1014 4271 per
1028 4212 1116 4269 quern
1140 4197 1242 4253 transit
1257 4196 1391 4258 circulus.
1437 4198 1522 4256 Hanc
1545 4201 1689 4257 rationem
1707 4207 1790 4259 rete·

434 4302 480 4345 res
503 4293 658 4345 tenuerunt
680 4288 840 4363 praecipue
863 4287 891 4341 in
916 4281 1062 4341 metienda
1087 4282 1270 4357 longitudine
1293 4282 1351 4342 diei
1373 4287 1526 4360 noctisque
1550 4293 1578 4344 et
1600 4284 1791 4362 longissimae

434 4380 463 4431 el
486 4372 686 4446 brevissimae,
709 4391 744 4433 eo
767 4371 846 4449 quod
868 4387 968 4430 eorum
991 4368 1107 4440 circuli,
1135 4367 1191 4428 hoc
1214 4379 1258 4427 est
1281 4371 1397 4445 tropici,
1422 4373 1450 4427 in
1474 4372 1600 4447 sphaera
1622 4377 1792 4451 expriman-

434 4465 489 4531 tur,
512 4461 694 4536 potlssimnm
718 4460 757 4520 ob
780 4460 858 4517 bune
880 4474 975 4517 usum.
1022 4462 1050 4516 u.
1077 4455 1267 4515 velocioris
1291 4466 1320 4515 et
1343 4466 1502 4533 nequatore
1519 4459 1636 4530 circulo,
1660 4477 1716 4520 seu
1740 4477 1791 4520 ae·

435 4548 620 4607 tensionibus
643 4547 773 4623 obliquis
795 4545 1041 4605 semicirculorum
1064 4543 1230 4621 eclipticae,
1261 4560 1384 4620 quorum
1408 4548 1458 4621 qui
1483 4546 1579 4605 locum
1602 4545 1684 4606 Solis
1706 4557 1792 4608 ante·

435 4632 521 4709 cedit,
545 4634 910 4709 ascensionemobliqusm
934 4631 1031 4704 babet,
1056 4634 1150 4689 noctis
1174 4630 1299 4690 indicem
1322 4640 1351 4689 et
1374 4650 1548 4704 mensuram,
1573 4636 1623 4707 qui
1648 4637 1790 4710 sequitur,

434 4719 499 4783 diei.
544 4722 581 4780 Et
609 4728 678 4779 tunc
703 4724 741 4779 15
765 4723 894 4797 praecise
923 4726 1054 4795 ternpore
1082 4720 1251 4792 sequuturis
1280 4719 1391 4777 iaciunt
1420 4719 1521 4778 boram
1545 4737 1633 4779 unam
1662 4721 1790 4780 mediam

434 4825 487 4869 seu
511 4808 765 4885 aequinoctialem,
789 4810 874 4883 qussl
896 4806 1009 4863 nullum
1033 4804 1185 4864 accederet
1206 4804 1455 4878 additamentum
1486 4809 1557 4881 quia
1579 4804 1681 4866 Solem
1704 4808 1792 4885 111131·

435 4897 552 4954 masin
575 4896 662 4953 unico
685 4903 794 4971 puncto
818 4892 971 4970 eclipticae
992 4909 1044 4967 per
1067 4891 1144 4950 diem
1167 4894 1310 4968 integrum
1334 4895 1494 4968 quiescere.

523 4981 610 5059 Quae
631 4988 673 5039 eet
693 4985 776 5041 ratio
797 4980 940 5040 metiendi
961 4979 1039 5037 diem
1063 4980 1109 5036 uel
1131 4986 1247 5038 noeoem
1270 4981 1366 5046 iliam.
1390 4999 1469 5055 qum
1491 4986 1607 5039 mactat
1626 4998 1666 5040 ec·
1686 4981 1792 5040 matris

434 5068 538 5128 diebus
559 5068 782 5128 mordiens?
811 5068 888 5142 Quia
916 5066 1016 5125 eircull
1044 5063 1155 5124 dierum
1184 5067 1361 5125 naturalium
1391 5084 1445 5127 nec
1467 5082 1588 5127 numero
1610 5067 1790 5143 respondent

435 5153 553 5228 diebus,
584 5171 640 5216 nee
662 5157 691 5213 ln
719 5155 844 5232 sphaera
866 5156 1079 5232 exprimuntur,
1110 5154 1147 5211 iis
1169 5154 1258 5229 lp'tur
1280 5155 1393 5226 missis,
1417 5157 1567 5229 quaeritur
1588 5170 1676 5214 arcus
1697 5155 1791 5232 eclip-

303 5325 311 5348 ι
434 5242 511 5302 tieaa
538 5251 680 5320 perpetuo
709 5257 856 5320 apparens
884 5257 937 5318 per
958 5240 1122 5301 doctrinam
1142 5249 1227 5316 parte
1254 5238 1385 5301 secunda
1406 5241 1553 5301 traditam.
1600 5240 1718 5302 Danda
1739 5257 1792 5320 pc
