4459 6275
1819 734 1986 813 Ῑζὶιιοι
2019 754 2265 813 rauna.
2329 756 2465 813 pm
2498 757 2699 815 Prima.
2777 832 2785 845 .
3470 770 3595 849 m

877 930 1046 993 finna
1086 930 1384 1011 regulam,
1445 930 1623 991 situm
1678 947 1817 994 vero
1874 931 2218 1011 quadrantis
2260 933 2365 997 illa
2406 937 2539 997 vice
2581 943 2757 1013 nota,
2824 936 3003 1001 ducta
3055 940 3219 1003 linea
3262 939 3360 1019 SQ
3422 961 3659 1023 super·

876 1018 1056 1096 plano
1115 1018 1468 1093 horisontis,
1532 1018 1594 1077 in
1650 1034 1770 1096 quo
1831 1023 2099 1081 consistit
2143 1022 2457 1101 quadrans.
2548 1022 2775 1089 Exinde
2818 1035 3126 1105 exspecta,
3190 1029 3379 1093 donec
3421 1031 3597 1095 stella

878 1106 1220 1169 transiverit
1261 1104 1498 1182 plagam
1535 1104 1938 1183 meridianam,
1983 1125 2135 1186 quae
2790 1143 2895 1196 ῃ,
2922 1145 2991 1191 ³5.

875 1209 1111 1271 semper
1138 1192 1242 1254 flet
1285 1192 1461 1253 altior
1489 1209 1675 1271 usque
1719 1194 1779 1253 in
1813 1193 2134 1270 meridiem,

875 1288 1090 1357 postea
1136 1278 1349 1341 iterum
1371 1279 1441 1339 tit
1483 1278 1759 1343 humilior
1797 1289 1858 1343 et
1899 1282 2134 1343 tandem

877 1369 1137 1445 acquirit
1171 1369 1380 1453 iterum
1415 1385 1550 1429 eam
1591 1367 1964 1430 altitudinem
2007 1370 2134 1447 DE,

879 1474 1058 1532 quam
1105 1446 1420 1517 notaveras
1463 1454 1692 1516 firmata
1737 1455 1959 1533 regula.
2024 1457 2138 1515 Di-

879 1542 1128 1621 ligenter
1169 1545 1348 1620 igitur
1406 1542 1673 1618 attende,
1731 1543 1967 1621 quando
2025 1544 2138 1604 boc

879 1629 1004 1705 fiat,
1049 1647 1282 1708 semper
1325 1629 1544 1692 directo
1587 1629 1767 1709 plano
1799 1630 2141 1708 quadrantis

878 1719 938 1777 in
981 1716 1250 1790 atellam,
1307 1717 1505 1795 quoad
1558 1716 1731 1778 stella
1785 1721 1994 1779 iterum
2039 1736 2142 1797 per

879 1803 1128 1883 regulae
1145 1804 1415 1865 firmatae
1439 1802 1534 1865 SE
1563 1804 1900 1883 pinnacidia
1932 1805 2140 1867 videa-

881 1900 1014 1969 tur,
1071 1894 1370 1969 situmque
1428 1894 1489 1953 in
1551 1909 1670 1970 quo
1714 1892 1830 1955 hoc
1871 1892 1940 1953 tit
1977 1902 2138 1968 nota,

883 1977 1064 2041 ducta
1117 1982 1180 2041 in
1235 1978 1417 2058 plano
1469 1978 1790 2047 horizontis,
1846 1979 2009 2043 linea
2045 1980 2140 2043 al·

879 2074 1014 2129 tera
1071 2064 1202 2143 803
1279 2073 1420 2128 tunc
1484 2069 1764 2129 continua
1832 2075 2139 2146 utramque

881 2153 1126 2231 lineam,
1155 2152 1360 2233 quoad
1387 2170 1456 2215 se
1484 2155 1737 2217 invicem
1758 2162 1958 2217 secent
1984 2158 2044 2214 in
2075 2155 2136 2217 S.

874 2238 1018 2303 Hoc
1057 2241 1214 2303 facto
1261 2241 1470 2303 biseca
1519 2239 1674 2317 Qso
1719 2242 2001 2320 angulum
2045 2245 2140 2302 iu-

882 2337 973 2392 ter
1019 2327 1168 2391 duas
1195 2327 1408 2405 lineas,
1451 2333 1512 2391 et
1541 2328 1704 2390 linea
1747 2329 2016 2393 bisecans
2043 2328 2139 2393 ΒΡ

849 2417 994 2479 ‘erit
1034 2414 1360 2478 meridiana
1403 2417 1492 2477 tui
1533 2414 1672 2479 loci.

1051 2501 1277 2564 Similia
1331 2511 1424 2565 est
1481 2502 1693 2567 modus
1748 2501 1821 2562 de
1877 2501 1974 2565 die
2030 2519 2134 2582 per
2177 2503 2376 2567 Solem
2432 2504 2602 2582 isque
2663 2504 2850 2576 magis
2916 2501 3222 2579 popularis
3266 2507 3329 2562 et
3371 2501 3581 2562 facilis.

875 2590 944 2651 ln
991 2588 1192 2669 plano,
1237 2590 1400 2670 quod
1440 2593 1522 2653 sit
1550 2588 1848 2655 horizonti
1891 2588 2271 2669 parallelum,
2331 2591 2584 2657 circulus
2628 2588 2786 2650 ALC
2835 2588 3194 2651 describatur
3248 2594 3309 2651 et
3354 2589 3415 2647 in
3461 2590 3589 2665 ejus

876 2686 1080 2739 centro
1109 2678 1154 2739 S
1185 2680 1444 2756 erigatur
1484 2678 1656 2739 stilus
1685 2676 1782 2738 ST
1813 2677 2370 2755 perpendiculariter
2412 2686 2611 2740 tantae
2657 2675 3061 2754 longitudinis,
3106 2681 3175 2736 ut
3219 2676 3426 2736 umbra
3457 2676 3586 2752 ejus

876 2766 1038 2827 horis
1082 2765 1314 2843 aliquot
1353 2773 1507 2829 ante.
1533 2764 1834 2829 meridiem
1879 2768 2215 2827 terminetur
2260 2766 2419 2844 apud
2465 2764 2663 2826 circuli
2695 2764 2793 2824 CA
2832 2764 3383 2825 circumferentiam:
3432 2762 3591 2839 quod

875 2853 980 2913 ubi
1026 2862 1230 2914 exacte
1273 2853 1357 2928 fit,
1402 2860 1635 2915 notetur
1663 2853 1716 2913 is
1759 2851 1926 2913 locus
1972 2855 2172 2915 circuli
2216 2854 2264 2917 C
2297 2862 2356 2916 et
2399 2863 2630 2931 tempus
2676 2858 3045 2927 exspectetur
3087 2857 3225 2928 post
3265 2848 3586 2924 meridiem,

875 2938 1118 3018 quando
1176 2940 1386 3003 umbra
1445 2940 1568 3001 stili
1621 2957 1850 3001 rursum
1913 2940 2033 3002 alio
2074 2940 2209 3005 loco
2257 2942 2311 3001 A
2358 2943 2548 3019 tangit
2592 2938 2842 3002 eundem
2903 2937 3213 3014 circulum,
3276 2939 3378 3015 qui
3424 2937 3590 2998 locus

873 3027 1144 3089 similiter
1185 3035 1440 3105 notetur,
1486 3034 1548 3088 et
1588 3028 1816 3089 bisecto
1861 3045 2000 3088 arcu
2026 3028 2150 3104 CA,
2195 3032 2346 3092 inter
2375 3036 2685 3106 utrumque
2729 3025 2925 3086 locum
2953 3020 3297 3103 intercepto,
3346 3024 3592 3086 ducatur

873 3132 949 3178 ex
996 3121 1196 3177 centro
1239 3114 1286 3178 S
1328 3133 1434 3195 per
1476 3115 1858 3180 bisectionem
1901 3123 2064 3179 recta
2105 3072 2218 3193 S’L,
2267 3135 2422 3196 quae
2466 3119 2575 3182 erit
2617 3113 2943 3178 meridiana
2982 3114 3163 3178 linea.

1064 3203 1233 3282 Quid
1273 3212 1358 3264 eet
1395 3203 1759 3278 declinatio?
1800 3204 2233 3268 Declinationis
2274 3223 2395 3267 vox
2439 3206 2743 3282 originem
2767 3201 2947 3264 trahit
2988 3221 3028 3264 a
3069 3209 3235 3264 motu
3276 3197 3435 3262 Solis
3478 3217 3590 3280 ap-

872 3298 1122 3370 parente
1147 3292 1408 3369 proprio,
1447 3308 1558 3352 seu
1601 3291 1679 3353 ab
1710 3291 1839 3368 ejus
1885 3293 2077 3354 orbita
2105 3291 2395 3372 ecliptica,
2441 3309 2597 3370 qnae
2638 3307 2772 3353 cum
2816 3288 3047 3352 duobus
3075 3289 3223 3352 locis
3269 3289 3329 3348 in
3360 3305 3582 3366 aequa·

876 3387 1066 3439 torem
1118 3376 1365 3452 incidat,
1423 3384 1562 3454 post
1614 3377 1720 3439 illa
1775 3387 1993 3457 puncta
2044 3380 2331 3459 paulatim
2389 3379 2645 3442 deflectit
2697 3383 2759 3440 et
2814 3375 3072 3438 declinat
3127 3377 3206 3438 ab
3250 3382 3588 3454 aequatore.

875 3465 1067 3543 igitur
1131 3465 1446 3527 declinatio
1506 3467 1719 3526 dicitur
1774 3470 2006 3544 proprie
2068 3470 2373 3546 quantitas
2442 3484 2612 3528 arcus
2677 3463 2909 3540 circuli,
2986 3482 3091 3543 per
3152 3461 3325 3542 polos
3388 3461 3588 3523 mundi

874 3552 1057 3628 ducti,
1103 3569 1224 3629 quo
1254 3569 1397 3613 arcu
1423 3551 1728 3630 quodlibet
1756 3560 2035 3630 punctum
2063 3555 2373 3633 eclipticae
2410 3554 2745 3617 successive
2789 3551 3137 3614 declinantis
3165 3552 3241 3614 ab
3271 3558 3589 3629 aequatore

874 3642 1136 3702 recessit.
1224 3633 1446 3701 P'ostea
1489 3656 1632 3701 usus
1663 3640 1935 3715 obtinuit,
1983 3649 2048 3702 ut
2075 3643 2394 3721 cuiuslibet
2420 3642 2627 3704 stellae
2675 3643 2854 3701 etiam
2894 3648 3059 3701 extra
3102 3639 3429 3717 eclipticam
3461 3639 3590 3699 exi-

875 3730 1091 3789 stentis
1137 3726 1416 3788 distantia
1458 3727 1535 3788 ab
1580 3735 1919 3806 aequatore,
1965 3730 2025 3787 in
2056 3730 2271 3791 circulo
2315 3747 2422 3809 per
2446 3729 2619 3848 polos
2663 3730 3000 3806 aequatoris
3031 3727 3227 3803 ducto,
3273 3724 3588 3788 declinatio

866 3816 1000 3894 ejus
1028 3814 1238 3876 stellae
1281 3821 1730 3894 nuncuparetur.

1044 3903 1155 3962 Est
1195 3904 1376 3979 igitur
1417 3901 1731 3964 declinatio
1774 3901 1890 3962 hoc
1934 3900 2067 3964 loco
2113 3921 2283 3965 arcus
2328 3903 2530 3965 circuli
2574 3921 2681 3982 per
2721 3901 2895 3982 polos
2927 3899 3217 3979 sphaerae
3265 3899 3444 3975 ducti,
3492 3902 3586 3958 iu-

871 3996 1172 4068 terceptus
1226 3991 1380 4051 inter
1421 3996 1800 4069 aequatorem
1845 3996 1905 4049 et
1955 3989 2188 4051 stellam
2245 3999 2352 4052 aut
2408 3991 2802 4069 quodcunque
2861 3988 3204 4067 sphaericae
3249 3986 3580 4065 superficiei

874 4085 1182 4157 punctum,
1201 4075 1397 4156 ‘cujus
1441 4076 1759 4140 declinatio
1804 4078 2120 4153 quaeritur.

1052 4165 1370 4243 womodo
1424 4183 1502 4227 ea:
1542 4164 2057 4227 observationibus
2110 4165 2420 4243 colliyitm·
2470 4164 2793 4228 declinatio
2859 4164 3156 4246 citiusque
3227 4161 3435 4222 ttellae
3491 4161 3588 4222 vel

860 4252 1130 4331 puncti?
1191 4251 1258 4314 Si
1311 4251 1501 4330 stella-
1528 4254 1755 4313 venerit
1812 4256 1872 4313 in
1917 4253 2307 4315 meridianum
2366 4271 2438 4315 ex
2481 4251 2664 4333 plaga
2722 4251 3088 4330 aequatoris,
3152 4247 3590 4327 comparandae

864 4347 1010 4401 aunt
1049 4341 1307 4401 invicem
1333 4339 1587 4401 altitudo
1627 4343 1964 4417 aequatoris
2009 4348 2070 4404 et
2097 4340 2352 4403 altitudo
2395 4340 2604 4404 stellae
2639 4340 2734 4402 vei
2777 4341 2981 4419 puncti
3015 4337 3360 4400 meridiana.
3437 4337 3592 4398 Nam

867 4430 922 4489 ei
967 4428 1158 4504 maJor
1202 4428 1378 4489 fuerit
1421 4426 1670 4489 altitudo
1717 4428 1927 4490 stellae
1971 4445 2149 4506 quam
2193 4429 2448 4490 altitudo
2491 4431 2861 4506 aequaturis,
2919 4426 3239 4488 declinatio
3298 4427 3406 4486 erit
3446 4442 3592 4503 aep-

867 4514 1260 4591 tentrionalis,
1301 4517 1355 4576 si
1398 4518 1615 4589 minor,
1674 4515 2016 4578 meridiana.
2103 4517 2182 4578 Et
2224 4525 2365 4578 tunc
2407 4518 2730 4580 subtractio
2774 4516 3015 4576 minoris
3061 4533 3101 4576 a
3144 4513 3357 4590 maiori
3398 4530 3591 4591 quan-

869 4606 1104 4665 titatem
1147 4603 1344 4681 prodit
1385 4603 1820 4665 declinationis.
1904 4602 2009 4664 Sin
2053 4612 2256 4666 autem
2300 4604 2477 4667 stella
2526 4621 2732 4667 versus
2784 4602 3023 4683 plagam
3046 4601 3482 4680 ,septentrionis
3526 4602 3588 4660 in

865 4689 1260 4752 meridianum
1301 4690 1524 4766 incidit,
1568 4707 1675 4768 pro
1720 4693 2054 4768 aequatoris
2083 4691 2396 4755 altitudine
2437 4689 2775 4754 adhibenda
2816 4696 2909 4754 est
2952 4685 3205 4751 altitudo
3230 4687 3379 4770 poli.
3450 4687 3588 4748 Dii-

867 4779 1121 4840 terentia
1171 4781 1322 4839 inter
1378 4778 1532 4840 hauc
1575 4785 1634 4840 et
1675 4776 2048 4840 altitudinem
2103 4779 2315 4842 stellae
2356 4781 2671 4840 maximam
2713 4778 2811 4840 vel
2869 4778 3207 4854 minimam,
3264 4777 3467 4838 ablata
3509 4774 3587 4836 ab

865 4866 1098 4945 integro
1155 4865 1510 4943 quadrante,
1565 4864 1840 4943 relinquit
1894 4864 2347 4929 declinationem
2404 4865 2614 4928 stellae
2665 4863 3188 4944 septentrionalem
3241 4870 3469 4926 tantum
3525 4864 3586 4924 in

867 4962 1076 5016 nostro
1117 4952 1569 5031 hemisphaerio.

1051 5038 3586 5122 Quomodoperdedinationemdisecrnnnturttellaeorimtesetoccidentesa

865 5143 1002 5190 non
1043 5129 1378 5192 οήαιιῶω
1421 5136 1536 5190 aut
1578 5147 1620 5190 a
1660 5146 1792 5191 non
1819 5127 2275 5190 occidentibus?
2318 5129 2467 5192 Cum
2498 5128 2812 5191 declinatio
2854 5125 3064 5191 stellae
3094 5136 3186 5189 est
3227 5127 3415 5205 major
3443 5127 3586 5188 alti-

871 5213 1078 5278 tudine
1120 5218 1488 5296 aequatoris„
1521 5214 1714 5294 stella,
1760 5217 1813 5276 si
1855 5215 2350 5294 septentrionalis,
2394 5234 2515 5279 non
2558 5213 2803 5298 occidit,
2836 5218 3007 5296 quia,
3032 5221 3273 5296 ,quanta
3314 5221 3405 5278 est
3446 5213 3589 5278 alti·
