4459 6275
891 744 974 804 Liber
991 745 1109 805 Tertius
1145 747 1212 805 Pars
1230 746 1331 805 taus.
1724 759 1787 821 ate

520 924 609 985 dett
629 942 700 1002 erpo
721 925 809 985 nobit
829 923 873 983 od
892 924 985 998 euius
1008 927 1208 1002 sepultionem
1223 934 1269 986 'ee
1296 927 1466 1002 naticipoto
1493 927 1658 989 mendam
1686 937 1728 989 stt
1755 929 1792 989 de

436 1021 519 1075 motu
542 1012 621 1074 sote
642 1014 880 1089 apparentiam
907 1011 1034 1072 Telluris
1053 1012 1205 1089 proprio?
1233 1012 1297 1072 Imo
1321 1011 1358 1071 ad
1380 1013 1539 1090 perlectam
1562 1014 1788 1093 explicationem

436 1102 503 1161 anni
526 1100 669 1161 sermons
690 1115 750 1158 non
771 1116 868 1176 pauca
890 1117 927 1158 ex
949 1098 1081 1160 theorica
1104 1100 1237 1161 doctrina
1257 1098 1385 1178 petenda
1406 1107 1484 1160 sunt.

523 1185 588 1246 Our
613 1204 685 1262 erqo
714 1185 750 1244 de
780 1185 832 1245 illo
862 1189 967 1262 optior
994 1191 1029 1245 s'n
1056 1185 1197 1247 doctrino
1224 1186 1403 1263 mdoermc't
1437 1186 1539 1246 Annus
1563 1184 1678 1249 vomens
1699 1189 1791 1252 habet

436 1274 532 1350 plores
553 1281 717 1352 respectus:
741 1280 794 1334 aut
816 1275 893 1333 cuim
907 1271 1068 1333 dividimus
1091 1272 1265 1334 curriculum
1279 1261 1367 1346 Solis,
1392 1275 1443 1350 qui
1457 1290 1567 1336 anunm
1583 1275 1679 1350 elficit,
1703 1279 1789 1338 metis

435 1363 495 1421 suis
516 1359 701 1421 naturalibus
724 1363 875 1441 exprimo
899 1368 986 1425 motu,
1002 1360 1118 1439 petitis,
1152 1363 1336 1439 partiumque
1359 1360 1482 1420 illarum.
1498 1361 1668 1427 affectiones
1691 1366 1789 1426 varias

436 1457 567 1527 respectu
600 1442 845 1506 dissimilitudinis
873 1446 984 1508 dierum
1019 1456 1048 1507 et
1076 1449 1207 1508 noctium
1238 1448 1434 1524 exquirimus,
1467 1457 1496 1511 et
1524 1450 1568 1510 sic
1594 1451 1721 1529 pertinet
1749 1451 1788 1514 ad

437 1535 598 1597 doctrinam
620 1534 818 1611 sphaericam
842 1542 895 1594 aut
917 1535 1140 1613 metimnrejus
1162 1552 1228 1594 cum
1251 1537 1351 1611 totius,
1374 1546 1436 1596 tum
1459 1538 1584 1615 partium
1606 1537 1788 1616 singularum

437 1619 634 1700 longitudines
657 1620 803 1695 diversus,
835 1633 864 1682 et
887 1639 995 1681 causae
1020 1620 1198 1682 diversitatis
1220 1621 1310 1698 hujus
1331 1639 1367 1683 ex
1390 1623 1521 1685 theorica
1542 1630 1610 1683 sunt
1632 1625 1786 1702 petendae.

523 1707 607 1786 Quid
627 1715 669 1767 est
690 1726 824 1768 onnus
848 1709 1026 1768 vertens?
1055 1708 1108 1767 list
1130 1710 1259 1785 spatium
1281 1711 1435 1787 temporis,
1460 1712 1534 1769 intra
1556 1711 1636 1788 quod
1660 1721 1786 1789 quatuor

435 1797 561 1857 existunt
584 1792 816 1866 vicissitudines,
849 1812 916 1870 ver,
941 1800 1056 1870 aestas,
1084 1803 1259 1868 autumnus,
1283 1795 1396 1871 hiems,
1427 1796 1497 1857 Sole
1520 1797 1558 1856 ab
1582 1815 1639 1858 uuo
1661 1809 1788 1875 puncto·

436 1901 497 1943 mm
520 1880 712 1942 cardinalium
734 1881 774 1941 ad
796 1880 873 1942 idem
895 1890 1068 1944 revertente.

524 1967 610 2029 Unde
631 1987 743 2030 nomen
765 1976 806 2030 eat
827 1987 912 2030 enno
928 1969 1079 2029 omenti?
1110 1966 1216 2029 Graeci
1241 1989 1377 2046 squamos
1398 1965 1459 2033 dno
1481 1992 1539 2031 sur
1560 1990 1686 2048 sponoe,
1708 1969 1788 2050 quod

437 2058 642 2119 conversiones
665 2056 713 2116 vel
737 2054 953 2116 vicissitudines
975 2055 1135 2133 siguificat,
1167 2054 1366 2133 appellarunt3
1397 2058 1445 2117 cui
1466 2050 1559 2117 latin'a
1590 2074 1648 2119 vox
1671 2067 1788 2119 vertens

435 2143 471 2205 ad
499 2145 622 2206 verbum
647 2142 814 2220 respondet.
859 2142 953 2203 Iidem
982 2153 1011 2205 et
1042 2143 1232 2222 temporalem
1263 2142 1433 2222 appellant,
1466 2146 1536 2221 quia
1565 2143 1640 2204 lsscc
1662 2154 1788 2222 quatuor

436 2233 502 2292 anni
525 2240 660 2308 tempora
680 2229 778 2290 solent
799 2247 976 2308 nuncupare.
1023 2229 1138 2290 Dicitur
1160 2237 1190 2290 et
1215 2229 1366 2304 naturalis,
1390 2230 1468 2307 quod
1491 2231 1548 2292 luae
1572 2232 1789 2295 vicissitudines

439 2321 605 2378 universam
627 2325 761 2377 usturam
783 2319 964 2379 animantum
988 2326 1122 2395 terraque
1144 2319 1327 2378 nascentium
1350 2319 1538 2396 ipsorumque
1560 2317 1635 2381 adeo
1658 2317 1788 2382 clemen·

434 2415 528 2467 torum
551 2407 706 2481 attingant.

518 2491 604 2552 Num
625 2495 721 2570 indue
747 2492 780 2551 in
802 2509 887 2552 anno
912 2490 1026 2552 sidereo
1048 2508 1112 2552 non
1134 2499 1207 2550 sunt
1228 2490 1349 2550 eaedem
1372 2499 1505 2568 quotuor
1524 2493 1650 2569 portes?
1682 2494 1788 2554 Insunt

435 2580 551 2657 quidem
581 2587 611 2639 et
638 2578 699 2653 illi,
729 2578 781 2639 sed
812 2596 863 2657 per
892 2577 1037 2639 accidens.
1081 2577 1157 2637 Nam
1185 2578 1210 2637 si
1238 2578 1398 2639 succedant
1424 2579 1551 2639 inuicem
1580 2581 1650 2639 anui
1679 2580 1787 2641 siderei

434 2685 540 2744 magno
562 2665 662 2743 aliquo
685 2682 832 2740 numero,
852 2665 903 2726 liet
924 2665 1042 2727 taudem
1072 2657 1104 2724 ut
1134 2665 1307 2742 principium
1330 2665 1407 2742 ojus,
1438 2662 1517 2741 quod
1547 2664 1701 2726 hibemnm
1724 2675 1787 2727 erat

433 2756 532 2827 initio,
561 2751 681 2814 tandem
703 2755 733 2812 in
755 2759 897 2814 aestatem
921 2753 1044 2826 incidat,
1076 2753 1177 2829 itaque
1199 2751 1344 2812 interdum
1373 2768 1449 2812 unns
1470 2750 1601 2813 sidereus
1627 2769 1686 2813 nun
1708 2771 1786 2832 qua·

434 2849 506 2917 tuor,
530 2839 583 2901 sed
605 2843 735 2920 quinque
758 2839 867 2901 habeut
888 2848 1030 2919 tempora,
1054 2856 1144 2901 unum
1167 2855 1208 2898 sc.
1232 2837 1349 2918 duplex.

523 2927 592 3006 Quo
622 2945 768 2987 mensura
796 2930 940 2995 metimur
971 2930 1049 2986 unns·
1069 2930 1268 3005 partiumque
1295 2929 1360 2997 eius
1388 2925 1631 3002 lcnpitudt'nem?
1660 2926 1785 3002 Diebus,

436 3017 485 3093 qui
514 3018 591 3075 intra
613 3024 707 3076 metas
729 3018 816 3075 unius
839 3016 908 3073 suni
930 3014 1060 3093 partisvc
1083 3016 1219 3075 existunt
1264 3013 1339 3074 Nem
1361 3011 1435 3074 haec
1459 3030 1596 3089 mensura
1618 3020 1648 3076 ct
1671 3014 1787 3077 brevior

433 3111 476 3164 est
496 3118 577 3164 anno
598 3100 810 3177 mensurando,
833 3110 862 3161 et
884 3103 980 3161 notior
1003 3117 1038 3161 eo
1062 3108 1091 3160 et
1115 3100 1272 3161 observatu
1298 3108 1510 3178 numerataque
1533 3101 1645 3177 iacilis,
1668 3111 1787 3183 propter

434 3188 654 3252 vicissitudines
676 3189 735 3250 diei
757 3192 919 3266 noctisque,
943 3197 973 3250 et
995 3187 1121 3265 denique
1143 3191 1217 3249 sat1s
1239 3188 1411 3265 aequabilis.

522 3278 604 3356 Quot
624 3285 698 3337 sunt
727 3281 762 3336 in
788 3294 873 3336 nano
900 3284 1033 3335 verteme
1060 3276 1143 3334 dies?
1175 3275 1312 3336 Totidem
1334 3278 1406 3350 lere,
1441 3284 1514 3354 quot
1541 3276 1733 3337 observamus
1756 3279 1785 3335 in

431 3382 508 3426 anuo
539 3364 621 3427 cirili
650 3361 831 3441 Gregoriano
862 3380 915 3423 sen
944 3365 1014 3424 novi
1042 3362 1228 3438 Calendarii‚
1260 3363 1373 3425 scilicet
1408 3364 1470 3422 365
1504 3370 1533 3424 et
1565 3363 1656 3442 paulo
1689 3366 1786 3425 miuus

433 3460 537 3530 quarta
559 3451 618 3512 diei
639 3459 732 3531 parte,
756 3453 850 3510 minus
874 3453 992 3527 iuquam
1015 3450 1107 3510 tribus
1131 3448 1425 3529 quadringentesima
1454 3446 1542 3511 unius
1573 3450 1629 3511 diei
1654 3453 1784 3527 circiter3

432 3558 499 3602 nam
523 3542 554 3599 in
575 3538 708 3600 doctrina
731 3537 860 3599 theorice
883 3540 1046 3597 excutietur
1068 3538 1142 3597 hacc
1165 3537 1308 3615 particula
1329 3540 1504 3598 accuratius.

520 3627 602 3705 Quot
620 3634 694 3686 sunt
715 3642 818 3685 sensae
841 3624 981 3684 vocabuli
1002 3624 1063 3684 dies
1084 3624 1171 3702 opud
1191 3625 1401 3685 astronomos?
1423 3626 1489 3684 Duo
1513 3628 1676 3704 praecipue.
1708 3626 1785 3688 Nam

431 3722 482 3776 aut
501 3713 580 3774 idem
594 3722 689 3787 sonat,
713 3712 791 3788 quod
805 3709 925 3772 Graecis
948 3716 1138 3791 svxdqsnpor,
1162 3713 1288 3789 epatium
1309 3730 1414 3789 nempe
1437 3715 1585 3790 temporis,
1610 3716 1685 3772 lutra
1706 3712 1785 3790 quod

432 3801 522 3862 semel
546 3799 609 3860 dies
632 3807 662 3860 et
682 3798 774 3862 semel
795 3815 854 3860 nox
876 3797 1016 3873 edicitur,
1040 3815 1116 3874 quae
1141 3796 1203 3858 dies
1225 3798 1366 3859 naturalis
1389 3798 1445 3857 diei
1468 3800 1559 3873 solet,
1589 3807 1641 3858 sut
1662 3801 1786 3861 sumitur

432 3888 494 3949 dies
547 3904 579 3948 ro
609 3888 702 3948 noctis
729 3888 880 3966 opposito,
911 3903 963 3946 seu
986 3886 1151 3945 accuratius
1183 3892 1297 3963 tempus
1321 3886 1363 3959 id,
1398 3901 1456 3962 qno
1486 3894 1616 3945 centrum
1638 3884 1786 3947 sciisset

433 3992 523 4056 supra
545 3974 736 4046 hornontem,
761 3973 925 4049 diciturque
949 3972 1011 4032 dies
1034 3971 1203 4031 artificialis.

523 4063 625 4142 Quom
648 4069 683 4120 tu
701 4068 796 4137 putot
818 4078 877 4121 este
897 4064 1048 4120 rationem
1071 4059 1182 4118 horum
1205 4059 1366 4116 nominum
1386 4061 1541 4116 staturalis
1556 4066 1584 4117 et
1599 4057 1787 4134 artificialis?

434 4148 689 4227 Quemadmodum
705 4148 817 4221 domus,
841 4150 935 4221 navis,
960 4149 1042 4219 cista,
1066 4163 1168 4208 mensa
1182 4143 1352 4204 naturaliter
1375 4143 1492 4220 quidem
1507 4146 1562 4205 snb
1583 4160 1672 4204 noum
1688 4148 1787 4205 omnia

436 4255 530 4315 genus
552 4254 649 4296 rerum
671 4238 825 4313 pertinent,
849 4233 929 4313 quod
952 4252 987 4293 ox
1009 4233 1090 4310 ligno
1113 4240 1190 4307 sunt,
1213 4247 1261 4292 ars
1284 4248 1353 4292 vero
1376 4232 1590 4292 distinctionem
1613 4231 1691 4296 hanc
1712 4234 1786 4293 iuter

433 4324 514 4403 ligna
535 4325 615 4398 iecit,
638 4331 671 4383 ut
693 4321 749 4383 lsoc
771 4324 855 4381 navis
878 4329 971 4396 esset,
995 4320 1069 4381 illud
1090 4337 1205 4395 mensa,
1229 4325 1259 4381 ct
1280 4318 1526 4397 quemadmodum
1549 4318 1699 4380 homiuum
1721 4335 1786 4380 om-

433 4416 513 4473 uinm
541 4421 588 4472 est
614 4409 717 4472 eadem
745 4412 874 4487 specics,
905 4426 941 4468 ex
970 4426 1029 4485 qun
1051 4425 1157 4468 nomeu
1180 4407 1250 4485 ipsis
1272 4409 1410 4486 competit
1432 4406 1575 4479 hominis,
1608 4424 1689 4467 mens
1715 4423 1785 4467 vero

435 4510 462 4560 et
485 4498 670 4560 consuetudo
691 4497 881 4575 gentiumque
902 4497 1037 4556 instituta
1055 4503 1181 4578 paturno
1206 4495 1443 4570 supervenientia
1467 4492 1668 4554 discriminant
1688 4493 1786 4554 homi-

432 4603 502 4661 nes,
534 4583 657 4644 diversis
680 4585 787 4644 muniis
808 4583 1032 4661 nominibusque
1057 4586 1131 4643 inter
1153 4598 1204 4643 eos
1227 4581 1403 4655 distributis,
1434 4586 1466 4640 ut
1495 4579 1543 4642 hic
1571 4583 1610 4642 sit
1631 4598 1697 4656 rex,
1730 4583 1786 4643 iste

433 4677 600 4750 episcopus,
624 4670 674 4732 ille
697 4669 796 4750 opillo,
822 4687 923 4731 omnes
946 4667 1077 4747 ejusdem
1099 4677 1222 4729 naturae
1236 4667 1386 4729 homiuest
1409 4668 1452 4728 sic
1474 4684 1563 4728 ouum
1587 4675 1616 4730 et
1630 4665 1707 4730 idam
1730 4686 1785 4730 ua·

434 4769 500 4822 tura
520 4761 698 4838 proveniens
720 4762 903 4837 νυχθημερον
915 4775 967 4835 per
982 4756 1114 4818 diversos
1136 4755 1311 4829 horizontes,
1335 4754 1365 4814 id
1388 4762 1433 4816 est
1446 4773 1499 4834 per
1520 4755 1653 4818 dicamas
1669 4757 1785 4814 visuum

433 4848 621 4908 densorum
651 4846 877 4920 imaginationes
905 4844 1099 4906 diversimode
1128 4843 1269 4923 figuratur
1299 4844 1329 4901 iu
1358 4842 1414 4903 diei
1444 4844 1599 4921 noctisque
1631 4849 1784 4921 segmenta

433 4932 612 5010 maequalia,
635 4930 721 4991 aliter
742 4930 799 5006 hie,
822 4931 907 4992 alitor
928 4931 979 4990 ibi.
1507 4983 1509 4988 .

524 5018 685 5098 meodo
707 5018 786 5078 dem
810 5019 953 5080 dividunt
973 5018 1170 5080 maenome'?
1191 5015 1336 5077 Dividunt
1358 5032 1435 5089 eum,
1457 5024 1490 5077 ut
1513 5015 1602 5095 vulgo
1626 5013 1732 5089 solent,
1755 5016 1785 5075 in

434 5108 532 5180 boran
556 5125 631 5184 quas
653 5112 776 5181 veteres,
799 5113 832 5165 ut
854 5124 890 5168 ex
912 5105 1041 5166 Homero
1064 5113 1154 5183 patet,
1176 5108 1207 5165 in
1230 5121 1289 5164 una
1312 5103 1359 5163 die
1381 5102 1507 5164 naturali
1531 5111 1657 5182 quatuor
1679 5099 1785 5178 solum,

436 5195 486 5256 alii
510 5193 675 5272 duodecim,
696 5195 806 5274 posteri
831 5193 872 5255 ts
893 5199 1067 5270 statuerunt,
1091 5191 1171 5273 quod
1192 5194 1316 5258 retinent
1338 5191 1498 5263 astronomi
1515 5199 1549 5265 ot
1569 5190 1643 5259 iutra
1664 5187 1783 5262 dicetur,
