4459 6275
910 794 957 856 lla¹
975 793 1101 862 Epitomc
1126 792 1322 861 Astrouomiee.
1748 797 1790 856 29

437 967 550 1028 editum
574 969 695 1030 invenio
717 969 798 1045 nihil,
822 969 898 1030 adeo
921 981 954 1031 ut
976 972 1133 1048 ambigam,
1157 989 1226 1030 uum
1250 988 1326 1047 quac
1347 976 1416 1030 sunt
1438 970 1476 1029 ab
1498 969 1666 1029 Hunnichio
1689 977 1791 1041 (rectora

436 1067 564 1125 gymnasii
582 1067 756 1130 Stettlnensis;
787 1067 888 1128 scripsit
913 1067 943 1115 ιι
961 1069 1025 1125 situ,
1053 1069 1137 1131 quiete
1156 1071 1201 1115 stc.
1220 1066 1328 1130 Terrae),
1362 1073 1397 1117 ea
1428 1059 1481 1118 libi
1511 1075 1561 1137 pet
1582 1056 1792 1118 hallucinatio·

437 1161 505 1203 nem
529 1147 710 1204 attribuerim
730 1163 827 1222 eaque
848 1145 1039 1207 hallucinatio
1062 1147 1132 1205 mihi
1155 1148 1193 1205 sit
1216 1148 1243 1202 ιιι
1268 1148 1415 1205 ιιιιιιοιιι.

526 1231 655 1309 Reliqua
685 1242 761 1309 que‘e
792 1232 828 1292 de
856 1243 970 1293 cometa
997 1235 1065 1292 anni
1092 1236 1173 1292 1472
1197 1236 1317 1311 seorsim
1340 1242 1482 1310 concepta
1503 1233 1532 1289 iu
1555 1231 1670 1307 adjecta
1693 1233 1793 1293 charta

438 1318 569 1394 includo,
593 1329 626 1378 ut
647 1321 753 1379 inciam
775 1322 935 1398 scripturae
958 1320 1170 1400 compendium.
1213 1314 1291 1378 'Vale
1313 1338 1418 1397 meque
1441 1326 1545 1380 amare
1561 1336 1657 1396 perge.

526 1407 620 1467 Lincii
642 1408 787 1488 propridie
809 1409 1023 1484 ooujunctiouis
1045 1426 1179 1485 maguae,
1203 1408 1287 1483 cujus
1309 1425 1347 1467 eu
1368 1408 1589 1485 descriptionem
1612 1406 1791 1486 popularem,

437 1511 517 1554 auno
543 1497 638 1555 1623.
992 1496 1027 1556 Τ.
1052 1497 1122 1556 Ειι.
1147 1496 1193 1555 oli.
1217 1495 1316 1555 colens
1673 1557 1676 1561 ,

1507 1582 1538 1643 J.
1562 1581 1705 1658 Keppler.

466 1724 468 1728 ¹
526 1665 609 1728 Quam
627 1668 690 1717 dicit
707 1667 830 1730 Keplerus
847 1669 959 1718 chartam
977 1670 1099 1731 adjectam
1118 1668 1207 1731 paucis
1225 1667 1334 1716 diximus
1353 1665 1402 1719 vol.
1422 1667 1455 1718 ll.
1473 1682 1497 1730 p.
1517 1669 1581 1732 828,
1599 1670 1696 1730 reliqna
1714 1683 1791 1718 reser-

439 1742 531 1786 vantes
550 1737 582 1786 ed
599 1737 678 1787 libros
696 1737 797 1800 liepleri
816 1739 846 1787 de
865 1738 981 1790 cometis.

532 1808 552 1855 ti
571 1805 672 1868 erugari
697 1811 857 1870 responsione
875 1809 907 1869 (d.
927 1809 951 1857 d.
970 1811 1011 1860 ab.
1030 1809 1098 1871 Sept.
1114 1806 1190 1874 1623)
1209 1808 1271 1856 haec
1290 1804 1466 1857 desu'mslmus:
1485 1806 1559 1868 Quod
1577 1811 1649 1873 vivis,
1668 1808 1792 1860 excellen-

436 1878 539 1925 tisslme
557 1878 611 1942 Vir,
629 1879 698 1941 quod
715 1876 793 1943 vales,
812 1879 879 1941 qnod
898 1881 982 1928 omnia
1000 1880 1048 1927 tibi
1066 1885 1142 1937 sarta
1161 1885 1227 1927 tecta
1245 1885 1269 1927 et
1286 1879 1379 1935 ielicla,
1397 1885 1449 1925 tam
1467 1880 1568 1937 gauisus
1587 1894 1649 1944 sum,
1666 1882 1793 1929 visistan·

438 1947 498 1995 dem
517 1945 598 1995 literis
615 1953 660 1996 tua
676 1961 753 1996 mann
771 1951 880 1997 ιιιιιῑιι
891 1963 992 2014 ,quam
1009 1955 1062 1996 toto
1082 1951 1127 1997 hoc
1146 1951 1317 2013 quinquennio
1337 1951 1414 1997 uicem
1434 1954 1503 1995 tuam
1521 1950 1590 1997 salsis
1608 1955 1636 1997 ut
1651 1953 1709 2011 jam·
1721 1952 1793 1999 uideo

438 2015 568 2065 coloribus
585 2019 649 2065 mihi
668 2018 792 2079 depictam
807 2021 885 2088 auxie
903 2018 980 2068 dolui
1016 2020 1085 2067 Deus
1108 2034 1181 2081 porro
1200 2025 1225 2066 ιι
1243 2021 1278 2068 ιιι
1296 2020 1478 2068 astronomicae
1496 2024 1575 2066 servet
1594 2026 1618 2067 et
1636 2018 1793 2083 Alphonsnm

436 2085 550 2152 aliquem
568 2088 617 2135 tibl
634 2086 761 2159 largietur.

527 2165 628 2215 Gratias
647 2156 728 2215 habeo
745 2180 792 2230 pru
810 2167 1048 2215 communicatotuo
1062 2168 1175 2215 discursu
1189 2167 1219 2215 de
1244 2166 1288 2237 (ς,
1309 2163 1347 2233 ἦ,
1361 2162 1403 2231 74
1439 2166 1678 2229 Vidsoteilloipso
1693 2174 1793 2227 ungere

435 2250 509 2293 rates
526 2242 674 2309 numerales,
693 2258 799 2309 qnorum
817 2245 973 2308 praecipuus,
992 2259 1054 2306 quos
1073 2246 1174 2309 quidem
1193 2245 1244 2292 vidi
1254 2245 1396 2310 ,Negelius
1415 2251 1452 2294 est
1470 2246 1523 2308 (cir.
1542 2247 1589 2294 rol.
1608 2248 1651 2297 1v.
1670 2262 1694 2310 p
1716 2249 1792 2307 tta).

435 2314 515 2375 Cujus
534 2315 637 2379 quidem
655 2322 741 2362 contra
759 2314 909 2364 diastemata
927 2320 951 2362 et
969 2316 1134 2363 instrumente
1151 2283 1294 2376 Tychoulca
1310 2329 1388 2376 nugas
1408 2315 1443 2374 (id
1460 2316 1568 2364 nominis
1582 2307 1683 2365 omrriuo
1696 2330 1792 2364 merau-

434 2386 487 2447 tnr)
506 2400 563 2433 cum
580 2384 691 2432 nondum
710 2384 809 2449 videris,
827 2386 912 2432 mitto
918 2385 964 2431 tibi
984 2384 1198 2443 „Fundamentum
1216 2388 1270 2445 ejus
1288 2387 1505 2434 Astrouomicum“
1524 2389 1551 2434 in
1568 2401 1608 2434 me
1627 2389 1793 2448 conscriptum

434 2463 459 2503 et
478 2470 539 2505 vero
557 2457 632 2503 etism
650 2456 796 2516 rescriptum
815 2468 904 2518 meum,
923 2456 985 2518 quin
1003 2464 1029 2502 et
1046 2454 1173 2517 exemplar
1192 2453 1313 2516 epistolae
1332 2471 1413 2522 meae,
1433 2471 1484 2520 qua
1501 2461 1584 2504 motus
1601 2458 1792 2505 fundamentum

407 2523 414 2538 '
433 2524 501 2573 illud
518 2539 592 2573 sunm
611 2525 766 2586 conscripsit.
802 2524 925 2572 Μιιιιιιιιι
944 2530 967 2572 et
984 2525 1183 2572 Uranodromum
1200 2538 1281 2572 meum
1301 2528 1447 2573 cometicum
1466 2531 1490 2574 et
1507 2525 1567 2590 alia,
1589 2527 1632 2574 sed
1650 2541 1793 2583 vertunno

433 2596 576 2657 portorium
593 2599 692 2658 superet
709 2595 857 2658 scriptorum
876 2593 1030 2661 dignitatem.
1066 2593 1147 2655 Quam
1165 2595 1249 2642 vidisti
1269 2595 1464 2656 disputationem
1477 2596 1506 2643 de
1520 2599 1629 2658 cometis,
1647 2611 1712 2644 anuo
1725 2600 1790 2647 loco

432 2679 474 2713 me
494 2665 660 2728 respondente
677 2666 793 2726 praeside
812 2665 999 2712 chksrmanuo
1019 2665 1147 2729 habitam,
1175 2665 1277 2712 eandem
1303 2666 1329 2712 in
1352 2665 1520 2714 Uranodromo
1547 2668 1600 2727 ipse
1624 2669 1739 2715 examino
1763 2681 1793 2714 ac

432 2735 538 2818 publice
557 2736 707 2783 sententiam
725 2748 815 2797 meam,
833 2738 862 2783 ed
881 2739 994 2796 tempore
1010 2736 1147 2794 juvenilem
1161 2740 1189 2781 'et
1206 2732 1269 2781 male
1287 2734 1414 2786 fundatam
1422 2737 1541 2799 ‚rejicio
1579 2735 1653 2797 Quod
1672 2739 1793 2785 Astrono-

432 2807 514 2853 miani
532 2805 655 2854 Denicam
682 2805 792 2852 noudum
819 2806 917 2865 habes,
946 2805 1041 2852 inritus
1059 2804 1152 2864 audio;
1178 2818 1222 2866 par
1240 2805 1380 2853 Boruss'ram
1401 2819 1466 2854 uuus
1484 2812 1567 2854 noster
1583 2805 1727 2869 bibliopola
1741 2809 1793 2869 jam

433 2888 514 2936 supra
529 2876 564 2923 30
584 2872 739 2937 exemplaria
757 2877 824 2923 intra
842 2888 936 2923 anuum
954 2874 1103 2938 divendidit,
1123 2881 1219 2923 constet
1237 2875 1252 2921 2
1272 2875 1379 2923 ιιιιιιιιιι.

522 2944 570 2993 His
583 2944 655 2993 addit
668 2943 789 3004 Criigerue
809 2945 999 3005 descriptionem
1012 2942 1121 3009 eclipsis,
1135 2956 1210 3008 quam
1222 2942 1344 3006 Keplerus
1352 2946 1458 3007 petierat
1467 2943 1561 3009 (plures
1573 2942 1670 2994 Solares
1682 2960 1727 2994 ιιι
1738 2947 1791 2994 Lu·

432 3028 508 3063 nares
518 3028 546 3064 se
559 3027 608 3062 non
620 3015 712 3062 habere
725 3013 786 3062 dicit
801 3012 941 3078 Crirgerus),
953 3019 977 3062 ιι
986 3014 1110 3074 judicium
1126 3015 1220 3077 expetit
1233 3014 1263 3061 da
1276 3019 1372 3062 cometa
1379 3014 1616 3076 ‚‚‘·,Repiomontano
1630 3002 1791 3064 destrsusslo

435 3085 550 3151 aliisque
562 3082 620 3132 alus
632 3081 696 3132 loers
713 3084 862 3145 inserendis,
881 3089 906 3132 et
924 3086 960 3132 sic
978 3082 1116 3132 concludit:
1135 3082 1200 3133 Vale
1210 3084 1255 3131 Vrr
1272 3085 1466 3133 eminentissima
1484 3092 1508 3133 et
1522 3086 1587 3133 hunc
1599 3084 1792 3150 tabellariolum,

434 3157 456 3205 ιι
474 3162 565 3220 potes,
592 3168 723 3219 nunquam
743 3154 792 3203 buc
810 3156 891 3204 literis
908 3169 1022 3210 uacuum
1033 3154 1138 3206 dimitte.
1173 3156 1253 3219 Vive,
1280 3154 1336 3204 vale
1363 3162 1387 3204 et
1411 3158 1470 3205 tiore
1495 3158 1521 3204 iu
1540 3154 1734 3205 emolumentum
1757 3160 1811 3208 rel.

432 3225 624 3275 ιιιιιιιιιιιιιιι.
660 3225 723 3275 Cum
752 3226 901 3273 tabellarius
925 3227 1045 3289 scrlptum
1072 3240 1153 3286 meum
1180 3224 1210 3274 de
1230 3231 1326 3275 cometa
1344 3240 1437 3289 nupero
1456 3240 1506 3274 nou
1525 3228 1618 3276 inritus
1636 3241 1719 3275 secum
1737 3231 1793 3289 por-

432 3294 539 3354 tandum
556 3298 676 3359 recipiet,
696 3308 727 3343 en
746 3294 772 3343 ιιι
791 3295 909 3357 adjungo

521 3364 627 3428 Keplerl
646 3366 775 3428 responsio
793 3365 827 3413 ad
845 3365 930 3413 literas
949 3364 1051 3425 cunipert
1069 3366 1130 3413 antri
1151 3367 1217 3414 1823
1243 3367 1339 3429 priores
1362 3365 1422 3414 data
1440 3367 1520 3416 ιιιι.
1542 3367 1580 3414 18.
1593 3316 1664 3415 Febr.
1683 3368 1749 3414 1624
1769 3372 1793 3415 et

433 3446 473 3494 his
499 3445 608 3506 tuetpre:
646 3431 779 3497 Salutem
800 3444 830 3495 et
851 3435 949 3504 felicia
969 3439 1040 3495 novi
1062 3439 1130 3496 ιιιι
1154 3439 1286 3514 auspicia
1300 3454 1410 3515 precor,
1434 3438 1603 3497 Clarissima
1616 3437 1677 3513 Vir,
1700 3440 1792 3497 amice

433 3523 620 3585 honorande..
659 3522 820 3584 Tabellarii
849 3523 937 3600 hujus
969 3528 1099 3586 consueti
1131 3532 1303 3603 conspectus
1326 3542 1373 3616 me
1395 3523 1549 3601 admouet,
1586 3532 1619 3583 ut
1640 3533 1670 3586 te
1692 3527 1793 3606 paucis

432 3612 578 3691 alloquar.

524 3700 670 3759 Proximis
697 3716 744 3762 mo
774 3681 865 3759 literis
892 3701 1031 3759 monuisti
1066 3699 1102 3759 de
1137 3699 1293 3759 Christiani
1323 3700 1558 3786 Longomoutaui
1590 3700 1789 3760 astronomia.

436 3788 516 3858 Dedi
537 3789 783 3865 interspersum,
818 3795 850 3846 ut
881 3804 946 3846 eam
968 3787 1164 3852 Fraukolurto
1188 3788 1334 3847 haberem.
1379 3781 1446 3848 Dici
1473 3804 1530 3847 uon
1560 3795 1674 3864 potest,
1702 3805 1791 3863 quam

437 3877 503 3953 ejus
525 3875 615 3935 lectio
634 3891 685 3946 ¹me
708 3873 930 3948 exhilaraverit,
953 3891 1019 3935 cnm
1041 3876 1149 3934 multas
1172 3875 1247 3935 alias
1263 3877 1301 3934 ob
1318 3891 1430 3949 causas,
1454 3882 1515 3935 tum
1531 3877 1686 3954 praecipue
1701 3893 1791 3954 prop-

437 3972 482 4024 ter
503 3966 575 4037 ista,
599 3961 678 4039 quod
701 3965 728 4021 si
749 3979 838 4038 quem
861 3961 983 4022 babebit
1003 3963 1145 4022 invidiam
1167 3961 1335 4040 redargutio
1359 3963 1596 4023 observationum
1619 3960 1790 4037 Ptolemaei,

441 4068 508 4111 ιιιι
547 4066 646 4111 mnam
675 4048 726 4111 ille
753 4043 831 4128 prio'r
864 4052 893 4108 iu
922 4067 953 4110 ιι
985 4052 1133 4129 suscepit,
1172 4048 1251 4127 quod
1279 4050 1484 4111 meditationes
1506 4068 1574 4111 suas
1598 4049 1633 4111 de
1656 4051 1790 4129 partibus

438 4138 644 4213 astronomiae,
668 4154 742 4213 quas
764 4136 866 4215 Tycho
890 4138 1021 4199 Brahens
1043 4156 1101 4198 uon
1125 4155 1162 4198 ιι
1183 4138 1314 4217 professo
1338 4146 1382 4199 est
1403 4138 1531 4214 adortus,
1554 4141 1584 4196 in
1606 4137 1671 4198 luce
1693 4140 1792 4217 posuit

438 4228 526 4305 prior,
551 4223 631 4302 q'uod
653 4224 781 4303 epochas
804 4227 959 4285 creationis
981 4226 1081 4285 muudi
1103 4228 1205 4285 nititur
1226 4228 1256 4283 in
1280 4225 1353 4285 locis
1375 4227 1489 4286 zodiaci
1511 4228 1675 4304 conspicuis
1698 4224 1791 4296 collo·

439 4331 522 4375 care:
555 4314 607 4373 uhi
637 4327 695 4370 non
723 4320 821 4390 potest
842 4331 888 4374 me
910 4330 968 4373 uon
991 4313 1136 4375 delectare
1159 4331 1318 4375 cousensus
1340 4322 1439 4374 noster
1460 4316 1576 4375 tacitus.
1622 4310 1791 4391 Numquid

441 4417 497 4480 ego
518 4401 626 4461 moliar
647 4398 757 4474 simile,
790 4398 873 4460 vides
904 4419 939 4461 ιι
961 4402 1111 4480 lipltomes
1134 4402 1210 4461 libro
1233 4397 1302 4483 vn.
1334 4408 1364 4463 et
1391 4420 1427 4474 err¹
1447 4400 1591 4479 Mysterio
1615 4400 1792 4478 cosmogra-

438 4489 526 4569 phieo
548 4505 654 4549 ιιιιιιο
677 4487 798 4564 ejusque
820 4490 896 4549 notis
920 4488 958 4547 ad
973 4499 1062 4568 caput
1076 4489 1212 4550 ultimum
1233 4496 1291 4557 (vol.
1310 4497 1329 4546 1.
1354 4512 1378 4559 p.
1398 4498 1466 4557 ιιι),
1500 4487 1584 4564 Quae
1599 4490 1623 4547 si
1639 4506 1698 4548 non
1713 4505 1790 4548 auno

441 4579 536 4638 1621.
561 4575 743 4636 Francolurti
766 4582 872 4638 esacnt'
886 4577 1039 4655 impressa,
1070 4586 1202 4656 poteram
1225 4577 1318 4638 videri
1339 4577 1444 4637 falcem
1468 4578 1496 4634 in
1520 4576 1645 4636 alienam
1667 4594 1792 4637 messem

437 4668 565 4740 mittere,
588 4662 659 4723 dum
672 4666 741 4741 post
764 4662 1028 4741 Lougimontenum
1052 4665 1155 4725 eadem
1176 4673 1264 4728 tento.
1308 4664 1364 4724 His
1388 4664 1423 4725 de
1445 4663 1532 4724 rebus
1548 4680 1602 4739 ego
1616 4680 1694 4724 nunc
1708 4671 1792 4723 tanto

436 4754 579 4813 libentius
602 4747 707 4825 scribo,
731 4753 800 4827 quia
817 4751 868 4812 hic
891 4754 1065 4831 praecipuus
1087 4770 1170 4813 meus
1192 4753 1248 4812 hoo
1270 4758 1398 4830 tempore
1420 4751 1504 4812 labor
1525 4754 1609 4827 isque
1631 4753 1791 4813 immensus

439 4848 500 4916 est,
533 4840 604 4899 dum
632 4856 669 4899 ιι
691 4838 784 4899 altera
805 4848 886 4918 parte
909 4857 974 4900 cum
997 4840 1141 4900 erroribus
1164 4841 1400 4901 observationum
1423 4842 1609 4915 antiquarum
1633 4839 1790 4912 conflictor,

439 4945 476 4990 ex
498 4926 595 4988 altera
616 4926 655 4987 ad
672 4926 804 5004 epochas
826 4930 980 4988 creationis
1003 4930 1104 4988 enitor.
1151 4928 1238 4987 Hunc
1268 4945 1357 4986 unum
1380 4928 1456 4988 scito'
1484 4943 1601 5005 pugnae
1622 4925 1791 5001 nodumque

439 5032 623 5091 moramque,
647 5017 823 5090 quominus
846 5016 979 5076 Tabulae
989 5015 1195 5094 Rudolphiuae
1218 5016 1368 5093 prodeant.
1413 5015 1489 5075 Ecce
1511 5031 1659 5073 summam
1681 5030 1790 5088 eorum,

440 5120 518 5182 quae
527 5102 672 5165 hactenns
681 5100 836 5179 indagavi:
860 5106 933 5163 mira
943 5106 1034 5180 ratio,
1050 5120 1150 5164 omnes
1162 5106 1289 5181 quinque
1305 5105 1381 5163 cirea
1395 5111 1495 5181 partes
1506 5104 1524 5161 8
1535 5104 1683 5179 signorum
1696 5100 1792 5162 cardi-

438 5190 553 5253 nalium
574 5193 650 5251 sitos
673 5188 856 5271 deprehendo
878 5188 1007 5252 motibus
1029 5184 1090 5253 suis
1110 5191 1225 5268 mediis,
1249 5199 1278 5252 et
1300 5190 1448 5271 aphelium
1469 5186 1538 5271 bin
1556 5192 1619 5267 ἐξ,
1643 5188 1792 5270 ephclium
