4459 6275
890 777 974 837 Liber
992 779 1100 835 Sextus.
1137 778 1207 835 Pare
1226 778 1337 849 Quarta·
1722 785 1787 851 40⁸

523 956 639 1035 qaibm
660 956 781 1019 naeniis
802 974 878 1034 opas
905 943 953 1017 ett'
969 955 1011 1015 ad
1032 956 1197 1019 docendam
1228 960 1479 1034 inaequalitatem
1502 959 1611 1021 Lanae
1631 958 1785 1020 maetam?
1868 977 1871 984 ·

433 1038 529 1104 Unica
552 1044 713 1105 cocentrioa
736 1044 838 1116 orbita,
861 1043 971 1120 figurae
993 1060 1082 1119 quam
1104 1047 1235 1123 proxime
1251 1046 1408 1120 circularis,
1430 1046 1488 1108 hoc
1510 1055 1556 1107 ast
1570 1047 1725 1126 ellipticae,
1748 1045 1787 1107 ad

433 1131 589 1209 eclipticae
610 1130 729 1208 planum
752 1131 891 1191 inclinata
913 1148 1000 1209 super
1025 1130 1112 1207 linea,
1138 1149 1214 1208 quae
1230 1149 1280 1210 per
1302 1139 1432 1197 monum
1446 1133 1554 1195 Terrae
1576 1136 1689 1207 transit,
1712 1151 1788 1211 qua·

432 1217 513 1279 libne
537 1218 639 1278 orbitis
662 1220 706 1277 usi
729 1225 797 1278 suut
819 1221 907 1279 etiam
930 1217 1067 1297 planetae
1089 1220 1227 1296 primarii.
1541 1286 1544 1292 ,

523 1304 679 1382 Quomodo
693 1304 902 1365 &satiendas
915 1312 987 1365 sant
1007 1305 1174 1366 seeundum
1193 1305 1392 1384 Copemienm
1404 1306 1514 1367 'lineae
1532 1307 1683 1384 apsidam.
1705 1308 1789 1369 lirni-

432 1399 514 1465 taen,
543 1393 698 1452 nodorum
724 1400 882 1469 motasque
906 1393 1015 1455 Lunae
1043 1401 1072 1454 et
1099 1393 1166 1453 Mea
1192 1394 1385 1470 tinqnlornnr
1408 1394 1498 1471 ipsa?
1530 1393 1708 1472 Copornieua
1730 1411 1790 1457 noa

432 1479 540 1541 statuit
562 1479 730 1539 sensibilem
753 1478 920 1540 distantiam
945 1481 1034 1541 centri
1056 1479 1164 1540 Terrae
1187 1489 1217 1540 et
1239 1483 1329 1541 centri
1352 1479 1481 1556 zodiaci,
1512 1482 1650 1543 collatam
1672 1481 1710 1543 ad
1734 1484 1789 1543 iru-

431 1580 566 1627 mensam
588 1565 710 1626 fixarum
732 1564 934 1635 altitudinem,
958 1566 1024 1626 ideo
1047 1566 1143 1627 lineae
1165 1567 1220 1626 bae
1243 1567 1412 1645 simpliciter
1430 1568 1630 1646 intelliguntur
1653 1567 1738 1631 aona
1753 1585 1789 1631 ex

432 1664 533 1715 centro
556 1652 664 1714 Terrae
686 1671 738 1729 per
760 1661 870 1735 puncta
887 1653 1008 1733 apsidis,
1031 1653 1144 1728 limitis,
1168 1653 1247 1729 nodi,
1271 1654 1319 1717 rel
1341 1663 1450 1731 puncta
1472 1673 1665 1732 quaecuuque
1688 1658 1716 1714 in
1741 1672 1791 1715 or-

432 1741 496 1801 bita
524 1740 627 1802 Lunae
658 1758 751 1818 usquo
779 1742 835 1801 sub
863 1741 950 1818 lixas,
986 1742 1085 1819 ibique
1114 1743 1232 1818 signare
1261 1742 1328 1803 loca
1363 1741 1505 1805 dictorum
1534 1752 1707 1820 punctorum
1743 1742 1790 1805 rel

432 1827 546 1888 Lanae.
592 1829 634 1888 At
656 1829 726 1904 quia
749 1830 778 1886 iu
802 1830 1000 1888 instrumentis
1023 1832 1181 1889 mannariis
1205 1829 1382 1889 theoriarum
1405 1833 1528 1907 exprimi
1542 1835 1645 1906 nequit
1667 1833 1791 1893 immen-

431 1916 506 1975 sitas
529 1914 582 1975 illa
611 1915 740 1990 zodiaci,
772 1913 954 1977 definiendae
983 1917 1070 1992 igitur
1099 1924 1169 1976 suot
1198 1919 1278 1977 istae·
1302 1917 1397 1977 lineae
1429 1919 1501 1995 (non
1524 1921 1620 1979 minus
1643 1922 1672 1979 in
1695 1918 1791 1992 leuna,

433 2019 525 2079 qnam
544 2010 628 2080 parte
650 2002 740 2078 bujns
763 2003 830 2063 libri
846 2003 897 2063 VI.
921 2000 1050 2064 secunda
1072 2005 1102 2063 in
1118 2002 1245 2083 planetis
1268 2002 1383 2084 ceteris)
1405 2006 1447 2065 sic
1470 2005 1612 2085 tecbuioe,
1635 2006 1714 2082 quod
1735 2005 1791 2069 du·

432 2096 537 2150 cantru
567 2106 603 2149 ex
633 2098 731 2149 centro
762 2089 867 2151 solaris
890 2092 1034 2167 corporis,
1065 2099 1219 2152 utcontra
1242 2091 1381 2165 fixarum,
1409 2099 1439 2152 et
1469 2092 1607 2155 incedant
1629 2092 1791 2169 parallelae

431 2176 520 2237 lineis
539 2176 602 2253 jam
625 2175 787 2254 descriptis.
831 2177 898 2239 Hac
920 2181 998 2239 enim
1020 2178 1216 2258 parallelitate
1237 2179 1279 2253 fit,
1303 2188 1335 2238 ut
1354 2182 1489 2256 quamvis
1511 2181 1647 2257 ecliptica
1661 2197 1713 2241 eeu
1737 2198 1790 2240 so·

432 2262 535 2324 diacus
558 2265 586 2322 in
610 2262 724 2325 theoria
745 2267 897 2326 manuaria
919 2283 977 2326 non
1001 2264 1053 2325 liat
1075 2264 1167 2327 multo
1190 2267 1293 2344 major,
1316 2284 1405 2343 quam
1428 2268 1507 2350 orbis
1529 2267 1657 2340 Saturni,
1680 2268 1791 2332 nihilo·

432 2354 530 2410 minus
552 2351 608 2412 bae
631 2351 726 2414 lineae
750 2370 787 2412 ex
809 2351 878 2414 Sole
901 2353 1006 2414 ductae
1028 2352 1196 2414 coincidunt
1218 2371 1283 2415 cum
1305 2356 1386 2431 prius
1409 2353 1536 2421 definitis
1550 2357 1579 2415 in
1602 2354 1706 2419 eadem
1723 2354 1791 2420 laea

433 2439 558 2500 zodiaci.

522 2530 647 2602 &santa
669 2535 711 2587 eet
730 2526 875 2603 periodus
891 2529 1041 2603 temporie,
1064 2529 1151 2587 intra
1172 2527 1257 2606 qnod
1268 2525 1363 2587 Lana
1385 2529 1520 2591 solutam
1539 2531 1791 2605 inaequalitatem

434 2612 553 2674 orbitae
574 2631 649 2673 snae
671 2614 788 2690 coniicit
810 2622 838 2673 et
859 2613 1009 2674 meolati
1041 2613 1179 2681 Centrum
1209 2617 1339 2691 eorporis
1361 2613 1464 2677 Lunae
1494 2617 1584 2677 lartur
1615 2619 1692 2678 circa
1720 2633 1791 2677 ceu·

434 2708 513 2762 num
547 2702 675 2778 eorporis
704 2700 830 2761 Telluris
864 2710 945 2761 motu
977 2718 1028 2779 per
1057 2708 1156 2780 partes
1188 2719 1218 2763 ro
1247 2719 1316 2763 vera
1345 2702 1493 2779 inaequali
1522 2705 1551 2763 in
1579 2706 1791 2781 consequentia

434 2789 595 2865 signorum,
619 2788 839 2866 digressumque
862 2808 880 2848 a
903 2788 981 2848 linea
1004 2789 1139 2865 apsidum
1160 2791 1314 2850 revertitur
1336 2788 1375 2849 nd
1391 2789 1514 2851 eandem
1536 2793 1657 2853 circuitu
1672 2796 1791 2868 peracto

435 2874 541 2935 diebus
563 2877 602 2935 27
626 2875 706 2935 boris
731 2879 780 2937 13.
807 2877 857 2935 18‘
889 2877 952 2936 35“
983 2879 1078 2955 spatio
1106 2876 1218 2939 medio:
1249 2894 1317 2937 nam
1340 2879 1365 2936 si
1388 2895 1458 2937 vera
1479 2888 1627 2938 momenta
1650 2880 1791 2956 respicia-

434 2980 512 3036 mus,
536 2962 643 3041 quibus
666 2962 751 3023 Luna
773 2963 874 3024 incidit
897 2965 927 3020 in
949 2962 1081 3042 apsidas,
1106 2972 1221 3043 tempus
1243 2964 1300 3025 hoe
1322 2972 1439 3041 propter
1458 2965 1686 3043 inaequalitates
1707 2983 1789 3029 men-

434 3058 533 3111 struas
556 3066 614 3109 non
636 3048 723 3127 plano
745 3044 924 3111 invariatum
945 3059 1096 3129 permanet
1118 3053 1147 3109 in
1170 3052 1306 3112 omnibus
1327 3049 1465 3129 periodis.

524 3135 653 3198 Diurnus
676 3155 745 3215 ergo
768 3138 921 3200 mediocris
943 3138 1108 3200 anomaliae
1138 3139 1253 3200 solutae
1275 3156 1330 3201 sau
1350 3140 1516 3217 periodicas
1538 3148 1636 3202 motus
1663 3147 1710 3202 est
1735 3133 1791 3202 13⁰

438 3226 472 3285 δ’
496 3224 569 3300 54”,
591 3223 724 3285 berarius
749 3228 801 3286 32‘
824 3224 897 3301 t0“,
921 3234 1146 3304 numeraturque
1166 3226 1214 3287 vel
1237 3228 1266 3286 in
1288 3227 1397 3288 circulo
1418 3233 1573 3304 aequante,
1597 3246 1633 3289 ac
1654 3229 1679 3287 si
1703 3229 1731 3286 is
1754 3244 1797 3293 ox,r

436 3311 547 3383 Ttitg.
566 3317 609 3385 77)
627 3320 706 3374 esset
728 3310 900 3391 descriptus,
924 3313 972 3375 rel
994 3316 1088 3390 magis
1109 3316 1225 3393 proprio
1248 3316 1278 3372 in
1300 3317 1459 3391 segmentis
1481 3313 1582 3388 PAH,
1605 3314 1684 3376 Pau
1706 3314 1790 3393 plani
1835 3328 1837 3338 ·

436 3397 526 3472 PRE,
549 3398 629 3475 quod
653 3401 691 3461 ab
714 3402 809 3462 orbita
831 3400 940 3462 PHEB
963 3402 1098 3481 cingitur,
1125 3408 1157 3460 ut
1179 3400 1357 3481 explicatum
1379 3409 1424 3462 est
1446 3400 1522 3462 libro
1544 3402 1581 3462 V.

527 3488 652 3559 Quanta
673 3495 715 3547 eet
729 3492 931 3549 eecentrioitae
952 3489 1044 3563 bojas
1059 3489 1183 3563 orbitae,
1206 3497 1326 3566 quanta
1339 3493 1483 3566 aequatio
1499 3492 1648 3562 maxima,
1670 3496 1792 3566 quanta

437 3576 573 3633 uarietas
594 3575 816 3637 aerariorum?
847 3575 949 3636 Lunae
972 3577 1172 3638 ecoentricitas
1195 3575 1249 3636 ΑΒ
1273 3584 1318 3639 est
1340 3579 1441 3648 4362,
1473 3576 1603 3653 qualium
1625 3576 1676 3640 BP
1699 3578 1793 3638 semi·-

439 3659 582 3721 diameter
604 3668 649 3722 est
674 3663 817 3738 100000,
848 3680 938 3742 quare
960 3662 1085 3723 latitudo
1109 3663 1162 3721 BD
1186 3661 1304 3726 lunulae
1327 3663 1475 3741 ollipticaa
1497 3663 1535 3724 ad
1557 3680 1690 3726 normam
1712 3670 1792 3726 csto-

438 3763 536 3809 rorum
559 3754 608 3808 est
624 3750 832 3826 particularum
859 3752 929 3811 190.
973 3749 1066 3827 Igitur
1087 3752 1226 3827 aequatio
1249 3753 1386 3827 maxima,
1411 3754 1574 3828 composita
1596 3756 1640 3830 (ut
1662 3751 1737 3812 libro
1753 3750 1793 3812 V.

439 3833 629 3913 declaratum)
652 3854 688 3897 ex
712 3837 827 3899 duobus
850 3840 911 3897 suis
934 3836 1099 3912 elementis,
1129 3837 1252 3915 physico
1275 3857 1362 3900 areae
1385 3838 1464 3899 ΕΒΑ
1489 3837 1550 3915 (rel
1573 3836 1793 3915 aequipollente

439 3921 539 4001 DBA)
561 3931 591 3983 et
612 3925 711 4001 optico
734 3924 835 4000 anguli
858 3923 947 3998 ΒΕΑ,
971 3932 1016 3983 est
1040 3919 1074 3983 5⁰
1097 3925 1137 3999 0‘,
1162 3933 1243 3985 tanta
1265 3926 1377 3986 seilicet
1400 3934 1445 3987 est
1467 3934 1551 3999 tunc,
1574 3941 1640 3985 cum
1663 3923 1793 4002 quadra·

440 4019 523 4071 turae
546 4008 620 4070 finnt
642 4014 671 4068 in
694 4011 860 4090 apsidibus,
889 4018 923 4070 ut
951 4013 1079 4074 vicissim
1109 4014 1248 4088 aequatio
1271 4016 1400 4074 maxima
1421 4012 1474 4074 tiae
1495 4015 1524 4072 in
1548 4012 1671 4090 copulis.
1715 4010 1793 4072 Hinc

440 4096 689 4180 igitur'borarius
719 4099 855 4172 efficitur,
885 4099 1022 4158 minimus
1053 4097 1172 4173 quidem
1195 4101 1247 4158 29‘
1272 4099 1351 4173 58“,
1384 4102 1528 4161 maximus
1550 4117 1620 4163 raro
1643 4099 1696 4160 35‘
1718 4100 1794 4174 W,

440 4184 587 4262 siqnidem
617 4183 691 4247 baec
722 4183 915 4263 inaequalitas
943 4184 1007 4246 sola
1038 4193 1116 4246 esset
1146 4185 1275 4261 unquam
1297 4188 1326 4245 in
1350 4186 1411 4248 ullo
1434 4187 1482 4249 die
1503 4187 1680 4262 lunationis,
1709 4184 1794 4248 erna

440 4271 528 4334 simul
552 4272 694 4334 existente
717 4273 765 4334 vel
787 4274 981 4334 remotissima
1006 4272 1051 4334 vel
1073 4274 1206 4351 proxima
1228 4272 1344 4335 Terrae.

530 4359 615 4420 Num
637 4363 733 4440 iqitae
754 4365 929 4423 inconstans
951 4368 992 4420 est
1013 4361 1085 4421 baeu
1107 4360 1288 4437 maqnitttdo
1309 4361 1509 4437 diumomm,
1531 4363 1662 4424 maximi
1683 4367 1711 4422 et
1732 4361 1795 4420 mi·

440 4447 545 4508 niati?
576 4447 610 4506 In
639 4448 751 4526 copulis
779 4448 839 4510 iere
866 4452 897 4508 in
924 4450 1093 4509 universum
1125 4448 1219 4525 major
1246 4455 1276 4508 et
1302 4452 1415 4509 auctior
1443 4466 1497 4510 sen
1527 4448 1648 4511 adorior
1676 4454 1735 4522 est,
1763 4449 1795 4508 in

442 4534 563 4613 quadris
587 4535 681 4595 minor
704 4534 751 4596 rel
774 4535 896 4609 tardior,
919 4538 949 4594 in
973 4537 1085 4595 octaris
1108 4535 1241 4610 partibus
1264 4537 1373 4595 mensis
1387 4536 1521 4598 turbatur
1543 4538 1630 4597 etiam
1646 4536 1796 4612 quantitas

440 4624 618 4700 aequatione
640 4631 797 4698 menstrua,
821 4632 854 4683 nt
875 4625 1020 4699 posterius
1044 4623 1204 4682 docebitur.

532 4712 615 4784 Quae
636 4714 774 4788 seqnitur
795 4710 999 4786 inaequalitas
1020 4714 1159 4786 partium
1171 4710 1291 4786 periodi
1313 4710 1421 4771 eabae
1441 4710 1572 4785 simplici
1586 4706 1795 4786 aequatione?

442 4797 620 4872 conjunctio
643 4808 672 4858 et
696 4798 841 4875 oppositio
865 4800 939 4857 inter
961 4815 992 4856 se
1015 4798 1175 4873 proximae,
1198 4815 1265 4857 cum
1287 4806 1409 4874 utraque
1432 4805 1477 4857 est
1493 4796 1637 4874 ecliptica,
1660 4794 1796 4856 animad-

442 4891 597 4948 vertuntur
619 4885 811 4962 inaequaliter
832 4885 906 4944 inter
924 4901 956 4945 sa
980 4884 1104 4959 distare3
1127 4892 1251 4964 possunt
1273 4886 1350 4945 euim
1363 4887 1503 4946 interesse
1525 4883 1588 4946 dies
1601 4882 1679 4944 altra
1702 4878 1795 4964 lb's„
1819 4951 1823 4962 ,

442 4977 569 5051 possunt
590 4972 679 5032 etiam
701 4990 759 5031 uon
781 4971 847 5047 plus
873 4973 920 5030 14.
1567 5045 1573 5056 .

532 5058 619 5134 Quod
647 5077 758 5120 nomen
784 5066 826 5117 est
852 5057 1007 5135 apeidibne
1037 5060 1191 5118 romerici
1221 5057 1328 5117 Lunae
1354 5074 1492 5116 mmmm
1522 5056 1551 5116 P
1579 5062 1608 5116 et
1635 5057 1717 5114 imae
1743 5052 1796 5114 li?

443 5144 531 5223 Quod
555 5149 583 5204 in
605 5147 758 5225 primariis,
782 5147 832 5223 qui
856 5150 932 5207 circa
947 5143 1046 5205 Solem
1069 5143 1223 5213 rebantur,
1246 5142 1394 5223 aphelium
1417 5152 1447 5203 et
1462 5143 1634 5221 peribelium
1658 5139 1795 5217 diximus,

443 5233 472 5322 id
496 5235 526 5294 in
550 5234 643 5310 Luna,
667 5251 743 5314 quae
765 5235 843 5295 circa
857 5233 976 5295 Terram
990 5240 1120 5314 gyratur,
1144 5248 1309 5312 apogaeum
1332 5240 1362 5293 et
1380 5233 1548 5312 perigaeum
1571 5237 1617 5292 est
1630 5227 1796 5294 dicandum.
