4459 6275
436 788 497 849 140
930 783 1071 855 micum
1088 782 1278 839 Aruononraa

521 962 555 1021 Si
575 963 679 1039 mitur
706 962 999 1041 sumendumque
1029 965 1124 1039 igitur
1143 962 1246 1038 lisura
1274 962 1437 1038 praedma
1460 970 1504 1023 est
1524 962 1678 1025 amasi
1720 962 1780 1039 Q·

433 1052 510 1110 enim
532 1051 588 1109 nisi
645 1049 787 1110 imunt

525 1067 722 1213 (iuue'pbubes
743 1137 835 1211 hrains
856 1138 901 1195 rei
922 1135 1135 1213 arpumsniu?
1177 1134 1385 1197 Astrouomiee
1409 1152 1485 1214 pene
1505 1134 1607 1210 nulla3
1638 1134 1700 1195 duo
1721 1150 1784 1195 rus

436 1226 620 1300 potissimum
648 1223 867 1303 metaphysica3
896 1225 1022 1300 primum
1049 1224 1089 1284 sb
1119 1224 1182 1299 ipso
1205 1222 1315 1285 mundo
1340 1222 1469 1299 ducitur,
1500 1222 1626 1283 alterum
1655 1222 1696 1283 ab
1726 1223 1783 1301 eju

433 1310 601 1388 archetypo.

521 1396 581 1457 Dic
607 1401 752 1475 primum
798 1396 991 1474 Disputamus
1019 1396 1054 1456 de
1082 1395 1193 1473 ligura,
1226 1412 1303 1473 quse
1333 1396 1474 1457 mundum
1507 1395 1620 1457 claudi
1650 1396 1782 1459 unias

434 1486 541 1543 (imula
564 1486 651 1561 igitur
673 1486 748 1544 iutra
770 1483 851 1544 illam
873 1483 996 1560 liguram
1017 1491 1094 1559 sunt,
1118 1481 1191 1541 nihil
1212 1491 1305 1544 exus.
1349 1483 1382 1544 st
1397 1486 1497 1544 omnia
1517 1485 1597 1560 capit
1617 1490 1699 1557 acm,
1720 1500 1784 1561 per·

433 1572 521 1648 qum
546 1570 701 1632 verisimile
723 1580 777 1647 est,
801 1572 890 1631 etism
912 1572 1004 1630 iorma
1027 1572 1249 1648 capacissimam
1264 1588 1337 1633 asse.
1383 1571 1528 1651 Coponios
1541 1586 1614 1632 raro
1628 1577 1675 1631 est
1695 1569 1784 1647 ligus

434 1677 498 1719 euur
523 1667 568 1719 est
589 1658 730 1731 rotunda,
760 1676 847 1735 quam
870 1660 895 1717 si
919 1658 1020 1717 eadem
1043 1657 1206 1736 superdeiel
1228 1661 1393 1734 quantitate
1418 1661 1447 1718 ln
1469 1658 1559 1719 allam
1581 1672 1784 1735 quantum

435 1746 571 1822 speeiem,
595 1762 671 1822 quae
694 1745 819 1805 rotunda
840 1763 898 1803 non
921 1754 974 1818 esi,
997 1758 1075 1806 esset
1097 1762 1246 1821 exprem,
1269 1754 1302 1806 at
1317 1745 1424 1806 docent
1438 1754 1606 1823 geometrae
1621 1752 1653 1804 et
1666 1744 1783 1823 Pappas

434 1834 507 1892 libro
530 1835 633 1913 quinto
652 1832 927 1893 blathematiearum
943 1831 1167 1893 collectionum.
1212 1831 1359 1893 Credibile
1380 1835 1469 1909 igitur
1490 1840 1551 1907 est,
1574 1828 1719 1891 mundum
1740 1846 1785 1891 rs·

435 1920 526 1980 trrrrda
549 1920 701 1997 superficie
723 1920 806 1978 liniri.

517 2007 579 2065 Die
601 2008 741 2067 alterum
787 2004 891 2065 Mundi
913 2005 1088 2083 archetypus
1108 2006 1189 2066 licus
1211 2006 1275 2084 ipse
1297 2014 1352 2077 ost,
1375 2007 1461 2082 cajus
1483 2004 1565 2065 nulla
1586 2004 1682 2081 ligura
1704 2004 1784 2065 sira·

435 2096 488 2154 lior
510 2102 555 2153 est
577 2090 617 2174 (si
641 2098 700 2170 qna
732 2092 890 2153 similitudo
922 2091 1019 2152 locum
1041 2089 1161 2173 babet),
1193 2110 1283 2169 quam
1310 2093 1463 2171 sphaerica
1490 2092 1668 2169 superficies.
1714 2090 1784 2151 lla·

435 2185 476 2241 nti
492 2182 575 2241 Deus
589 2188 634 2239 cst
655 2198 717 2239 ens
739 2183 895 2253 eutium,
918 2179 1093 2240 antecedens
1115 2181 1223 2253 omnia,
1245 2182 1417 2256 ingenitum,
1439 2181 1701 2258 simplicissimam,
1721 2196 1785 2257 par·

438 2270 635 2341 lectissimum,
657 2267 815 2343 immobile,
837 2267 895 2327 sibi
917 2268 974 2344 ipsi
996 2270 1196 2344 creaturisque
1218 2268 1353 2327 omnibns
1376 2260 1665 2339 suffieintissimia,
1688 2282 1786 2327 ersa·

435 2365 464 2416 et
486 2360 653 2415 sustentans
676 2356 791 2427 omnis,
817 2366 891 2413 uuus
914 2355 1056 2426 mentia,
1080 2356 1109 2413 in
1132 2356 1265 2433 personis
1287 2358 1395 2427 trinus,
1425 2357 1470 2417 aie
1490 2353 1677 2431 spbasricuur
1700 2354 1785 2414 etia!

435 2441 552 2503 essdmu
574 2440 639 2500 rudi
662 2442 788 2519 quodum
810 2441 898 2502 modo
919 2443 1112 2519 proprietatos
1135 2441 1226 2502 habet
1245 2443 1321 2501 iuter
1342 2440 1450 2519 ligures
1472 2450 1595 2503 asima.

523 2529 557 2589 Si
586 2536 648 2588 tum
673 2530 807 2605 pulcdro
838 2536 879 2588 esi
900 2530 1047 2605 unulopiu
1067 2531 1149 2589 inser
1167 2530 1360 2605 sphaericum
1389 2536 1421 2589 et
1443 2546 1492 2588 res
1511 2528 1650 2603 dishrus,
1679 2542 1788 2603 operas

434 2618 567 2693 pretinm
590 2623 640 2690 eat,
672 2624 820 2676 naturum
842 2616 991 2691 sphaerici
1018 2616 1158 2692 pluribus
1179 2618 1336 2693 replicari.
1380 2616 1442 2675 Die
1469 2618 1581 2691 imita,
1613 2632 1672 2675 case
1691 2614 1788 2693 sarias

436 2706 574 2780 primam
601 2704 799 2779 figurarum?
830 2707 917 2779 utqui
937 2704 1088 2778 putabam
1120 2721 1183 2780 epo,
1217 2704 1315 2763 lineus
1334 2720 1394 2763 esee
1419 2706 1540 2779 priores
1568 2702 1787 2779 superficiebus,

436 2794 512 2867 qrrio
532 2791 728 2867 simpliciores
749 2798 821 2850 sunt
854 2798 881 2849 et
902 2808 970 2850 unu
990 2791 1056 2850 solo
1077 2791 1263 2852 dimensione
1284 2790 1485 2866 lonpitndinia
1506 2796 1662 2863 mnstasstr
1683 2788 1789 2867 sphr-

436 2881 545 2951 rimsm‚
568 2884 605 2937 ut
626 2878 803 2953 aupmiieies,
835 2881 868 2936 in
891 2878 1016 2954 bonam
1046 2885 1074 2936 et
1095 2878 1193 2939 lotum
1220 2881 1403 2955 porricitur.
1449 2876 1579 2937 Primum
1605 2875 1710 2937 lineas
1734 2890 1787 2937 an

435 2974 504 3025 srrut
525 2967 609 3041 ipsae
632 2963 752 3041 figurae,
776 2964 828 3025 sed
851 2964 1006 3039 figurarum
1030 2967 1154 3024 termini.
1200 2964 1314 3025 Deinde
1336 2972 1405 3024 strui
1420 2961 1539 3041 quidem
1560 2964 1659 3025 lineae
1681 2966 1791 3041 prius·

435 3051 645 3130 superficiebus
674 3050 784 3128 plenls3
815 3062 846 3111 at
876 3051 906 3110 id
936 3067 994 3110 non
1018 3061 1062 3112 εει
1091 3060 1210 3130 propter
1232 3052 1450 3128 simplicitatem
1471 3050 1552 3109 illam
1579 3066 1632 3127 per
1653 3066 1707 3125 se,
1735 3066 1789 3111 uta

437 3143 514 3201 enim
536 3141 721 3217 componitur
741 3140 908 3216 superficies
930 3158 965 3198 ex
988 3139 1088 3214 lineis,
1124 3141 1176 3199 sed
1204 3148 1322 3217 propter
1350 3141 1548 3216 generationis
1569 3136 1691 3213 modos,
1725 3139 1792 3216 εὴ

435 3229 513 3288 linea
534 3229 629 3305 giguit
650 3227 833 3304 superficiem
855 3225 981 3304 planam.
1027 3226 1187 3304 Superiieie
1210 3245 1279 3288 roro
1301 3227 1455 3303 sphaerica
1476 3228 1586 3303 priores
1605 3241 1792 3304 nequaqu-

438 3323 505 3374 sunt
527 3315 639 3387 lluaae,
675 3316 745 3389 quia
767 3331 862 3390 neque
884 3323 1061 3391 componunt
1091 3332 1186 3390 neque
1209 3317 1333 3392 gignunt
1354 3313 1448 3386 illam,
1476 3312 1529 3372 sed
1556 3315 1658 3390 potius
1680 3329 1719 3372 ex
1741 3311 1791 3372 ilia

437 3404 567 3462 oriuntur
594 3400 783 3462 materialiter
819 3401 865 3461 vel
896 3400 1063 3461 formaliter.
1115 3402 1252 3478 Denique
1282 3401 1453 3479 simplicitas
1485 3400 1626 3460 linearum
1664 3399 1793 3478 allegam

436 3505 494 3549 nou
517 3497 561 3550 eat
584 3487 620 3550 de
644 3489 770 3549 essentia
793 3489 917 3566 ligurati,
941 3487 993 3547 sed
1015 3489 1078 3565 ejus
1100 3490 1198 3566 potius
1213 3489 1408 3565 imperiecti03
1431 3505 1498 3547 cnm
1517 3505 1575 3547 nou
1591 3485 1791 3548 omnimoda·

435 3577 637 3653 figurationem
664 3575 822 3636 admittant
843 3576 954 3647 lineae,
985 3576 1036 3636 sed
1059 3576 1163 3636 saltem
1194 3593 1283 3635 nurrm
1311 3576 1375 3651 ejus
1398 3575 1573 3636 clementum
1606 3576 1638 3633 iu
1660 3575 1791 3652 longa

435 3664 516 3724 Talis
538 3681 608 3724 vero
632 3663 816 3740 simplicitas,
848 3680 923 3740 quac
946 3665 976 3721 in
999 3665 1222 3741 participatione
1245 3666 1391 3736 consistit,
1419 3679 1478 3722 non
1501 3661 1588 3722 iuisrt
1611 3663 1791 3738 pumicata

435 3752 634 3828 participantis
656 3768 726 3829 prae
748 3753 931 3828 participato.

523 3839 655 3915 Explica
664 3839 824 3898 discrimen
831 3840 1005 3915 (igneorum
1020 3837 1190 3913 planorum
1202 3845 1231 3896 ei
1242 3836 1575 3913 parallelepipedurttm
1588 3851 1686 3894 euusu
1699 3841 1791 3908 oritas,

436 3933 468 3984 nt
491 3925 570 3986 dictu
593 3927 700 3985 melius
722 3927 940 4001 inteilipmnm.
988 3925 1113 4002 Figurae
1143 3926 1261 4002 genitae
1291 3928 1320 3982 in
1342 3924 1398 3983 bec
1420 3923 1623 4000 metaphysica
1655 3919 1793 3984 read*

435 4015 545 4073 ratione
569 4023 637 4072 suut
661 4015 689 4070 iu
713 4013 819 4091 triplici
843 4012 1015 4072 discrimine.
1061 4012 1136 4071 Nam
1160 4013 1207 4071 rel
1230 4018 1298 4071 sunt
1320 4013 1519 4088 primigeniae,
1547 4009 1594 4071 sal
1616 4013 1715 4069 miuus
1736 4007 1793 4070 atl-

437 4100 507 4174 quid
530 4101 601 4179 ipsis
624 4102 821 4178 primigeniis,
852 4099 900 4158 vel
928 4099 995 4176 pius
1027 4101 1112 4175 ipsis3
1142 4100 1199 4159 boc
1221 4107 1266 4160 est
1295 4098 1341 4157 sel
1370 4100 1501 4158 sectione
1523 4105 1605 4158 ortae
1630 4113 1668 4158 ea
1689 4097 1793 4173 pini·

437 4189 540 4262 geniis,
565 4197 596 4246 ut
618 4196 725 4264 portes,
749 4187 796 4246 vel
820 4188 1085 4264 compositionem
1110 4188 1346 4263 primigenarum
1369 4187 1496 4245 rrireectis
1517 4185 1661 4262 partibile.

527 4275 684 4351 (istomodo
706 4279 878 4350 (signantur
898 4277 1122 4350 primigeniae?
1149 4274 1344 4350 Primigeniae
1366 4275 1525 4348 gignuntur
1539 4273 1620 4331 duaa
1643 4286 1697 4330 seu
1713 4277 1793 4330 usta

437 4362 557 4434 directo,
581 4365 704 4438 primum
727 4361 840 4439 puncti,
866 4360 944 4436 qnod
968 4360 1140 4437 intelligitur
1162 4363 1250 4419 silum
1273 4362 1403 4420 obtinere
1433 4367 1543 4419 cenum
1566 4362 1595 4416 in
1617 4357 1715 4434 dgeaa
1735 4355 1794 4418 ab

436 4452 661 4526 praeexistente3
686 4459 714 4510 et
737 4467 771 4508 ex
796 4448 851 4508 iroc
873 4449 953 4508 tluxu
976 4459 1134 4507 naseuntur
1148 4448 1243 4507 lineae
1258 4458 1363 4507 rectae.
1408 4447 1524 4507 Deinde
1542 4447 1606 4506 tluit
1619 4443 1701 4504 hes
1715 4451 1794 4504 reeh

437 4537 473 4595 ad
497 4535 575 4596 latus
597 4555 649 4596 serr
674 4540 700 4594 in
724 4536 861 4613 plagam,
885 4552 959 4612 quac
984 4541 1028 4596 est
1056 4547 1139 4595 extra
1160 4553 1245 4594 suum
1278 4533 1468 4611 longitudinis
1491 4541 1629 4604 ιεεειιιιιι,
1660 4539 1691 4592 et
1723 4547 1794 4592 uu·

440 4635 545 4683 rnutur
567 4643 602 4682 es
624 4624 682 4686 lroc
704 4623 882 4700 superficies.
926 4623 958 4682 Si
989 4625 1086 4682 omnia
1108 4622 1204 4683 lineae
1226 4631 1335 4701 puncta
1363 4622 1508 4682 duxeruut
1536 4623 1568 4679 ia
1590 4619 1735 4680 directum
1755 4615 1795 4678 ad

438 4711 579 4786 aequales
602 4711 771 4786 distantias,
802 4713 851 4786 qui
875 4712 969 4770 iluxus
991 4721 1036 4769 eat
1059 4710 1239 4786 aequabilis.
1269 4708 1349 4786 rpuod
1370 4717 1440 4769 tune
1462 4710 1605 4781 nascitur,
1633 4704 1795 4784 parallele-

438 4817 596 4870 prnmruum
621 4799 741 4860 dicitnr.
777 4797 855 4872 quod
890 4806 934 4858 est
971 4798 1017 4857 rel
1040 4797 1240 4871 rhomboides,
1269 4800 1294 4855 si
1328 4795 1454 4872 angulus
1487 4797 1583 4856 lluxus
1613 4805 1643 4854 et
1678 4793 1795 4854 aarum

436 4889 489 4945 init
515 4885 671 4962 obliquus,
702 4887 749 4945 ael
773 4894 817 4944 est
839 4883 1049 4961 rectangulnm.
1093 4886 1209 4958 Tertio,
1238 4887 1263 4943 si
1286 4887 1375 4945 etiam
1397 4883 1565 4961 superficies
1593 4884 1637 4941 sic
1658 4887 1744 4942 extra
1762 4895 1795 4940 as

438 4972 634 5049 aequabiliter
657 4973 743 5046 iluat,
772 4975 902 5033 uescitur
924 4989 1045 5049 corpus,
1075 4980 1104 5032 et
1127 4973 1245 5048 quidem
1268 4970 1564 5050 parallelepipedum3
1591 4967 1702 5046 anguls
1725 4983 1796 5028 m

438 5063 533 5121 liunus
554 5067 652 5132 recto,
676 5061 764 5120 etiam
787 5060 962 5120 columnare.

524 5147 556 5208 Sl
580 5147 675 5206 llurus
698 5147 851 5224 iongitudo
873 5147 1007 5224 aequalis
1030 5155 1075 5206 est
1097 5147 1192 5207 lineae
1216 5147 1330 5218 tinenti,
1359 5155 1517 5206 nascamur
1538 5147 1676 5220 utrinque
1695 5141 1797 5204 rb·-

437 5235 504 5297 bica
526 5235 636 5334 angulo
661 5233 798 5315 obliquo:
822 5237 867 5295 siu
891 5238 978 5297 etiam
1002 5235 1129 5316 angulus
1151 5236 1247 5300 tiuxus
1269 5243 1300 5296 et
1321 5233 1437 5296 fluentis
1459 5241 1557 5298 rectas
1571 5241 1626 5308 est,
1648 5233 1681 5292 b
1699 5229 1797 5310 planu
