4459 6275
870 792 1102 864 moenum.
1137 792 1356 851 mmor
1722 766 1785 859 eut

434 979 537 1033 icen:
560 934 712 1050 periodica¹
731 972 822 1049 igitur
843 981 976 1049 tempore
995 980 1064 1032 suut
1078 973 1108 1031 iu
1124 972 1311 1049 proportione
1333 970 1553 1035 meliorum
1575 971 1786 1048 sesquialiter

434 1066 464 1117 ut
487 1061 516 1119 ei
537 1060 599 1120 siut
620 1062 758 1120 eontiuue
779 1058 1012 1138 proportionum
1033 1058 1100 1133 Sl),
1124 1057 1192 1135 ΒΚ,
1214 1059 1275 1134 si,
1297 1057 1363 1134 ΘΒ,
1386 1061 1441 1120 erit
1462 1066 1496 1119 ni
1516 1057 1566 1119 bl·
1586 1057 1627 1119 ed
1648 1056 1716 1134 SD,
1743 1060 1788 1119 eie

432 1144 570 1224 ptrlndm
591 1148 769 1225 impervie
789 1144 927 1223 pinuetne
950 1148 977 1206 Α
999 1145 1038 1207 ed
1061 1145 1185 1208 alteram
1206 1147 1344 1224 planetae
1366 1139 1461 1226 11⁵⁵)
1746 1140 1749 1145 ’

519 1234 642 1308 Probe,
674 1237 710 1294 ite
741 1237 971 1310 moratione
991 1235 1137 1295 &nonore
1154 1236 1357 1310 planetarum
1379 1242 1480 1295 meets
1500 1234 1627 1309 portori
1648 1230 1788 1293 (imilite-

431 1321 1160 1398 tiunemoirtnte‘ereooente'euboerpiitenline,
1189 1339 1254 1397 quse
1282 1320 1788 1397 eorporoplneetoresrrmobilin

431 1424 501 1467 ene
521 1416 684 1485 eeaepaeut.
723 1407 884 1487 Corporum
907 1408 1000 1469 moles
1021 1426 1074 1469 eeu
1096 1411 1194 1486 spatia
1215 1416 1286 1468 eunt
1306 1411 1337 1467 iu
1358 1409 1548 1487 proportione
1566 1406 1788 1468 intervallorum

432 1494 541 1573 simple
570 1505 600 1556 et
622 1494 746 1570 directe,
778 1501 811 1555 ut
831 1512 922 1572 snpra
944 1505 990 1556 eet
1011 1495 1252 1558 demonstratum.
1297 1495 1364 1557 flue
1386 1505 1444 1571 est,
1471 1496 1550 1556 siout
1570 1511 1603 1554 se
1624 1493 1715 1555 hebet
1736 1493 1788 1554 ΒΑ

432 1580 468 1641 ed
484 1582 549 1654 Sl),
571 1586 615 1643 elo
635 1600 669 1643 ee
690 1583 782 1643 babet
802 1581 895 1642 moles
918 1587 1048 1660 eorporis
1071 1582 1210 1661 planetae
1231 1582 1303 1643 iuri
1326 1582 1365 1644 ed
1386 1582 1496 1644 molem
1516 1580 1638 1643 alterins
1650 1580 1788 1660 plenmee

433 1671 461 1729 ie
477 1668 520 1730 D.
553 1668 625 1731 Jem
646 1686 717 1730 vero
739 1672 828 1730 etiem
850 1672 944 1730 virtue
966 1671 1072 1731 metris
1095 1669 1188 1733 dense
1208 1678 1240 1731 et
1260 1666 1346 1731 tortis
1366 1678 1411 1731 eet
1433 1673 1463 1729 iu
1477 1671 1665 1748 proportione
1679 1685 1787 1729 eorun-

433 1754 501 1821 dem
522 1756 742 1818 intervallorum
765 1756 886 1834 simpla,
908 1756 963 1818 sed
985 1774 1106 1833 eeersa3
1138 1761 1215 1819 sioni
1236 1760 1313 1818 enim
1335 1776 1368 1820 ee
1390 1758 1482 1819 hebet
1502 1756 1579 1817 idem
1602 1756 1788 1818 intervallum

432 1842 483 1905 Sd
505 1843 546 1906 ad
568 1843 635 1920 Sl),
665 1847 710 1904 sie
736 1861 768 1905 se
796 1844 887 1905 babet
912 1844 1052 1905 tortitudo
1081 1847 1191 1922 spetiei
1213 1846 1267 1904 CA
1298 1845 1337 1906 ad
1368 1842 1568 1906 lortimdiuem
1590 1845 1702 1923 speeiei
1722 1844 1788 1903 Fi).

432 1932 513 2009 depo
535 1949 596 2009 que
616 1933 804 2010 proportione
828 1934 920 1992 rinus
943 1934 1002 1992 iste
1023 1930 1203 2005 debilitetur,
1226 1931 1330 1993 eedem
1351 1934 1482 1994 vieieelm
1505 1938 1680 2011 oeonpeture
1704 1932 1787 1991 verbi
1827 1988 1831 2001 ,

433 2024 525 2080 eadee
537 2018 682 2080 Saturnum
703 2037 723 2079 a
745 2017 871 2097 decuplo
894 2020 1083 2081 imbecilliore
1106 2023 1215 2080 virtute
1239 2018 1355 2080 rebitur
1377 2036 1468 2098 quem
1481 2019 1581 2094 uerso,
1604 2027 1636 2080 et
1656 2019 1789 2079 vntum
1899 2038 1902 2043 ·

433 2122 557 2185 torpore
579 2123 635 2167 suo
658 2108 754 2171 etiam
771 2104 896 2183 decuplo
919 2106 985 2184 plne
1008 2106 1044 2168 de
1067 2108 1175 2170 virtute
1195 2124 1269 2169 enee
1291 2109 1419 2186 regionis
1442 2115 1575 2184 oooupet,
1599 2124 1687 2185 quam
1698 2105 1789 2166 Terre

432 2209 486 2255 ruo
511 2209 634 2271 eorpere
655 2193 692 2254 de
714 2209 787 2254 enee
809 2195 938 2270 regionis
959 2194 1085 2271 virtute3
1115 2202 1146 2255 et
1174 2193 1271 2256 divisa
1293 2203 1357 2256 tote
1379 2196 1502 2270 uirtute,
1535 2211 1623 2275 quam
1645 2193 1788 2255 Saturnus

433 2290 562 2359 oeeupet
582 2281 660 2342 mule
680 2298 744 2354 sne,
768 2284 799 2339 iu
820 2288 918 2358 partes
941 2281 1050 2355 decem,
1073 2298 1151 2358 qnae
1172 2284 1233 2341 siut
1255 2285 1309 2343 toti
1332 2285 1442 2357 virtuti,
1465 2298 1554 2361 quam
1573 2279 1677 2342 lellus
1698 2298 1788 2342 ooou·

433 2378 502 2447 pet,
533 2370 632 2446 epeno
663 2367 820 2445 eeqneiee,
850 2367 1002 2444 quaelibet
1021 2366 1126 2430 herum
1147 2371 1275 2447 partium
1297 2387 1352 2430 eeu
1373 2371 1537 2448 spatiorum
1559 2370 1677 2429 virtutis
1698 2367 1790 2429 babet

433 2454 580 2519 helmum
600 2454 786 2516 solummodo
808 2463 920 2533 partem
942 2455 1121 2517 lenitudinis
1144 2456 1218 2533 ejus,
1241 2474 1331 2534 quam
1353 2456 1443 2519 babet
1460 2474 1521 2518 une
1542 2455 1603 2531 ille,
1627 2470 1717 2533 quarn
1735 2472 1789 2517 oo·

434 2550 526 2622 eepet
547 2543 657 2605 'l'erree
688 2560 778 2620 quare
806 2543 908 2604 deoem
929 2542 1016 2617 illae,
1040 2542 1141 2605 deoem
1162 2546 1226 2603 suis
1248 2543 1371 2605 deoimie
1391 2547 1420 2604 in
1443 2560 1533 2617 unum
1556 2543 1703 2617 muron,
1730 2560 1790 2620 po·

433 2639 543 2693 meere
565 2638 634 2691 eunt
654 2630 795 2708 equales
818 2630 861 2689 iili
882 2632 1003 2703 urrioee,
1035 2648 1095 2708 qua
1117 2630 1209 2693 Terre
1232 2631 1357 2693 rebitur.
1401 2633 1508 2709 Itaque
1532 2633 1559 2692 ei
1581 2633 1611 2689 iu
1632 2630 1688 2691 ille
1707 2629 1790 2707 globi

434 2717 567 2781 detumit
587 2719 706 2779 rmlode
726 2716 920 2795 amplitudine
942 2734 1000 2777 nou
1023 2726 1101 2778 eset
1122 2717 1191 2796 plue
1212 2721 1367 2792 meteriee,
1398 2737 1488 2797 quem
1510 2720 1540 2777 in
1561 2710 1702 2796 'angustie
1722 2734 1789 2779 onu-

433 2808 515 2886 poris
537 2804 647 2867 Terrae
669 2803 828 2880 densioris,
853 2804 972 2865 Saturni
994 2805 1103 2881 globus
1124 2810 1157 2865 iu
1177 2823 1236 2866 uno
1257 2824 1335 2868 euno
1356 2823 1410 2884 per
1430 2814 1544 2867 mnium
1564 2807 1695 2883 spetlum
1714 2820 1789 2882 pre·

435 2893 592 2955 reberetm
613 2892 693 2953 erbis
714 2895 769 2968 eni,
792 2900 902 2969 quonia
922 2901 968 2954 eet
988 2892 1143 2970 longitudo
1165 2896 1256 2954 totiue
1270 2896 1384 2956 orbitae
1398 2893 1517 2970 l'erne,
1540 2900 1571 2955 ei
1584 2894 1628 2953 ele
1641 2887 1673 2953 iu
1688 2890 1791 2953 deeem

434 2983 520 3043 renis
550 2979 706 3041 eondoerei
732 2997 817 3041 suem
844 2981 992 3057 propriam
1022 2981 1157 3045 orbitam.
1201 2984 1242 3043 At
1262 2999 1341 3045 nuno
1363 2984 1476 3044 obniter
1496 2979 1586 3060 triplo
1606 2979 1674 3059 plne
1696 2979 1790 3041 babet

434 3069 578 3131 moerim
598 3076 630 3129 et
649 3066 796 3146 ponderis,
820 3084 909 3145 quem
924 3067 1024 3144 Terre,
1047 3084 1139 3146 quere
1160 3069 1249 3148 triplo
1270 3069 1388 3150 longine
1410 3077 1527 3149 tempus
1541 3069 1671 3148 requirit,
1693 3084 1789 3128 nouos

434 3174 475 3222 ee
498 3157 630 3233 triplum.

525 3242 817 3322 Qeeidupnesnit,
846 3242 927 3303 lueto
952 3244 1378 3318 oompemutionemdoeerei
1409 3242 1792 3321 Anmsueqerprtest

431 3331 525 3410 iueile
546 3330 589 3392 ud
610 3329 827 3406 mpedimdom
850 3331 1147 3405 demoeetrntionem,
1169 3339 1311 3407 meere,
1333 3331 1791 3410 quodnudnpluseeiteueen

433 3419 610 3495 inaequalis
637 3418 708 3477 tulto
736 3424 851 3492 manu,
883 3416 1649 3495 seemdteereupradieeenietoeomotertoe,
1678 3421 1791 3478 meio

433 3506 557 3568 dinem
577 3505 738 3582 pioboenm
757 3504 1007 3581 piammonem
1031 3506 1259 3583 ornplitudiue?
1294 3506 1342 3567 Ad
1363 3508 1442 3569 irene
1462 3506 1583 3584 quidem
1603 3505 1790 3567 demonstre-

434 3597 545 3656 tinem
573 3591 755 3653 direserum
783 3593 812 3650 in
843 3591 971 3670 pieuetie
999 3591 1186 3668 periodorum
1216 3611 1374 3673 earumque
1401 3596 1612 3673 proportionis,
1644 3591 1723 3670 qnod
1752 3595 1792 3652 sit
1855 3621 1858 3626 ·

433 3678 634 3758 sesquialtera
653 3681 851 3757 proportionis
874 3677 1104 3755 intervallorum,
1126 3679 1200 3740 niiuil
1222 3683 1361 3757 interluit,
1383 3682 1442 3743 hoo
1455 3700 1493 3742 en
1510 3680 1583 3742 iilud
1597 3687 1790 3742 mernor:

434 3777 463 3830 et
483 3771 512 3828 ei
531 3768 597 3844 iem
618 3766 659 3828 ed
680 3768 767 3826 uniue
789 3774 819 3828 et
840 3766 971 3843 ejusdem
993 3766 1131 3844 pieueiee
1153 3767 1287 3829 diverses
1308 3786 1405 3831 meree
1427 3771 1458 3829 in
1481 3767 1605 3830 dieereie
1626 3765 1792 3828 interuallis

433 3856 582 3933 progressi
605 3855 774 3927 fuissemus,
795 3871 915 3915 oensem
937 3853 1074 3931 expedire
1095 3871 1154 3914 uon
1177 3857 1390 3932 potuissemus,
1414 3874 1451 3918 ex
1473 3855 1578 3917 eodem
1599 3853 1720 3934 quidem
1741 3871 1791 3914 re·

433 3961 498 4006 rere
520 3957 638 4018 genere,
660 3957 712 4002 eur
733 3957 833 4003 meree
855 3944 884 4000 in
907 3942 1034 4002 erenbns
1055 3943 1188 4020 praecise
1209 3943 1385 4020 aequalibus
1407 3950 1599 4021 sequerentur
1620 3942 1790 4020 proportio·

434 4047 502 4094 netu
525 4029 758 4091 intervallorum.
1672 4047 1675 4054 ·

524 4116 924 4196 Qnuemtipiteerenuon,
954 4114 1791 4193 enr,quoiorpenosoiedistatoseneeoeotrioi

434 4204 839 4282 quelibeteeueqnnlibne,
867 4204 1613 4281 Membreebeeomoruepienetonsmnt,
1642 4200 1791 4278 idqnoiet

434 4296 588 4370 inierim
612 4294 812 4368 proportione
838 4289 1097 4352 intervallorum?
1133 4292 1205 4369 lpen
1234 4293 1370 4352 nimirum
1393 4290 1453 4354 iila
1486 4287 1653 4350 debilitatio
1673 4289 1791 4348 obinde

434 4382 580 4456 nobieie,
615 4386 649 4439 ut
669 4395 747 4455 quae
768 4395 829 4438 uon
850 4396 936 4438 seem
959 4395 1048 4455 quam
1068 4377 1120 4439 lux
1147 4381 1178 4438 in
1199 4377 1252 4439 Sl)
1272 4380 1400 4457 longiori
1421 4376 1577 4439 interuallo
1599 4394 1620 4437 e
1639 4374 1712 4437 Sole
1734 4392 1789 4437 ex·

435 4467 565 4529 tenditur
591 4468 622 4525 iu
651 4464 773 4544 longum
795 4466 849 4527 llll
870 4465 1031 4545 prolixius,
1059 4483 1149 4543 quem
1169 4466 1292 4527 eeth
1314 4468 1447 4528 uteneio
1469 4462 1604 4542 ejusdam
1626 4464 1789 4540 quoteeiu

435 4553 564 4618 menori
586 4552 742 4614 intervallo
756 4552 825 4630 SA3
848 4556 947 4630 iisqne
970 4552 1051 4632 qnod
1073 4561 1144 4615 tuno
1164 4553 1203 4616 de
1225 4571 1262 4615 ee
1283 4562 1444 4633 oeenpeinr
1465 4572 1483 4613 ι
1505 4549 1789 4630 enrporepienetae,

435 4650 466 4704 et
488 4641 562 4716 Pl),
583 4640 614 4701 id
637 4648 682 4702 eet
703 4638 847 4716 debilius,
870 4659 960 4718 quem
982 4639 1062 4718 qnod
1084 4640 1249 4703 abeodem
1272 4641 1334 4717 Ori,
1356 4641 1486 4720 propiori
1508 4639 1605 4714 iaetu,
1629 4644 1791 4717 meupetur

436 4727 474 4808 de
493 4731 603 4791 virtute
627 4728 764 4790 deuteri.
1178 4775 1183 4786 .

520 4815 682 4878 litonum
703 4822 762 4878 tree
784 4814 916 4891 reliquae
938 4831 1046 4878 musae
1068 4816 1155 4877 nobie
1178 4814 1293 4876 dmoni.
1339 4815 1435 4874 Arum
1463 4813 1540 4874 enim
1562 4827 1618 4874 seu
1639 4813 1695 4872 iter
1715 4826 1790 4886 eup-

435 4907 554 4981 pnniiur
581 4905 718 4980 utrinqne
746 4902 878 4979 ejusdem
907 4901 1113 4980 longitudinis,
1144 4909 1177 4962 ut
1197 4902 1274 4972 Dll,
1296 4901 1355 4977 ΑΒ
1386 4902 1518 4977 onrporie
1536 4897 1669 4960 densitas
1690 4902 1792 4958 menet

436 4990 557 5066 deur,
580 4990 693 5069 nenne
715 4990 865 5068 quentiiae
888 4989 1005 5062 itidem,
1034 4992 1106 5066 quie
1127 4989 1181 5050 pp
1203 4996 1234 5051 et
1256 4989 1308 5050 CA
1331 4995 1379 5050 eet
1398 4987 1449 5048 bie
1470 5003 1547 5048 unns
1568 4994 1599 5047 et
1620 4983 1697 5045 idem
1719 4982 1788 5060 ple·

437 5089 522 5143 nete:
545 5086 640 5148 resim
658 5078 725 5140 soie
745 5076 887 5139 tortitudo
910 5078 1035 5138 uirtutis.
1080 5074 1141 5137 Sed
1162 5075 1200 5138 de
1221 5074 1279 5136 boe
1300 5076 1385 5154 piure
1408 5076 1437 5133 in
1458 5071 1660 5149 sequentibus.

528 5166 659 5228 Videtur
685 5165 733 5225 bie
760 5181 918 5227 onorem
946 5163 1111 5242 ditilultue
1139 5164 1254 5241 'ulique
1287 5164 1390 5237 meins
1416 5175 1513 5237 qurum
1539 5173 1648 5233 supro.
1706 5155 1792 5218 Nune

433 5252 1041 5332 plasmpsoptsqniorsotiseotne,
1072 5243 1794 5329 mbrtpioreetoeetteeeorontdteiroule‘e
