4459 6275
872 753 957 812 Liber
973 754 1102 824 duma
1138 756 1206 814 Pare
1223 756 1359 815 &meus
1735 764 1798 827 m

436 938 551 997 eiousar
574 936 605 995 h
625 931 747 1013 globos,
775 932 829 996 red
857 933 953 997 solum
976 941 1006 997 et
1027 936 1146 996 unicum
1169 952 1235 998 arse
1258 952 1365 1015 corpus
1386 935 1507 1011 dolare,
1534 938 1678 999 sium-ia
1699 939 1798 1001 medio

436 1022 693 1172 ambiit-niverni,
715 1023 763 1083 cui
786 1028 883 1083 motus
897 1024 953 1084 iste
975 1023 1179 1101 primariorum
1193 1022 1378 1101 planetarum
1394 1025 1473 1085 eirea
1487 1040 1594 1104 corpus
1607 1024 1687 1089 sora
1705 1028 1800 1104 pessit

435 1248 493 1329 ill.
528 1248 583 1311 De
605 1244 858 1310 revolutione
888 1250 1059 1327 eorporis
1082 1246 1229 1311 Solaria
1252 1248 1357 1311 circa
1379 1267 1482 1311 suum
1504 1269 1609 1313 axem
1631 1250 1797 1331 ejusque

817 1334 962 1399 ellectu
986 1336 1024 1395 iu
1046 1342 1146 1398 motu
1169 1334 1419 1417 planetarum.

530 1458 649 1539 Qrdbea
670 1459 772 1518 ecastr
792 1457 962 1533 adduceris,
985 1465 1021 1518 ut
1036 1458 1136 1519 Solem
1157 1459 1257 1537 socios
1270 1476 1397 1520 mosum
1411 1468 1590 1534 nomem,
1612 1461 1796 1539 uolonum

433 1555 537 1609 mones
556 1544 778 1625 ptmaorscoi
816 1548 842 1605 l.
867 1543 945 1621 Quia
967 1554 1106 1623 apparet,
1131 1554 1242 1624 quanto
1265 1546 1390 1624 quilibet
1410 1546 1531 1627 planata
1551 1548 1669 1626 lougius
1691 1552 1796 1611 ceteris
1832 1618 1836 1625 ,

434 1656 455 1697 a
468 1634 540 1696 Sole
559 1632 659 1707 distat,
683 1640 766 1693 tauto
788 1631 872 1693 illum
893 1627 1027 1694 incedere
1050 1635 1179 1710 segnius,
1201 1637 1244 1694 ita
1265 1643 1300 1694 ut
1320 1636 1470 1712 proportio
1492 1637 1707 1713 periodicorum
1728 1654 1797 1697 mu·

433 1733 520 1783 mum
541 1723 582 1781 sit
603 1719 754 1797 usquipla
775 1721 972 1797 proportionis
996 1720 1201 1782 distantiarum
1223 1721 1340 1782 eSolc.
1380 1722 1423 1781 Ex
1445 1722 1503 1783 boc
1523 1725 1613 1801 igitur
1633 1725 1797 1785 ratiocina-

434 1828 510 1884 mur,
533 1806 635 1870 Solem
657 1824 723 1868 esee
745 1806 856 1867 ionmm
877 1814 983 1869 motus.
1023 1811 1052 1867 2.
1075 1808 1158 1869 ldem
1181 1812 1359 1870 usuvenire
1382 1810 1507 1886 singulis
1529 1810 1666 1888 planetis,
1688 1811 1795 1873 audis-

434 1915 502 1958 mus
532 1895 620 1970 inira,
650 1904 684 1957 et
712 1902 822 1971 quanto
853 1897 947 1971 magis
976 1897 1194 1973 appropinquat
1224 1914 1299 1957 unus
1330 1896 1438 1974 aliquis
1459 1898 1580 1975 planeta
1601 1898 1665 1960 ectr
1687 1902 1796 1975 quovis

434 1995 597 2063 rsurpore,¹
618 1989 700 2043 tanto
728 1981 908 2060 provehatur
937 2000 970 2043 ss
994 1985 1060 2060 ipso
1091 1982 1215 2043 eslerior
1241 1986 1272 2043 in
1301 1986 1489 2062 proportione
1519 1987 1676 2062 exquisite·
1694 1984 1794 2063 dupla

436 2077 467 2137 ³.
490 2071 554 2133 Nee
575 2069 692 2130 ablndb
711 2068 841 2146 dignitas
864 2077 917 2130 aut
939 2070 1074 2147 aptitudo
1097 2072 1227 2148 eorporis
1248 2070 1370 2146 Solaria,
1397 2072 1479 2149 quod
1500 2072 1727 2149 pulcherrimum
1749 2083 1797 2135 est

434 2169 467 2221 et
496 2155 686 2221 rotrmditatia
714 2155 969 2233 absolutissimae,
998 2159 1159 2218 marimum
1187 2160 1290 2233 etiam,
1322 2167 1353 2219 et
1380 2159 1446 2219 lous
1467 2158 1543 2221 lueis
1564 2169 1654 2238 atque
1676 2160 1795 2236 caloris,

434 2246 515 2308 unde
544 2245 639 2306 omnis
669 2246 732 2304 vita
761 2246 791 2303 iu
820 2244 1038 2321 vegetabilibus
1067 2246 1205 2306 soamrit:
1235 2246 1311 2307 adeo
1342 2254 1376 2305 ut
1404 2245 1486 2307 calor
1514 2256 1545 2308 et
1572 2247 1623 2311 lux
1645 2248 1796 2325 quadam

434 2336 522 2412 quasi
545 2335 738 2393 ineuummta
761 2334 871 2393 murari
894 2334 1017 2409 possint,
1041 2331 1150 2393 idonea
1170 2332 1234 2393 Soli
1256 2333 1295 2392 sd
1317 2341 1429 2393 motum
1452 2333 1579 2411 planetis
1601 2334 1793 2397 inferendum.

436 2427 467 2483 t.
489 2421 640 2498 Imprimis
660 2436 731 2480 vcro
754 2436 890 2480 numeros
914 2437 1015 2480 omnes
1038 2420 1255 2497 probabilitatis
1279 2420 1380 2498 implut
1395 2420 1475 2483 Solis
1497 2424 1528 2481 in
1549 2440 1605 2483 suo
1627 2425 1725 2500 spatio
1744 2441 1794 2483 ro·

436 2510 512 2571 tatio
535 2511 721 2570 circanam
744 2506 923 2568 immobilem
946 2510 975 2566 iu
998 2506 1117 2585 plagam
1138 2506 1272 2579 endem,
1296 2509 1325 2567 in
1347 2525 1438 2585 quam
1459 2525 1562 2570 omnes
1585 2509 1722 2588 planetae
1744 2528 1796 2573 se·

436 2604 577 2675 quantur,
600 2602 631 2656 et
652 2593 775 2673 periodo
797 2594 916 2672 quidem
940 2596 1064 2657 breviori
1087 2612 1177 2671 quam
1199 2597 1349 2672 proximus
1371 2595 1414 2656 illi
1438 2604 1468 2656 st
1489 2597 1647 2658 eidmiruns
1663 2601 1794 2659 omnium

436 2684 612 2747 necmias.

526 2769 616 2847 Quod
637 2770 716 2831 anim
737 2766 826 2831 bodie
847 2769 1008 2847 teleseopio
1031 2769 1178 2847 detegitur
1201 2776 1230 2829 et
1251 2769 1385 2846 quotidie
1401 2768 1501 2831 videre
1515 2778 1570 2846 est,
1592 2770 1674 2832 Solle
1689 2788 1794 2849 eorpus

437 2858 563 2921 maculis
583 2864 707 2931 scabre,
730 2874 807 2934 quae
830 2859 906 2917 intra
928 2857 991 2918 dies
1017 2860 1066 2933 il,
1093 2859 1130 2917 13
1156 2855 1204 2917 val
1229 2858 1269 2915 14
1292 2856 1405 2919 discum
1427 2858 1506 2919 Solis
1528 2876 1581 2919 seu
1602 2858 1794 2936 bemispbae·

436 2949 512 3008 rium
535 2946 601 3024 aies
623 2945 743 3006 iniurius
765 2952 925 3018 manserint,
949 2946 1032 3005 initio
1055 2953 1085 3005 ct
1105 2944 1165 3004 dua
1186 2943 1278 3014 tarde,
1302 2946 1331 3002 in
1353 2943 1451 3007 medio
1474 2944 1609 3007 celeriter
1630 2946 1725 3024 (qnod
1743 2953 1795 3009 ar·

436 3040 579 3114 gumeuto
603 3040 662 3107 cst,
691 3031 759 3093 illas
780 3030 900 3094 haerere
922 3035 951 3091 in
975 3031 1130 3110 superfluis
1150 3030 1231 3093 Solis
1252 3039 1283 3092 et
1305 3048 1373 3093 oum
1394 3031 1447 3093 illa
1468 3030 1625 3114 converti),
1652 3034 1683 3094 id
1707 3034 1796 3113 plane

436 3123 637 3186 neoeeearium
663 3138 743 3195 οοοο,
776 3126 809 3180 nt
834 3119 902 3193 liat,
932 3120 1095 3182 redonibus
1123 3136 1159 3180 ex
1181 3119 1238 3180 boc
1261 3120 1326 3197 ipso
1348 3118 1533 3198 planetarum
1554 3132 1636 3184 motu
1657 3120 1793 3184 deductis

435 3211 526 3288 longe
549 3211 639 3288 prius,
663 3226 752 3284 qnam
775 3206 956 3272 demoniis
970 3207 1050 3269 Solis
1072 3214 1230 3282 constaret,
1253 3209 1477 3285 comprobatum
1498 3216 1545 3272 est
1566 3229 1587 3271 a
1601 3227 1647 3273 me
1663 3212 1694 3270 in
1708 3209 1793 3272 don.

437 3295 545 3360 ldarth
567 3313 632 3374 eap.
654 3293 810 3358 XXXIV.

525 3383 961 3461 Dedolisitepnecurpore
989 3381 1378 3460 qoidtenendumpsstos,
1411 3384 1796 3466 qwidoieonosrtitur

438 3477 521 3534 decu
543 3489 635 3532 suam
656 3471 771 3533 ocem?
806 3471 926 3532 Dictum
948 3480 995 3532 est
1015 3471 1091 3532 libro
1113 3471 1220 3549 primo,
1249 3480 1279 3531 et
1301 3470 1358 3531 boo
1380 3479 1487 3550 colpus
1508 3479 1539 3533 et
1560 3474 1586 3534 si
1609 3471 1690 3550 quod
1711 3472 1795 3534 aliud

437 3564 518 3624 eirca
538 3577 626 3620 suum
648 3575 734 3620 exem
755 3559 895 3633 volvitur,
917 3575 976 3618 uon
998 3565 1112 3620 tantum
1134 3560 1164 3617 in
1186 3559 1251 3634 ipso
1273 3575 1369 3618 rerum
1391 3558 1512 3620 exordio
1527 3559 1567 3620 ab
1582 3562 1795 3640 omnipotentia

437 3650 579 3711 mulos
605 3648 696 3708 lutare
726 3648 883 3725 ingyrum
910 3654 1024 3719 aetum,
1054 3644 1106 3708 sed
1138 3646 1227 3706 etiam
1249 3644 1343 3706 videri
1375 3649 1545 3708 continuare
1577 3647 1655 3708 bunc
1681 3655 1794 3708 motem

437 3734 588 3815 praesidio
615 3735 731 3795 animae
760 3736 898 3795 metricis.
943 3733 1018 3794 Nam
1049 3735 1104 3794 etsi
1134 3732 1195 3794 alia
1216 3733 1305 3793 etiam
1328 3735 1442 3795 ratione
1464 3735 1504 3795 ibi
1526 3733 1675 3812 explicata
1697 3743 1795 3796 motus

438 3827 495 3885 iste
518 3823 682 3884 continuari
704 3823 807 3898 possit,
830 3831 927 3882 nmen
950 3822 1066 3881 animae
1088 3818 1236 3897 praesidio
1260 3819 1434 3880 diuturnitas
1456 3828 1487 3882 et
1506 3823 1674 3899 perennitas
1697 3830 1795 3883 motae

438 3910 538 3988 bujus,
562 3911 592 3968 iu
614 3926 673 3987 quo
693 3910 787 3978 totius
808 3907 909 3970 muudi
932 3911 994 3968 vita
1017 3909 1160 3979 consistit,
1182 3908 1291 3967 rectius
1315 3908 1471 3969 obtinetur.

525 3997 630 4058 Habea
651 4000 745 4057 &om
765 3997 830 4056 ulio
853 4002 1038 4072 urpumento
1058 4000 1181 4072 murice·
1202 4001 1334 4067 metram,
1358 3995 1468 4071 quibus
1490 3995 1652 4054 uerbimiic
1671 3995 1736 4071 piot,
1760 3997 1796 4054 ira

439 4103 566 4164 corpore
581 4084 660 4146 soto
680 4087 819 4144 mimam
843 4083 959 4143 inem?
993 4087 1021 4144 1.
1044 4081 1187 4158 Magnum
1208 4098 1229 4140 a
1247 4083 1370 4142 materm
1393 4085 1522 4158 corporis
1537 4081 1648 4142 Solaria
1670 4081 1794 4160 ejusque

439 4173 655 4234 illuminatione
678 4170 800 4231 ducetur
821 4178 1033 4247 argumentum,
1057 4186 1135 4245 quae
1157 4167 1273 4227 videtur
1295 4185 1359 4227 esee
1375 4167 1503 4244 qualitas
1524 4170 1552 4227 in
1569 4185 1689 4247 corpore
1703 4168 1793 4241 Solis,

440 4270 507 4324 orta
536 4260 575 4320 ab
605 4258 810 4320 informatione
832 4261 948 4319 animes
972 4257 1187 4330 valentissima,
1218 4264 1321 4333 utpote
1343 4253 1429 4333 eujus
1450 4258 1620 4330 materiam,
1651 4265 1795 4336 utsupra

440 4349 563 4428 dictum,
586 4354 814 4408 conmutaueum
837 4354 881 4406 est
903 4363 968 4407 esse
990 4343 1194 4406 densissimam
1215 4345 1307 4404 totius
1328 4342 1428 4405 mundi
1451 4361 1618 4422 corporumr
1652 4344 1796 4406 maximas

439 4439 531 4513 igitur
552 4437 631 4496 virae
654 4432 733 4494 madi
755 4450 808 4511 par
830 4441 875 4494 est
896 4434 940 4493 iili
962 4434 1079 4493 enimse
1100 4431 1220 4503 adum,
1243 4449 1320 4507 quae
1342 4440 1403 4492 tam
1426 4434 1603 4509 pertinacem
1623 4430 1726 4492 domat
1747 4434 1795 4494 in-

440 4526 630 4600 flammatque
652 4522 813 4582 materiam.
841 4520 936 4582 -Vide
959 4517 1028 4597 Opt
1051 4537 1115 4598 cap.
1138 4517 1191 4582 Vl
1221 4523 1289 4589 (vol.
1304 4527 1336 4576 11.
1356 4540 1382 4589 p.
1399 4522 1463 4590 269)

529 4613 559 4669 2.
584 4610 722 4669 Animam
743 4615 842 4669 autern
864 4610 963 4685 potius
986 4605 1173 4668 statuendam
1196 4623 1262 4666 esec
1276 4613 1357 4684 puto,
1381 4622 1471 4683 quam
1485 4604 1607 4666 iornearn
1621 4606 1792 4682 iuauimam,

440 4700 512 4776 qnia
534 4714 571 4758 ex
593 4696 775 4758 macularum
798 4698 827 4753 iu
849 4694 919 4756 Sole
942 4700 1008 4755 ortu
1029 4701 1060 4756 st
1082 4693 1264 4756 discussione
1291 4709 1388 4769 exque
1409 4692 1624 4755 illuminatione
1645 4694 1794 4770 inaequali

440 4786 569 4864 partium
591 4785 657 4861 eiua
679 4782 859 4844 diversamur
883 4782 1005 4843 diversis
1027 4782 1208 4859 temporibus
1230 4788 1362 4858 apparet,
1384 4797 1444 4841 nou
1467 4798 1554 4840 uuam
1573 4783 1742 4842 continuam
1765 4789 1796 4842 et

440 4879 584 4951 perpetuo
606 4871 779 4932 uniiorman
803 4888 868 4932 esee
891 4871 1038 4946 energiam
1062 4871 1092 4929 in
1114 4869 1250 4929 omnibus
1277 4868 1407 4944 eorporis
1428 4867 1541 4930 Soteris
1562 4869 1710 4945 partibus,
1741 4867 1794 4930 sed

441 4960 598 5023 admittere
620 4969 732 5020 motum
755 4966 785 5020 ct
806 4960 999 5020 variationem
1021 4964 1051 5018 et
1073 4954 1297 5028 vicissitudines,
1321 4956 1442 5032 fierique
1465 4955 1538 5016 talia
1556 4956 1587 5014 in
1598 4954 1690 5033 globo
1704 4954 1794 5029 Solle,

443 5047 546 5126 qualia
569 5048 598 5106 iu
621 5045 711 5123 giobo
726 5045 863 5121 Telluris,
887 5046 1006 5125 mutatis
1028 5042 1191 5118 mutandis3
1213 5054 1247 5103 ut
1269 5060 1304 5103 ax
1327 5044 1437 5102 intimis
1458 5042 1523 5119 ejus
1544 5044 1704 5104 visceribus
1725 5041 1795 5103 binc

441 5133 510 5196 inde
532 5135 655 5196 nubium
676 5134 832 5195 simulacra
852 5132 941 5216 (quae
964 5141 1032 5192 sunt
1053 5132 1175 5193 lorsitau
1197 5138 1278 5192 atrae
1300 5126 1449 5211 iuligioee)
1471 5132 1632 5208 exspirent,
1656 5146 1794 5192 ooneum·

441 5231 533 5304 taque
552 5239 658 5285 aarum
677 5223 815 5300 ιοοιοοίο,
837 5220 889 5286 lux
910 5222 1054 5306 parium,
1077 5236 1154 5308 quae
1174 5221 1257 5304 prins
1278 5216 1336 5282 iiiiv
1357 5217 1481 5282 moniis
1505 5223 1588 5286 nant
1609 5224 1720 5300 uctre,
1741 5215 1795 5286 iat
