4459 6275
864 820 993 881 280
1343 800 1352 808 ⁵
1855 811 2139 883 Epitomes
2175 800 2559 869 Astrouomiae

863 1001 1038 1054 sonte
1084 990 1203 1068 OS,
1249 1009 1287 1050 a
1332 1008 1450 1068 qua
1496 982 1710 1068 incipit
1747 991 2173 1069 crepusculum.
2266 990 2364 1050 Ea·
2398 990 2673 1049 statuitur
2724 986 2950 1061 16,18
2997 985 3092 1046 vel
3150 986 3224 1044 19
3274 978 3580 1060 graduum,

2124 1086 2191 1138 ut
2233 1077 2385 1138 libro
2431 1079 2618 1154 primo
2667 1073 2887 1133 dictum
2932 1081 2992 1133 et
3034 1080 3200 1149 parte
3232 1071 3445 1148 quinta
3486 1066 3577 1126 di·

2087 1173 2294 1226 cetur
2338 1162 2607 1241 amplius.
2698 1163 2981 1222 Assumto
3025 1161 3201 1237 igitur
3232 1158 3286 1218 N
3330 1154 3503 1216 nadir
3530 1162 3585 1213 et

2135 1254 2183 1313 1.
2225 1251 2364 1330 polo
2412 1249 2676 1322 australi,
2724 1251 2774 1308 si
2809 1247 3122 1335 declinatio
3168 1253 3259 1306 est
3302 1243 3583 1314 autumn,

2105 1342 2192 1401 et
2236 1338 2547 1399 altitudine
2593 1335 2749 1396 Solis
2808 1338 2866 1393 in
2921 1333 3354 1412 hemisphaerio
3404 1330 3583 1390 infero

2009 1464 2014 1469 -
2134 1425 2231 1487 OS
2296 1434 2493 1500 tauta,
2557 1431 2778 1500 quanta
2839 1429 2930 1482 est
2988 1422 3162 1482 uobis
3222 1416 3584 1497 profunditus

2131 1513 2318 1588 Solis,
2387 1512 2482 1573 vel
2526 1515 2577 1571 si
2622 1509 3123 1588 septentrionalis,
3183 1512 3457 1567 assumto
3498 1503 3585 1563 la·-

2132 1608 2255 1661 tere
2330 1603 2390 1658 in
2468 1598 2731 1659 verticuli
2807 1596 3126 1661 excedente
3199 1591 3586 1671 quadrante—

2134 1696 2190 1747 et
2264 1685 2697 1765 hemisphaerio
2772 1701 3021 1762 supero,
3113 1682 3425 1759 quaeritur
3490 1694 3589 1756 per

2134 1772 2458 1836 doctrinam
2502 1773 2684 1850 partis
2741 1774 2965 1848 primae
3010 1770 3094 1830 'n
3156 1767 3250 1829 vel
3301 1766 3587 1841 A‘1,dt-

2132 1865 2351 1922 stantia
2396 1859 2551 1921 Solis
2607 1878 2645 1919 a
2688 1860 2994 1918 meridiani
3051 1854 3429 1918 semicirculo
3472 1852 3588 1912 illie

2134 1950 2423 2022 inferiore,
2450 1947 2548 2022 ΡΙ,
2576 1948 2676 2023 qui
2702 1947 2873 2006 nobis
2898 1944 3139 2006 denotat
3160 1941 3429 2003 medium
3450 1958 3589 2000 noe·

2135 2039 2231 2112 tis,
2281 2036 2377 2096 hic
2421 2037 2758 2112 superiore,
2804 2033 2934 2113 ΡΑ,
2981 2033 3083 2110 qui
3127 2032 3309 2091 nobis
3350 2028 3591 2090 denotet

2130 2123 2465 2195 meridiem,
2520 2129 2580 2182 et
2623 2129 2996 2198 comparatur
3040 2137 3176 2180 cum
3228 2117 3380 2178 hora
3433 2124 3591 2175 ortus

2131 2211 2320 2284 Solis,
2383 2210 2460 2269 ab
2494 2209 2697 2268 eadem
2745 2207 2939 2269 media
2987 2214 3160 2266 nocte
3207 2205 3307 2265 vel
3352 2202 3593 2265 meridie

2132 2304 2455 2359 numerata.
2532 2295 2820 2372 Exempla
2863 2302 3001 2354 sunt
3044 2302 3213 2371 parte
3258 2293 3491 2370 quinta.

1057 2384 1231 2461 Quae
1273 2392 1357 2444 est
1399 2387 1896 2462 crepusculorum
1927 2389 2194 2447 varietas
2225 2403 2343 2461 per
2384 2386 2517 2445 loca
2561 2391 2618 2443 et
2660 2391 2964 2460 tempora,
3011 2397 3348 2441 causarum
3396 2386 3595 2439 astro-

874 2473 1264 2531 nomicas-mn
1307 2474 1623 2548 respectu?
1687 2476 1740 2533 1.
1790 2474 1857 2534 ln
1901 2474 2154 2551 sphaera
2199 2480 2358 2533 recta
2404 2470 2744 2548 crepuscula
2788 2476 2925 2529 sunt
2971 2469 3319 2535 brevissima
3364 2475 3431 2526 et
3472 2474 3593 2525 toto

876 2575 1051 2632 anno,
1101 2556 1298 2634 quoad
1345 2576 1553 2619 causas
1598 2560 1834 2637 quidem
1880 2561 2183 2633 coelestes,
2227 2560 2346 2620 sere
2391 2556 2683 2635 aequalia.
2772 2556 2945 2618 Nam
2956 2554 3061 2616 Sol
3104 2556 3165 2613 in
3202 2554 3593 2632 aequinoctiis

874 2643 1199 2705 secundum
1256 2646 1658 2706 rectitudinem
1721 2646 2014 2708 verticalis
2060 2647 2256 2708 circuli
2305 2647 2598 2719 ascendit,
2650 2642 3031 2705 coincidentis
3076 2660 3208 2703 cum
3256 2650 3595 2719 aequatem,

876 2739 944 2791 ut
977 2733 1252 2792 ascensio
1297 2750 1468 2793 arcus
1512 2734 1817 2812 eclipticas
1860 2737 2011 2795 inter
2039 2736 2399 2796 horizontem
2444 2741 2502 2793 et
2531 2731 2732 2792 Solem
2776 2730 3040 2808 aequalis
3070 2731 3148 2789 sit
3189 2729 3322 2806 ejus
3352 2727 3597 2806 profun-

880 2818 1068 2879 ditati.
1159 2822 1218 2879 2.
1268 2818 1336 2877 Iu
1386 2819 1639 2896 obliquis
1684 2821 2029 2899 longissima
2075 2828 2211 2883 sunt
2257 2823 2500 2895 aestiva,
2547 2820 2895 2880 brevissima
2940 2817 3185 2878 hiberna
3230 2814 3595 2894 crepuscula,

878 2913 1246 2983 augeturque
1291 2908 1682 2985 inaequalitas
1729 2919 1789 2970 et
1817 2918 2194 2987 utrorumque
2238 2906 2546 2987 longitudo
2593 2924 2724 2967 cum
2769 2909 2899 2985 ipsa
2929 2905 3054 2982 poli
3096 2902 3432 2978 altitudine.
3502 2902 3595 2963 Fu

879 2995 1033 3054 enim
1077 2994 1480 3070 rectaugulum
1526 3011 1598 3054 ex
1642 2996 1857 3058 circulo
1905 2997 2020 3058 diei
2066 2995 2369 3072 naturalis,
2414 2996 2734 3068 horizonte,
2784 2992 3067 3066 verticaii,
3113 2992 3216 3052 ubi
3264 3006 3440 3051 arcus
3482 2990 3595 3051 clr-

880 3080 1015 3156 culi‚
1065 3087 1224 3142 recto
1255 3078 1409 3156 Qos
1445 3082 1780 3165 subtensus,
1823 3084 2013 3162 maj0r
2059 3092 2149 3148 cst
2192 3102 2330 3146 arcu
2378 3081 2672 3143 verticalis
2721 3079 2816 3143 OS
2861 3097 2966 3142 seu
3012 3078 3439 3157 profunditate.
3524 3074 3595 3138 Bt

881 3167 1373 3246 quemadmodum
1435 3185 1615 3246 penes
1677 3188 1786 3232 nos
1838 3172 1942 3234 Sol
2000 3175 2056 3232 in
2120 3174 2362 3233 aestivis
2418 3172 2601 3247 signis
2664 3169 2953 3240 celeriter,
3014 3171 3073 3226 in
3126 3168 3390 3228 hibernis
3436 3163 3594 3226 tarde

882 3258 1129 3333 acquirit
1172 3255 1543 3317 altitudinem
1592 3259 1689 3328 16,
1739 3261 1815 3319 18
1863 3261 1956 3321 vel
2008 3263 2083 3322 19
2130 3259 2434 3337 graduum,
2480 3260 2565 3316 ita
2610 3260 2785 3316 etiam
2832 3258 2890 3314 in
2930 3254 3366 3331 hemisphaerio
3414 3252 3595 3314 altero

883 3342 947 3402 iit
1002 3342 1116 3401 hoc
1177 3345 1235 3399 in
1280 3344 1545 3419 partibus
1601 3343 1805 3405 iisdem
1865 3349 2001 3406 anni
2046 3350 2166 3420 sui,
2231 3362 2383 3422 quae
2441 3353 2635 3404 tamen
2682 3361 2812 3403 cum
2862 3345 3164 3402 contrariis
3229 3343 3368 3402 anni
3415 3341 3596 3400 nostri

884 3428 1148 3504 partibus
1195 3428 1547 3489 coincidunt.
1637 3430 1703 3489 In
1749 3436 1989 3493 aestivis
2035 3436 2209 3509 igitur
2253 3433 2435 3507 signis
2482 3430 2585 3491 Sol
2629 3430 2794 3491 tarde
2839 3430 2904 3489 fit
2948 3438 3068 3489 tam
3110 3429 3473 3507 profundus,
3535 3435 3597 3487 ut

885 3515 1210 3594 crepusculi
1258 3516 1450 3576 luccm
1496 3520 1848 3594 exstinguat,
1895 3523 1951 3580 in
1997 3520 2254 3580 hibernis
2300 3517 2584 3579 celeriter.
2678 3521 2735 3577 3.
2784 3518 2907 3578 Sub
2940 3517 3251 3579 altitudine
3294 3515 3421 3596 poli
3469 3513 3595 3587 4⁷⁰,

889 3599 1003 3660 48⁰
1049 3601 1145 3662 vel
1195 3601 1307 3662 50⁰
1351 3603 1694 3680 crepuscula
1737 3607 2073 3667 solstitialia
2117 3609 2416 3683 pernoctia
2460 3613 2612 3664 sunt.
2708 3605 2938 3666 Ablatis
2987 3608 3140 3665 enim
3194 3607 3304 3678 19,
3382 3605 3459 3663 18
3504 3602 3595 3662 vel

895 3690 972 3748 16
1019 3689 1301 3766 gradibus
1349 3708 1420 3750 ex
1466 3693 1751 3752 maximae
1798 3694 2199 3754 declinationis
2246 3693 2401 3754 Solis
2449 3689 2619 3775 237.²
2667 3692 3094 3769 complemento
3144 3686 3335 3773 ⁶⁶¹sv
3385 3697 3599 3751 restant

885 3775 969 3834 illi
1015 3793 1185 3837 arcus
1229 3776 1602 3837 altitudinum
1649 3780 1792 3856 poli.
1886 3781 1950 3839 id
1997 3780 2180 3840 multo
2212 3780 2541 3841 evidentius
2587 3788 2645 3840 et
2677 3780 2924 3855 longiori
2973 3787 3233 3855 tempore
3278 3779 3343 3837 tit
3374 3780 3435 3836 iu
3464 3777 3596 3837 alti·

888 3862 1087 3923 tudine
1132 3864 1252 3940 poli
1300 3864 1494 3924 adbuc
1538 3866 1763 3942 majori.
1855 3867 1947 3927 lta
1992 3868 2397 3928 brevissimum
2443 3870 2500 3925 in
2547 3874 2672 3926 toto
2719 3865 2935 3926 mundo
2999 3864 3438 3942 crepusculum,
3499 3880 3598 3941 per

887 3949 995 4010 has
1042 3952 1277 4029 quidem
1324 3953 1649 4028 positiones
1694 3957 2146 4031 astronomicas,
2195 3955 2375 4018 habet
2420 3955 2621 4015 hora'm
2674 3957 2726 4013 1.
2777 3956 2858 4029 4¹,
2914 3956 3013 4012 12'
3061 3953 3155 4014 vel
3212 3954 3326 4026 16¹,
3376 3953 3598 4028 longis-

887 4040 1097 4097 simum
1145 4056 1283 4098 vero
1327 4041 1634 4099 terminum
1680 4041 1905 4101 nullum
1950 4043 2144 4105 habet.

1880 4179 1992 4239 De
2039 4175 2593 4241 Climati'bus.

1072 4296 1222 4374 Quis
1265 4305 1349 4357 est
1384 4302 1766 4376 praecipuus
1810 4317 1958 4359 usus
2002 4299 2315 4360 doctrinae
2360 4302 2430 4361 de
2474 4301 2679 4361 diebus
2736 4300 3199 4377 artificialibus?
3267 4300 3599 4360 Astrouorni

894 4399 1114 4459 eosque
1160 4388 1344 4445 secuti
1391 4388 1715 4463 geographi
1764 4387 2129 4463 superficiem
2173 4387 2389 4448 Terrae
2444 4387 2811 4464 distinguunt
2864 4391 2924 4446 in
2986 4387 3224 4446 climata
3282 4388 3601 4448 secundum

895 4473 1248 4532 incrementa
1278 4472 1411 4538 diei.
1461 4474 1654 4551 adque
1694 4473 1798 4533 illa
1828 4476 2082 4536 referunt
2112 4476 2483 4552 apparentias
2514 4476 2817 4549 coelestes,
2864 4483 3406 4548 commemorantes,
3454 4491 3601 4552 quae

897 4557 1013 4616 illis
1060 4559 1293 4620 diversa
1352 4561 1673 4621 secundum
1720 4562 1883 4622 aliud
1932 4569 1990 4622 et
2034 4561 2193 4621 aliud
2243 4561 2415 4622 clima
2460 4568 2812 4639 competant.
2901 4561 3016 4620 Pro
3077 4578 3147 4621 eo
3194 4564 3383 4638 enim,
3448 4560 3603 4639 quod

894 4647 953 4703 in
998 4647 1371 4707 reconditiori
1418 4651 1779 4710 astronomia
1822 4652 1908 4710 sic
1952 4650 2261 4726 loquimur,
2309 4651 2418 4709 sub
2462 4650 2575 4709 hac
2605 4648 2701 4709 vel
2748 4646 2851 4706 illa
2879 4647 3003 4723 poli
3034 4647 3367 4725 altitudine,
3414 4659 3603 4710 astro-

893 4735 1159 4879 ιιοῖιιίῃει
1199 4736 1557 4881 gleographi,
1614 4739 1803 4815 magis
1860 4737 2223 4814 populariter
2267 4746 2326 4796 et
2372 4754 2503 4796 cum
2552 4734 2730 4812 vulgo
2776 4734 3062 4808 locuturi,
3124 4734 3326 4797 dicunt
3388 4738 3450 4796 in
3494 4737 3603 4797 hoc

898 4838 971 4880 ve
1039 4822 1056 4878 i
1107 4838 1142 4881 o
1187 4825 1439 4883 cimate.
2548 4847 2559 4859 ·

1071 4909 1245 4985 Quae
1270 4918 1354 4969 est
1382 4913 1546 4968 ratio
1590 4913 1860 4970 nominis
1888 4909 2120 4980 hujus?
2169 4912 2438 4983 Κλιματα
2469 4928 2506 4969 a
2553 4912 2759 4971 κλινειν
2804 4909 2971 4984 quasi
3006 4908 3428 4969 inclinamenta
3454 4908 3605 4968 dieta

897 5003 1032 5052 sunt
1078 5013 1180 5071 pro
1229 4996 1345 5055 illis
1389 4995 1582 5073 plagis
1615 4997 1941 5070 Terrarum,
1989 4987 2140 5073 quae
2185 5016 2221 5055 a
2269 4997 2412 5056 locis
2456 4999 2567 5056 sub
2616 5003 2932 5073 aequatorc
2981 4995 3168 5056 veluti
3197 4996 3341 5055 solis
3390 5006 3601 5056 rectam

898 5088 956 5138 et
999 5080 1267 5142 libratam
1292 5082 1594 5159 planitiem
1642 5083 2016 5155 habentibus,
2065 5092 2129 5141 ut
2174 5086 2388 5160 quibus
2435 5095 2679 5162 uterque
2724 5083 2897 5160 polus
2940 5085 2995 5142 in
3043 5082 3349 5143 horizonte
3381 5093 3488 5159 est,
3531 5082 3599 5143 sd

896 5173 1204 5245 utrumque
1246 5169 1458 5317 t{tilulum
1513 5168 1774 5230 declives
1833 5188 1962 5231 esse
2023 5169 2330 5250 videntur,
2385 5175 2471 5232 sic
2517 5181 2581 5231 ut
2639 5167 2907 5248 polorum
2966 5169 3115 5231 alter
3174 5169 3294 5231 illis
3340 5171 3597 5234 elevatus

899 5270 1029 5315 esse
1072 5272 1246 5317 cerna
1311 5273 1357 5316 r.
