4459 6275
908 786 1120 858 manorum
1136 791 1165 843 et
1181 786 1326 846 waimari
1737 789 1798 853 tit

438 976 490 1027 tur
513 965 634 1043 sphalio
662 982 699 1028 cx
721 961 758 1025 0⁰
780 961 821 1048 Θ
846 972 876 1053 et
898 965 1107 1026 observatione
1136 968 1194 1025 ists
1216 972 1360 1040 conecto,
1391 965 1417 1024 si
1444 962 1481 1024 ds
1503 979 1584 1024 novo
1606 965 1803 1025 constituatur

439 1054 553 1132 epocha
575 1062 675 1114 motas
696 1052 786 1112 medii
809 1058 839 1112 in
862 1054 1023 1128 creatione,
1054 1054 1106 1114 illa
1134 1053 1182 1113 bia
1203 1052 1429 1113 necessitatibus
1455 1055 1562 1112 innexa
1591 1054 1668 1111 ultro
1691 1070 1801 1131 appro-

433 1145 560 1220 pinquat
583 1144 639 1218 ipsi
662 1138 697 1199 0⁰
719 1145 763 1216 ἦ,
788 1158 828 1200 sc
851 1157 945 1217 usque
974 1144 1004 1200 in
1027 1140 1062 1200 4⁰
1084 1143 1138 1201 43‘
1163 1141 1216 1223 ᾖ,
1249 1140 1359 1201 recedit
1388 1141 1426 1200 ab
1456 1157 1508 1214 ea,
1540 1156 1630 1216 quam
1657 1139 1801 1201 observa·
1909 1140 1915 1151 '

432 1232 528 1290 bones
550 1237 609 1288 tres
633 1228 764 1304 reliquae
790 1228 989 1289 Ptolomeicne
1012 1229 1274 1290 conformaverunt.
1335 1275 1343 1285 .

527 1315 601 1375 Cum
624 1317 713 1390 igitur
737 1317 957 1375 observationes
974 1316 1136 1376 Ptolemaei
1159 1333 1225 1375 oum
1240 1314 1328 1386 aliae,
1352 1322 1413 1374 tum
1435 1315 1594 1391 praecipue
1609 1314 1697 1373 etiam
1712 1312 1800 1375 Jovie

432 1404 492 1462 sint
517 1409 660 1478 maeatae
673 1405 773 1462 'variis
788 1404 1014 1479 suspicionibus,
1039 1405 1239 1463 comestionis
1254 1403 1368 1478 epocha
1384 1401 1551 1463 verisimilis
1566 1403 1596 1458 in
1613 1397 1649 1459 0⁰
1660 1400 1710 1480 ᾖ,
1733 1408 1800 1462 ten·

434 1500 499 1550 tata
523 1508 559 1549 ea
589 1490 646 1549 fuit
675 1496 705 1549 et
726 1489 793 1549 loca
816 1492 835 1548 i>
858 1492 980 1566 antiqua
1010 1490 1079 1550 binc
1101 1499 1285 1568 computata,
1319 1506 1395 1567 qnae
1417 1506 1490 1549 sane
1511 1491 1589 1547 intra
1611 1483 1647 1546 2⁰
1669 1496 1699 1547 et
1721 1485 1799 1571 2¹5⁰

434 1595 495 1637 non
525 1586 723 1652 assequuntur
744 1577 826 1650 ilios,
856 1594 931 1654 quos
953 1578 1142 1638 Ptolemaeus
1164 1577 1306 1655 prodidit,
1329 1577 1368 1636 nd
1390 1576 1540 1655 Piycltonis
1567 1575 1711 1651 principia
1734 1592 1801 1634 cor·

438 1672 544 1723 rectus.
591 1665 633 1723 At
664 1665 734 1739 qnia
763 1682 815 1741 per
844 1666 1065 1725 observationes
1088 1665 1250 1739 Waltlreri,
1281 1683 1333 1742 per
1361 1663 1416 1723 bas
1438 1666 1518 1739 ipsas
1541 1665 1663 1740 paginas
1686 1678 1800 1722 summo

437 1753 541 1811 labore
564 1759 594 1810 et
616 1750 781 1810 vindicatas
803 1753 842 1810 ab
865 1753 1010 1813 erroribus
1029 1755 1091 1831 typi
1114 1755 1431 1828 instrumentorumque
1454 1759 1484 1810 et
1506 1756 1708 1825 computatas,
1736 1766 1801 1810 cer·

437 1840 542 1901 tissimi
572 1836 729 1911 reddimur,
761 1842 888 1899 maxime
917 1841 1035 1917 quidem
1067 1835 1159 1920 ini),
1191 1857 1247 1901 neo
1267 1840 1360 1900 multo
1388 1840 1483 1899 minus
1513 1836 1665 1897 evidenter
1694 1839 1723 1895 in
1751 1831 1799 1918 11,

436 1928 507 2004 quin
533 1926 622 1985 etiam
645 1927 675 1984 iu
707 1930 751 1999 ὅ,
782 1936 915 1986 motuum
938 1927 1099 1989 mediorum
1124 1945 1190 1987 esse
1213 1926 1342 2004 aliquam
1367 1924 1606 2002 inaequalitatem
1629 1923 1800 1996 secularem,

435 2031 512 2093 quae
537 2012 575 2072 ub
599 2012 717 2090 apbeiio
740 2031 927 2092 nequaquam
950 2013 1066 2094 pendet,
1091 2016 1161 2093 quid
1184 2017 1273 2092 igitur
1288 2014 1484 2093 impediverit,
1505 2012 1575 2072 huic
1595 2011 1803 2089 inaequalitati

437 2099 563 2162 seculari
580 2100 786 2161 transscribere
804 2100 935 2162 deiectus
958 2102 1023 2162 iilos
1047 2102 1152 2163 calculi
1177 2111 1308 2180 tempore
1330 2101 1494 2162 Ptolemaei
1520 2094 1613 2179 1¹i20,
1646 2093 1690 2173 2⁰,
1714 2093 1800 2181 272⁰,

433 2197 464 2251 ot
489 2195 619 2264 tempore
636 2186 773 2269 Dionysii
799 2185 888 2269 1¹i20,
912 2192 1007 2265 iisque
1031 2190 1149 2269 insuper
1163 2190 1281 2264 habitis,
1308 2190 1435 2266 arripere
1460 2188 1541 2246 volut
1557 2204 1671 2245 sacram
1685 2186 1799 2245 anebo-

432 2294 496 2336 ram
522 2291 706 2335 eommunem
729 2274 810 2335 illum
836 2277 944 2337 iontem
967 2285 1101 2337 motuum
1117 2280 1261 2352 omnium,
1284 2285 1426 2353 puncta
1448 2272 1688 2334 cardinalia?
1723 2271 1799 2334 Nam

436 2364 488 2440 qui
510 2361 568 2420 boc
590 2360 699 2438 lecerit,
723 2360 749 2423 is
771 2362 1001 2425 admonitionem
1024 2367 1219 2426 transmittere
1242 2367 1338 2442 possit
1360 2362 1398 2423 ad
1415 2369 1557 2442 posteros,
1581 2359 1651 2436 quid
1668 2367 1799 2438 tempore

434 2450 574 2528 Dionysii
596 2449 779 2524 addendum,
811 2450 882 2526 quid
906 2461 1037 2530 tempore
1061 2451 1227 2513 Ptolemaei
1256 2447 1350 2534 (sicut
1381 2450 1438 2510 hoc
1467 2451 1562 2526 ipsum
1592 2464 1648 2523 ego
1669 2447 1747 2508 iacio
1770 2449 1801 2506 in

434 2536 631 2613 aequinoctiis
655 2536 693 2596 ad
717 2544 849 2615 tempora
866 2538 1053 2617 Ptolemaei),
1074 2540 1183 2616 jubens
1207 2541 1295 2599 etiam
1319 2546 1481 2599 ceterorum
1502 2537 1690 2612 sequentium
1711 2552 1799 2597 seeu-

436 2627 532 2685 lorum
561 2640 698 2684 excessus
727 2624 774 2685 vei
798 2624 928 2686 deiectus
959 2625 1021 2706 (qui
1052 2627 1170 2704 quidem
1194 2645 1246 2705 per
1269 2634 1348 2686 totos
1371 2626 1550 2687 eccentricoa
1574 2618 1802 2703 conspiciantur)

435 2718 593 2786 annotare,
625 2710 800 2790 tandemque
824 2730 889 2788 eos,
923 2717 973 2789 qui
997 2715 1103 2775 victuri
1125 2722 1209 2788 sunt,
1232 2731 1269 2775 ex
1292 2713 1425 2791 pluribus
1448 2710 1563 2772 idoneis
1585 2707 1748 2771 defectibus
1772 2716 1801 2771 at

434 2799 606 2860 excessibus
634 2798 803 2859 circularem
825 2808 855 2860 et
878 2799 1041 2866 ordinatam
1063 2800 1293 2874 restitutionem,
1319 2799 1414 2878 qualis
1437 2798 1538 2878 procul
1563 2797 1653 2857 dubio
1676 2805 1734 2883 est,
1753 2797 1801 2854 in·

436 2889 583 2963 vestigare
599 2889 785 2963 numerisque
802 2887 965 2967 explicare:
989 2890 1060 2965 quin
1076 2892 1175 2964 etiam,
1199 2892 1225 2949 si
1241 2887 1326 2948 aliter
1341 2887 1401 2947 lieri
1419 2893 1555 2963 nequeat,
1571 2890 1685 2945 mutata
1701 2892 1801 2944 motus

436 2974 604 3047 celeritate,
628 2975 725 3049 ipsum
747 2977 836 3034 otiam
858 2974 914 3037 hoc
936 2985 1068 3037 noenum
1092 2977 1225 3039 seculum
1248 2976 1278 3034 iu
1302 2992 1423 3041 excessu
1445 2972 1493 3034 vel
1512 2973 1627 3033 deiectu
1644 2970 1800 3036 collocare.

521 3058 589 3119 Hoc
612 3062 707 3141 ipsum
732 3079 787 3140 ego
811 3061 861 3121 diu
884 3063 1068 3156 multqmque
1100 3063 1259 3125 meditatus
1282 3081 1348 3127 oum
1370 3063 1488 3125 omnino
1515 3062 1611 3121 iacere
1634 3061 1663 3118 in
1685 3057 1803 3120 Rudol·

438 3148 537 3227 phinis
560 3151 738 3225 statuissem,
761 3151 880 3210 retinuit
901 3169 947 3211 me
972 3161 1069 3212 tamen
1092 3152 1146 3213 iila
1167 3155 1232 3232 ipsa
1255 3149 1469 3224 consideratio,
1492 3147 1571 3226 quod
1594 3153 1743 3224 uteunque
1767 3146 1803 3209 de

436 3240 517 3296 i'onta
540 3245 673 3295 motuum
696 3239 725 3295 in
748 3240 865 3317 punctis
888 3237 1087 3316 cardinalibus
1109 3241 1154 3304 sis¹
1175 3241 1368 3313 certissimus,
1392 3237 1428 3298 de
1451 3245 1552 3297 nostro
1575 3243 1690 3311 tamen,
1722 3235 1752 3295 b.
1776 3252 1802 3296 e.

436 3322 608 3402 'l'yohonieo
632 3325 732 3386 seculo
755 3328 897 3386 incertum
919 3327 1041 3401 habeas,
1065 3329 1141 3387 sitne
1164 3326 1194 3387 id
1217 3325 1386 3406 ponendum
1408 3328 1437 3383 in
1460 3323 1671 3398 mediocritate,
1696 3330 1728 3383 ut
1751 3338 1803 3382 co·

432 3411 576 3488 gitabam,
600 3428 637 3469 an
660 3414 759 3489 potius
782 3416 811 3472 in
827 3413 929 3491 aliquo
953 3413 1001 3474 vel
1017 3431 1141 3476 excessu
1163 3414 1211 3475 vel
1227 3407 1352 3488 delectu,
1375 3411 1405 3473 b.
1421 3430 1447 3473 e.
1465 3429 1532 3473 eum
1549 3410 1649 3487 aliqua
1663 3410 1802 3488 prostba·

432 3498 570 3577 phaeresi
592 3497 733 3562 seculari:
764 3500 869 3577 quodsi
893 3501 966 3576 hoc,
995 3502 1058 3582 jam
1081 3502 1140 3562 hoo
1163 3503 1255 3563 etiam
1286 3500 1427 3561 incertius
1449 3501 1518 3574 erit,
1553 3505 1665 3575 quanta
1687 3516 1723 3559 ea
1746 3497 1801 3559 de·

434 3588 504 3646 beat
527 3603 600 3661 esse.
646 3585 680 3645 In
711 3588 769 3662 bac
798 3590 979 3665 cogitatione
1008 3587 1077 3649 dum
1100 3587 1206 3667 pedem
1228 3589 1306 3668 figo,
1335 3593 1521 3650 accesserunt
1550 3584 1801 3652 considerationes

434 3673 521 3746 aliae,
545 3690 659 3752 semper
683 3672 749 3753 plus
772 3671 836 3738 esse
859 3678 888 3736 in
913 3678 1073 3740 novatione
1089 3674 1228 3753 invidiae,
1252 3671 1341 3753 quam
1364 3675 1395 3736 in
1413 3674 1612 3752 negligentiaq
1635 3672 1801 3734 tremituros
1867 3673 1874 3686 “

433 3759 569 3835 artifices,
593 3761 618 3820 ei
641 3760 763 3822 desertis
777 3762 939 3825 Ptolemaei
963 3764 1231 3837 observationibus,
1255 3780 1425 3839 quanquam
1447 3778 1505 3821 non
1521 3760 1723 3831 limatissimis,
1746 3760 1802 3821 ob·

434 3845 652 3908 servationibus
668 3855 774 3925 tamen,
798 3850 978 3911 ratiunculas
993 3868 1130 3928 sequerer
1153 3859 1357 3914 controversas
1378 3852 1407 3908 in
1431 3850 1638 3910 constitutione
1654 3846 1803 3925 epocham

434 3938 461 3993 si
482 3943 598 4012 praeter
622 3941 751 3996 omnium
774 3938 939 3999 seculorum
963 3936 1203 3999 consuetudinem
1228 3936 1381 4015 repudiato
1404 3954 1492 4000 sensu
1520 3931 1800 4013 (observationibus)

434 4020 473 4083 ad
496 4024 648 4096 rationem,
673 4042 749 4099 quae
773 4027 836 4086 sine
859 4043 946 4086 sensu
970 4043 1061 4085 coeca
1084 4033 1128 4088 est
1150 4023 1199 4104 (ad
1224 4025 1353 4102 epochas
1370 4021 1547 4103 creationis),
1571 4040 1617 4082 me
1633 4024 1800 4099 reciperem.
1856 4031 1859 4036 '

434 4109 532 4169 Subiit
555 4118 585 4169 et
601 4109 682 4185 iilud,
707 4130 813 4189 mogun
837 4130 903 4173 cum
920 4112 1092 4173 detrimento
1118 4113 1343 4173 existimationis
1358 4110 1492 4172 laborum
1513 4127 1643 4172 meorum
1659 4109 1802 4186 conjunc·

436 4204 498 4256 tum
521 4198 573 4270 iri,
604 4200 629 4256 si
665 4197 778 4277 iderint
806 4202 983 4274 astronomi,
1012 4198 1211 4260 Ptolemaioas
1243 4199 1466 4260 observationes
1497 4198 1619 4258 nimium
1641 4195 1802 4259 reclamare

434 4302 519 4343 meae
542 4283 685 4346 audaciae
708 4289 737 4345 in
761 4287 926 4364 arripiendo
950 4295 1082 4347 motuum
1106 4289 1236 4348 omnium
1259 4288 1357 4362 tonte;
1379 4289 1423 4346 sic
1437 4286 1514 4346 enim
1530 4286 1668 4357 futurum,
1693 4291 1726 4344 ut
1749 4282 1801 4344 ubi

436 4381 495 4430 tres
518 4374 692 4449 superiores,
715 4376 815 4435 invitis
838 4374 1001 4436 Ptolemaei
1026 4375 1293 4446 observationibus,
1317 4372 1355 4433 ad
1374 4381 1484 4452 puncta
1508 4371 1668 4434 cardinalia
1682 4372 1801 4448 penitus

435 4476 515 4518 ame
531 4458 644 4536 alligari
670 4460 804 4535 viderint,
827 4469 872 4521 tot
894 4471 992 4522 motus
1007 4462 1085 4522 Solis
1108 4470 1139 4521 et
1160 4462 1330 4522 inferiorum
1352 4462 1531 4540 aequissimo
1547 4459 1719 4520 Ptolemaeo
1738 4458 1802 4535 jam

435 4545 574 4622 alligatos
597 4563 633 4606 ex
656 4546 735 4608 hisce
758 4550 963 4609 communibus
986 4550 1070 4609 velut
1093 4549 1259 4610 carceribus
1283 4566 1420 4610 cursuum
1443 4565 1558 4608 rursum
1574 4548 1718 4620 emittant,
1741 4562 1802 4605 rem

435 4652 476 4694 sc.
500 4635 595 4711 ipsam
619 4644 815 4711 contemnant,
840 4642 869 4696 et
891 4636 927 4696 de
951 4637 1051 4696 iraudc
1074 4637 1209 4698 adbibita
1228 4644 1398 4714 suspectam
1417 4636 1561 4710 babeant,
1585 4640 1615 4696 et
1630 4633 1803 4714 propinqui·

436 4728 527 4780 tatem
550 4721 684 4796 fontium,
709 4740 785 4799 quac
809 4721 998 4783 nibilominus
1021 4732 1065 4783 esi
1089 4723 1268 4803 spectabilis,
1293 4725 1375 4783 casui
1398 4721 1706 4798 renascebantur.
1730 4736 1803 4779 con-

437 4811 535 4869 cursui
558 4812 723 4869 necessario
748 4828 783 4871 ex
807 4810 931 4871 diversis
956 4820 1087 4871 motuum
1111 4814 1270 4890 principiis,
1294 4828 1352 4871 non
1375 4817 1531 4887 procurato
1556 4810 1592 4870 de
1613 4807 1767 4870 industria.

523 4894 611 4971 Quod
635 4898 723 4972 igitur
746 4898 900 4958 commodo
926 4898 1100 4959 discentium
1125 4900 1314 4975 veritatisque
1338 4898 1443 4958 saltem
1466 4901 1581 4958 eminus
1603 4894 1804 4958 ostendendae

436 4984 497 5053 fiat,
522 4983 694 5044 conclusum
717 4993 797 5046 esto:
820 4987 919 5045 vincat
935 4985 1124 5047 Ptolemaeus
1147 4989 1176 5046 in
1200 4985 1413 5047 constituendis
1429 4986 1550 5065 epochis
1572 4993 1601 5045 et
1624 4986 1726 5044 vincat
1748 4998 1803 5042 suo

435 5069 582 5147 periculo,
613 5072 789 5149 respondeat
816 5054 951 5133 nimiruin
981 5076 1045 5151 ipae
1068 5075 1232 5152 Dionysio,
1262 5074 1439 5151 respondeat
1467 5076 1529 5133 suis
1556 5075 1620 5149 ipse
1653 5069 1802 5131 nonnullis

437 5160 619 5233 observatis,
643 5160 821 5238 respondeat
844 5160 1024 5238 Albstegnio
1048 5161 1084 5221 de
1106 5165 1165 5221 situ
1188 5161 1316 5239 apbelii3
1347 5159 1525 5239 respondeat
1546 5177 1613 5220 cnm
1635 5162 1717 5238 ipse,
1741 5163 1803 5217 tum

438 5262 541 5307 ornnes
564 5250 733 5322 astronomi,
757 5256 903 5326 quotquot
917 5248 956 5310 ad
978 5249 1056 5310 bano
1071 5267 1165 5327 usqne
1179 5248 1257 5309 diem
1274 5252 1419 5326 vixerunt,
1443 5247 1649 5330 respondeant,
1672 5249 1805 5326 inquum,¹
