4459 6275
515 792 576 853 titt
810 798 814 807 '
1034 787 1174 846 umenti
1191 786 1327 846 tacturas

515 971 681 1043 competere
711 960 826 1046 prohat)
855 965 953 1042 inepte
982 968 1126 1044 assignari
1152 967 1182 1025 in
1214 974 1324 1044 puncto
1353 965 1452 1045 aliquo
1473 965 1695 1038 mathematico,
1728 964 1866 1044 panaba

513 1068 619 1130 corpus
641 1050 863 1124 nobilissimum,
886 1050 938 1112 sed
959 1055 1058 1130 potius
1080 1055 1110 1113 in
1133 1054 1198 1132 ipso
1221 1070 1341 1133 corporo
1362 1055 1561 1128 nobilissimo,
1584 1051 1664 1131 qnod
1686 1054 1733 1112 sis
1756 1050 1864 1113 notris

513 1156 573 1200 non
596 1146 693 1217 potest
714 1137 838 1219 residere
860 1140 890 1198 in
912 1148 1021 1218 puncto
1043 1140 1250 1202 mathematico
1273 1140 1364 1223 (quod
1392 1159 1423 1201 re
1445 1157 1517 1202 sera
1539 1140 1612 1200 nihii
1634 1137 1708 1221 est),
1736 1136 1791 1201 aed
1813 1154 1865 1198 rs-

512 1226 602 1305 ‚quirit
634 1242 756 1305 corpus„
781 1228 915 1286 nimirum
948 1243 997 1288 cor
1026 1226 1144 1304 sunndi,
1177 1227 1285 1289 Solem
1331 1227 1445 1289 Deinde
1477 1238 1706 1289 consentaneum
1736 1234 1864 1289 mensas

513 1311 636 1388 videtur,
660 1313 802 1391 cujusque
823 1313 958 1391 planetae
981 1323 1093 1374 motum
1114 1333 1166 1393 per
1189 1333 1220 1375 sc
1243 1314 1405 1395 simplicem
1428 1333 1492 1376 ease
1514 1333 1568 1376 nec
1589 1312 1765 1376 ahaltariua
1779 1320 1865 1375 motu

512 1401 728 1479 quovismodo
757 1401 893 1479 pendere.
936 1400 1007 1463 Jam
1030 1420 1121 1478 sero,
1154 1409 1181 1461 ai
1203 1411 1300 1463 motus
1329 1404 1506 1481 reliquorum
1527 1402 1713 1480 planetarum
1740 1417 1801 1463 non
1822 1398 1862 1459 ad

511 1490 608 1568 ipsum
630 1487 745 1561 Solem,
766 1488 819 1548 aed
841 1487 879 1549 ad
902 1500 1033 1550 cenuum
1055 1490 1136 1551 orbis
1157 1487 1285 1551 'l'eiluris
1306 1492 1570 1568 assignaverimus,
1600 1498 1635 1549 ut
1655 1489 1727 1551 iacit
1747 1487 1865 1565 cuper·

511 1579 613 1649 ulcus,
644 1574 811 1653 pendebunt
840 1593 944 1642 eorum
962 1586 1060 1637 motus
1090 1586 1213 1637 amoto
1236 1577 1353 1638 Terrae.
1398 1577 1525 1637 Mutatio
1547 1577 1673 1653 apogael
1693 1575 1775 1636 Solis
1796 1574 1865 1654 (ιιι

512 1665 612 1741 potins
632 1663 742 1740 spheili
755 1661 873 1744 Terrae)
896 1673 928 1723 ut
950 1672 979 1724 ei
1001 1667 1126 1726 mutatio
1149 1667 1373 1726 eccentricitatis
1395 1666 1460 1742 ejus
1481 1665 1520 1743 (ιι
1535 1662 1623 1723 modo
1643 1681 1679 1723 ea
1691 1662 1756 1723 ulia
1770 1661 1864 1738 esset)

512 1757 638 1810 mutarat
658 1758 787 1810 centrum
809 1751 984 1827 reliquorum
1007 1752 1202 1829 planetarum.
1249 1750 1326 1828 Quid
1348 1752 1407 1812 iilis
1430 1769 1495 1811 com
1519 1750 1633 1811 Turni
1676 1750 1782 1809 Nonne
1804 1747 1864 1808 hoc

515 1846 560 1898 est
582 1845 677 1896 motus
705 1854 805 1897 eorum
828 1837 865 1896 sd
887 1838 995 1898 Terrae
1025 1848 1122 1898 motus
1145 1855 1234 1899 coeco
1257 1856 1401 1900 consensu
1430 1838 1566 1916 alligare,
1600 1845 1632 1897 ιιι
1654 1845 1741 1897 vatus
1763 1843 1862 1896 asho-

512 1926 610 1985 nomiu
625 1926 686 2001 pari
710 1941 804 1983 errore
820 1927 891 1985 iacit
912 1925 950 1984 nd
963 1925 1085 1986 Solem?
1107 1926 1172 2002 Ego
1195 1936 1272 1987 certe
1287 1945 1380 2005 aeque
1403 1924 1683 1995 absurdumiudico.
1729 1923 1864 1984 Tertium

513 2020 716 2089 argumentum
738 2009 858 2087 Kepleri
879 2011 936 2071 hoc
958 2019 1015 2073 est:
1038 2017 1063 2073 si
1087 2012 1283 2090 corpusSolis
1306 2031 1363 2074 ooo
1386 2021 1532 2074 statuatur
1554 2019 1685 2072 centrum
1707 2027 1862 2072 commuue

513 2101 626 2158 orhiusu
650 2097 815 2171 mobilium,
839 2098 891 2158 sed
914 2109 1043 2159 neutrum
1065 2102 1145 2159 urhis
1166 2100 1290 2172 Terrae,
1320 2103 1372 2162 liet
1393 2109 1426 2160 ut
1448 2117 1629 2161 communem
1652 2098 1734 2157 iilum
1756 2099 1862 2175 piane-

512 2194 604 2246 tarum
628 2185 735 2245 nodum
756 2185 820 2244 sols
838 2183 937 2245 'Pelius
960 2204 1013 2264 pro
1034 2205 1138 2246 norma
1159 2190 1205 2247 sni
1227 2196 1325 2249 motos
1347 2196 1450 2248 cauete
1476 2188 1629 2260 observet,
1657 2186 1764 2263 reliqui
1791 2185 1860 2245 hine

514 2272 594 2332 illinc
623 2275 661 2332 ah
684 2289 719 2331 eo
742 2272 812 2332 hant
834 2275 994 2335 noeentrici.
1039 2274 1179 2350 atquae
1210 2274 1298 2352 hujus
1321 2274 1499 2336 diversitatis
1528 2272 1639 2334 causa?
1684 2270 1856 2333 Absurduur

517 2359 641 2435 uidetur,
664 2366 697 2419 nt
717 2357 844 2419 'l'eilnris
866 2362 1064 2422 eccentricitas
1086 2360 1125 2421 ad
1148 2361 1248 2423 Solem
1270 2363 1425 2437 reierutnr,
1449 2377 1550 2421 omnes
1572 2358 1677 2438 reliqui
1709 2359 1747 2420 ad
1771 2357 1863 2420 alium

515 2463 696 2508 communem
719 2444 827 2506 nodum
848 2449 1014 2526 respiciant
1059 2447 1162 2527 Longe
1184 2449 1289 2509 melius
1311 2448 1470 2527 chlcrus,
1493 2451 1543 2527 qui
1566 2448 1695 2507 omnium
1718 2448 1861 2508 eooeutri·

514 2537 620 2596 citatos
642 2535 679 2596 ah
701 2552 759 2593 nno
779 2545 896 2614 puncto,
919 2535 997 2596 Solis
1020 2552 1151 2615 corpore,
1173 2536 1302 2597 deduxit.
1348 2535 1431 2613 Quae
1452 2534 1624 2615 hypothesis
1647 2551 1683 2596 eo
1705 2542 1861 2612 praeataa·

514 2623 571 2682 tior
594 2631 646 2696 est,
670 2623 747 2698 qnod
770 2620 934 2698 parnilnxes
957 2622 1035 2682 orbis
1051 2621 1205 2700 dupliciter
1219 2623 1390 2700 inaequales
1407 2623 1514 2683 reddit:
1537 2624 1672 2682 nimirum
1694 2639 1730 2683 ex
1743 2620 1864 2683 diversa

514 2709 652 2771 distantia
673 2727 693 2770 a
713 2707 782 2770 Sole
803 2717 866 2769 tum
887 2709 1023 2787 planetae
1044 2717 1107 2771 tum
1130 2709 1247 2771 Terrae.

601 2797 635 2856 iu
657 2796 853 2874 disputatione
876 2796 930 2856 VI.
954 2796 1020 2873 ,De
1049 2798 1133 2857 motu
1154 2797 1300 2859 siderum“
1332 2796 1405 2856 haec
1426 2796 1511 2856 stisrt
1531 2795 1723 2857 Horroociuaz
1755 2795 1862 2875 Magni

514 2883 595 2963 apud
618 2893 799 2945 astronomos
821 2883 880 2945 less
902 2900 1003 2944 omncs
1025 2891 1072 2944 est
1096 2883 1220 2960 volgare
1241 2883 1315 2944 iilud
1345 2886 1478 2956 axioma,
1508 2892 1607 2944 motus
1629 2883 1774 2944 coelestes
1796 2900 1864 2946 aaa

516 2971 670 3033 circulares
703 2971 750 3031 sel
781 2988 817 3031 er
844 2971 976 3047 pluribus
1007 2970 1196 3032 circularibus
1223 2974 1414 3048 compositos,
1446 2979 1477 3031 et
1507 2971 1545 3031 oh
1576 2971 1609 3030 id
1640 2979 1801 3049 perpetuos
1831 2980 1864 3033 at

515 3059 663 3136 aequales.
707 3057 802 3136 Supra
829 3057 905 3118 hanc
926 3057 1156 3136 philosophiam,
1188 3067 1311 3136 excepto
1337 3061 1424 3117 unico
1444 3056 1590 3136 Keplero,
1619 3074 1795 3139 progressus
1816 3065 1864 3120 eat

515 3163 610 3209 nemo.
654 3146 757 3206 Verior
779 3145 899 3223 Kepierl
920 3148 1067 3207 sententia
1088 3153 1148 3218 cst,
1173 3164 1249 3223 quae
1271 3146 1373 3219 docet,
1403 3143 1477 3206 tales
1500 3146 1624 3207 drenioa
1646 3147 1676 3205 in
1699 3145 1785 3208 coelo
1806 3163 1864 3210 uec

518 3251 549 3297 rs
580 3250 649 3294 vera
678 3249 756 3307 esse,
788 3248 884 3310 neque
912 3249 1012 3295 eornm
1041 3233 1213 3296 confictione
1244 3251 1318 3314 opns
1349 3250 1413 3293 esso
1435 3236 1562 3293 omnlino.
1608 3231 1706 3295 Causa
1727 3242 1864 3295 motus·

517 3319 666 3383 stellarum
689 3337 759 3381 sera
781 3327 825 3380 est
846 3319 981 3399 physica:
1005 3320 1056 3381 Sol
1079 3337 1183 3400 nempe
1206 3322 1396 3382 conversione
1417 3322 1463 3379 sui
1487 3322 1615 3400 corporis
1641 3319 1772 3397 reliquos
1793 3321 1863 3400 pla·

517 3416 601 3471 usim
622 3405 737 3485 legibus
758 3409 928 3486 magneticis
949 3425 1050 3470 secum
1077 3410 1154 3486 rapit
1176 3411 1206 3468 in
1227 3426 1348 3487 gyrum,
1377 3423 1435 3467 non
1465 3407 1551 3469 aliter
1572 3425 1660 3486 qnam
1682 3407 1777 3470 'I'srra
1797 3409 1863 3470 Isu-

516 3514 593 3568 uam,
616 3497 708 3556 nuhes
731 3495 894 3571 etreliqua
914 3499 944 3554 in
967 3493 1059 3557 altum
1081 3496 1215 3573 projectu
1235 3497 1401 3573 magnetica
1422 3495 1478 3555 hac
1493 3498 1599 3556 virtuto
1621 3513 1721 3557 secum
1735 3498 1865 3558 meura-

516 3583 607 3659 sehit,
630 3591 662 3642 ιιι
683 3581 848 3643 doctissime
869 3584 975 3661 prohat
996 3582 1152 3660 Kepierus.
1197 3583 1324 3643 (ιιιιιιιιι
1345 3590 1444 3643 autem
1466 3584 1690 3643 ecoentricltatis
1710 3582 1789 3644 maie
1811 3580 1864 3665 (ut

517 3670 589 3731 mihi
612 3669 739 3744 ridetur)
760 3669 857 3730 tradit.
901 3670 987 3730 Iliam
1010 3687 1065 3747 ego
1088 3670 1167 3729 lihris
1189 3672 1371 3747 maguntinis,
1395 3669 1540 3744 quasillo
1563 3671 1592 3728 in
1608 3672 1781 3747 corporibus
1795 3671 1864 3749 pta·

515 3767 651 3819 netarum
679 3756 777 3835 lingit,
810 3756 993 3818 tribuendum
1021 3774 1078 3816 uon
1109 3774 1229 3829 conseo,
1260 3755 1311 3815 scd
1340 3759 1459 3815 inertiae
1487 3773 1586 3816 eornm
1609 3758 1767 3834 corporali,
1801 3775 1864 3835 qua

514 3846 612 3907 locum
634 3862 718 3906 suum
742 3847 814 3905 tueri
838 3852 979 3905 conantur
1006 3844 1148 3903 adsersus
1171 3845 1317 3903 fortiorem
1339 3841 1418 3902 Solis
1441 3845 1576 3903 virtutem
1579 3885 1715 3904 .....
1760 3845 1863 3906 ldotua

515 3934 663 3995 stellarum
686 3950 771 3993 serrrs
794 3950 851 3993 uon
875 3931 970 3991 solum
993 3931 1079 3991 nohis
1101 3931 1266 4007 inaequalis
1288 3937 1423 4007 apparet,
1453 3930 1504 3989 aed
1527 3939 1556 3989 ct
1586 3933 1628 3990 ita
1657 3949 1687 3992 re
1711 3949 1783 3992 sera
1805 3941 1861 3993 est

515 4022 548 4081 in
572 4038 607 4082 eo
631 4019 805 4094 ditissimus,
829 4037 974 4095 quaenam
997 4019 1084 4094 hujus
1107 4019 1326 4093 inaequalitatis
1348 4020 1385 4077 sit
1401 4034 1500 4076 canan.
1545 4017 1606 4077 Nos
1621 4017 1862 4097 Kepieriani,

514 4107 655 4187 exemplis
685 4108 751 4168 siha
776 4106 878 4167 multia
907 4106 1084 4179 confirmati,
1111 4113 1234 4166 naturae
1264 4107 1319 4182 ipsi
1351 4121 1425 4181 opos
1447 4104 1504 4164 hoo
1530 4104 1699 4181 delegamus
1729 4113 1759 4166 et
1781 4106 1863 4167 Solis

515 4200 652 4258 uirtutem
673 4197 876 4272 mguetlcam,
900 4203 960 4253 tam
982 4192 1083 4253 multis
1095 4194 1301 4269 experimentis
1321 4192 1549 4269 comprobatam,
1571 4192 1776 4269 inaequalitati
1792 4195 1863 4255 hnic

515 4283 678 4362 prasaidm
701 4283 921 4343 constituimus:
949 4281 993 4339 iili
1017 4279 1234 4359 (Copemicani)
1257 4283 1286 4339 in
1308 4280 1384 4340 dctis
1407 4288 1436 4340 et
1458 4282 1662 4339 commentitiis
1684 4280 1864 4342 circulorum

516 4372 691 4449 amhagibus
713 4387 831 4430 cansam
852 4369 960 4428 irnstra
982 4376 1155 4444 quaerentes
1177 4367 1275 4427 inutili
1296 4367 1430 4428 molestia
1451 4384 1515 4428 seso
1537 4376 1690 4442 torquent,
1723 4385 1781 4430 nee
1803 4387 1863 4429 an·

517 4476 605 4536 quam
627 4474 693 4519 sese
714 4460 854 4518 sauiaare
876 4454 985 4529 valent,
1008 4458 1130 4516 contuso
1152 4454 1325 4517 circuiomm
1347 4454 1513 4532 labyrintho
1534 4458 1650 4531 penitus
1672 4458 1818 4532 oppressi.

600 4546 684 4605 Hace
704 4552 772 4604 suut
793 4562 839 4615 sa,
861 4541 953 4604 lector
974 4542 1112 4617 candide,
1135 4561 1212 4620 quae
1235 4542 1306 4602 mihi
1327 4549 1410 4602 erant
1431 4539 1572 4601 adsersus
1595 4542 1769 4603 circulorum
1791 4562 1863 4621 pes·

513 4633 667 4694 lectionem
691 4628 871 4704 disserenda,
896 4648 972 4706 qnae
993 4633 1019 4690 si
1041 4629 1196 4708 diiigenter
1218 4628 1391 4702 attenderis,
1415 4629 1533 4688 minime
1555 4628 1674 4703 dubito,
1704 4633 1777 4706 quin
1798 4632 1863 4708 jam

513 4738 626 4781 mecam
648 4719 765 4792 sideaa,
794 4718 911 4794 quantis
933 4720 963 4775 iu
985 4719 1113 4779 tenehris
1136 4720 1157 4776 il
1179 4725 1348 4789 versantur,
1376 4717 1427 4792 qul
1448 4715 1583 4791 neglecta
1605 4718 1731 4777 naturali
1752 4736 1863 4779 causa·

512 4824 576 4869 rum
599 4808 802 4886 disquisitione
824 4803 897 4864 nihil
918 4821 1009 4881 snpra
1029 4804 1084 4865 has
1103 4821 1200 4882 nugas
1220 4803 1348 4863 student.
1392 4801 1577 4862 Admonsndi
1590 4804 1680 4878 igitur
1701 4813 1772 4865 snut
1794 4817 1863 4866 stu·

512 4894 597 4970 diost,
620 4897 672 4975 qui
696 4895 858 4966 radiatam,
880 4908 939 4952 non
960 4893 1175 4967 antiquitatem,
1198 4898 1351 4969 quaerunt,
1372 4898 1407 4950 nt
1427 4906 1446 4949 a
1469 4891 1635 4949 vanissimis
1656 4890 1739 4954 hisee
1762 4897 1862 4954 mrsu·

511 4983 607 5045 ιοιιιι
639 4979 890 5061 ιριοιιιιοιίιιιι
921 4981 1036 5040 animos
1067 4995 1138 5039 suos
1167 4986 1340 5039 resonarent
1378 4984 1408 5036 et
1442 4975 1482 5036 ad
1512 4976 1732 5054 philosophiam
1764 4983 1862 5057 magis

511 5070 675 5134 aamraiesn
697 5075 906 5129 moment
949 5066 1067 5143 lagani
1089 5064 1317 5126 eruditissimum
1338 5072 1468 5123 ιιοιιιιιιιι
1492 5061 1708 5125 Gilhertum
1732 5066 1863 5144 inPhy·

512 5158 638 5238 aulegia
658 5174 715 5220 sna
736 5153 775 5215 da
795 5161 939 5231 mqnets,
961 5155 1063 5232 legant
1075 5151 1235 5230 Kepieri
1250 5152 1468 5213 astronomiam
1481 5149 1640 5227 Physicam
1654 5154 1685 5212 in
1699 5154 1863 5215 commen·

512 5237 1706 5319 uaatsmotauardsstt'puonensijsuoaumtsscmantssase,
1739 5250 1862 5304 etnoa
