4459 6275
921 783 1129 852 Begiomontani
1147 790 1176 841 66
1193 744 1334 843 waltheri
1740 793 1804 855 7¹11

459 955 480 1022 ῼ
505 955 679 1023 2604005,
704 955 750 1012 166.
775 963 846 1028 6666.
871 958 978 1027 4020,
1007 956 1345 1025 6601666661125061.
1381 957 1435 1015 Sed
1463 959 1521 1014 15.
1545 966 1610 1029 6666
1628 968 1717 1018 ortum
1736 961 1807 1019 86116

451 1034 541 1103 666166
560 1034 646 1102 gradu
663 1028 734 1090 Solis
752 1051 835 1105 super
855 1038 902 1093 100
921 1038 964 1092 150
984 1045 1030 1104 )(,
1052 1036 1197 1092 ridebatur
1222 1036 1243 1104 ῼ
1267 1038 1376 1093 270100
1398 1042 1443 1102 z,
1467 1052 1528 1092 cum
1549 1038 1685 1110 1666666.
1704 1041 1805 1098 40100.

452 1111 595 1167 8661666111
613 1121 727 1182 6666666
743 1114 924 1184 66666666166
944 1114 1017 1168 86116
1035 1130 1089 1169 666
1108 1116 1174 1171 66616
1192 1115 1290 1186 fortes,
1309 1116 1358 1172 sed
1374 1114 1504 1194 possibile
1522 1124 1576 1188 666,
1596 1118 1687 1174 radios
1704 1118 1805 1176 refrac-

451 1197 495 1244 tos
513 1191 585 1245 circa
601 1190 769 1246 horizontem
785 1191 860 1246 illam
879 1191 1059 1248 differentiam
1076 1208 1229 1262 generasse.

538 1264 622 1325 Haec
632 1282 691 1325 666
703 1270 890 1344 corrigamus
913 1267 989 1327 Num
999 1271 1094 1345 prima
1104 1269 1271 1330 observatio
1283 1286 1350 1328 vere
1362 1270 1525 1329 testabatur
1537 1269 1572 1330 de
1583 1266 1641 1330 260
1654 1267 1748 1355 5401,0
1760 1273 1797 1354 ,ὅ

450 1352 512 1410 6166
535 1352 721 1428 66166661666,
744 1372 821 1432 6666
843 1356 881 1413 616
903 1354 1028 1431 61166666
1051 1359 1203 1432 momenti,
1227 1358 1297 1460 quia
1319 1352 1345 1435 Ω
1369 1362 1432 1415 6666
1454 1359 1528 1416 66616
1551 1357 1619 1418 6166.
1665 1358 1729 1418 Etsi
1752 1370 1810 1419 ar·'

451 1437 548 1498 millae
579 1434 706 1502 directae
736 1460 789 1518 per
812 1442 934 1538 06616,
965 1442 1044 1519 quod
1075 1462 1199 1520 vergens
1231 1447 1261 1502 16
1284 1460 1421 1503 occasum
1449 1451 1569 1523 6666666
1599 1445 1803 1507 retractionem

450 1529 586 1604 66666616
600 1532 770 1606 6666666166,
795 1530 883 1607 66616
899 1547 950 1606 666
965 1532 1128 1606 veritatem,
1145 1550 1203 1608 quo
1219 1533 1337 1611 6666166
1353 1529 1455 1591 Venus
1471 1532 1524 1590 1616
1539 1532 1670 1592 66661511
1682 1550 1802 1610 666666-

450 1615 507 1672 6166
530 1613 607 1675 61666
630 1612 687 1675 260
711 1618 751 1676 54
758 1611 807 1699 Ι1,0
830 1617 880 1696 ᾖ.
925 1616 1075 1679 Ρ66666166
1096 1575 1264 1678 observatio
1288 1624 1332 1678 est
1355 1617 1433 1678 iacta
1455 1636 1507 1696 per
1529 1616 1585 1699 O,
1615 1621 1709 1679 66161
1731 1638 1826 1698 pro-e·

449 1703 542 1778 prium
554 1703 687 1779 assignes
698 1703 805 1785 locum,
829 1704 930 1764 Venus
952 1703 1085 1781 spectata
1100 1704 1213 1767 dicetur
1235 1706 1264 1765 16
1285 1699 1406 1765 270220
1420 1709 1464 1781 ᾖ.
1503 1704 1562 1767 Sed
1585 1705 1718 1782 6616861
1734 1715 1802 1786 post

448 1788 549 1848 boram
573 1808 661 1860 uuam
683 1791 813 1853 noudum
837 1801 881 1851 666
903 1791 977 1850 11566
1000 1793 1039 1851 65
1062 1794 1140 1852 omni
1153 1794 1335 1872 refractione,
1359 1794 1387 1850 16
1404 1799 1467 1852 6666
1485 1810 1555 1853 6666
1578 1802 1700 1871 6666666
1714 1795 1802 1856 616166

448 1883 478 1935 66
504 1877 535 1933 16
558 1877 771 1953 antecedentia,
796 1897 887 1956 quare
911 1880 999 1939 etiam
1014 1877 1115 1939 Venus
1139 1899 1190 1958 666
1211 1880 1307 1941 16666
1323 1879 1402 1941 86116
1424 1881 1577 1940 retractum
1592 1888 1725 1960 spectata
1747 1883 1802 1943 1616

449 1969 517 2023 6666
549 1961 608 2026 270
631 1964 683 2024 220
711 1967 762 2047 ,6.
813 1967 889 2026 Ecce
920 1974 952 2025 66
981 1971 1177 2028 concurrerint
1206 1968 1326 2029 61166666
1358 1967 1563 2027 661666616666
1592 1969 1740 2028 6616666116
1771 1977 1801 2030 66
1912 2000 1919 2009 ·

447 2049 646 2126 occidentalis,
671 2059 700 2112 ct
722 2071 781 2113 una
804 2071 869 2113 cum
891 2057 1073 2130 promotione
1089 2052 1213 2115 Veneris
1237 2073 1307 2116 6666
1329 2056 1359 2112 16
1381 2055 1459 2114 horis
1476 2056 1570 2115 tribus
1593 2054 1706 2114 dimidii
1728 2074 1799 2133 gra·

447 2137 501 2197 dus
533 2137 687 2200 discrimen
718 2140 879 2214 effecerint,
911 2138 989 2217 quod
1013 2142 1231 2203 observatorem
1261 2145 1289 2200 16
1313 2140 1535 2202 admirationem
1563 2145 1661 2204 traxit.
1707 2142 1798 2205 Recte

445 2226 544 2302 itaque
566 2226 692 2301 sactum,
724 2228 803 2305 quod
826 2226 898 2287 illud
922 2228 1076 2288 discrimen
1099 2233 1252 2290 excusavit
1274 2248 1326 2307 per
1348 2229 1558 2289 refractionem.
1605 2229 1720 2306 Collige
1742 2247 1798 2308 ego

444 2329 480 2372 cn
510 2312 623 2373 calculo
652 2313 689 2375 661
718 2315 747 2375 16.
774 2318 801 2376 6.
831 2318 1005 2375 matutinam
1035 2316 1132 2377 locum
1161 2313 1186 2396 Ω
1217 2319 1246 2375 166
1278 2312 1462 2397 2701016,
1490 2316 1551 2376 1166.
1575 2313 1611 2374 40
1634 2315 1685 2379 310
1711 2325 1796 2395 6666,

443 2398 541 2461 adhuc
557 2400 676 2462 (1666616
692 2401 895 2506 scrupulorum
910 2404 1078 2480 auctiorem,
1104 2422 1194 2480 quam
1207 2403 1297 2464 babet
1312 2398 1466 2464 6661116616
1482 2404 1658 2482 6566666616,
1688 2422 1794 2482 quem·

443 2486 603 2549 admodum
624 2506 660 2550 cx
681 2491 772 2567 661661
795 2508 904 2557 mense.

513 2574 691 2639 Martiod.
708 2579 736 2637 3.
760 2596 846 2638 mane
868 2586 936 2655 6666
959 2586 1054 2638 ortum
1077 2575 1156 2638 Solis
1179 2596 1203 2639 c.
1227 2577 1256 2636 h.
1273 2572 1335 2660 701,
1357 2578 1454 2656 666166
1470 2576 1571 2641 8616·
1563 2595 1593 2636 66
1616 2574 1721 2638 22060
1749 2580 1796 2658 66,
1898 2632 1900 2637 .

443 2662 509 2722 6166
538 2661 690 2744 666916
716 2659 914 2730 60150...00000
960 2664 1192 2743 8606616861
1221 2667 1319 2726 verius
1349 2667 1378 2723 16
1402 2667 1453 2724 22.
1481 2667 1518 2724 17
1548 2665 1676 2745 661616,
1708 2683 1798 2742 quere

443 2751 530 2810 ctiam
554 2749 580 2833 9
603 2753 687 2812 166.
711 2755 836 2818 26.0.00..”
856 2753 986 2814 refertur.
1031 2753 1063 2815 Si
1085 2770 1156 2813 6666
1180 2753 1313 2813 661666616
1337 2752 1448 2829 aliquid
1471 2755 1572 2813 666616
1595 2751 1673 2827 8611,
1700 2753 1799 2814 666166

443 2837 617 2912 6566666666
628 2839 711 2899 16666
723 2842 861 2900 66666166.
907 2840 1052 2917 computo
1068 2839 1106 2899 ed
1122 2840 1198 2900 hanc
1220 2840 1322 2900 boram
1339 2842 1367 2900 6.
1385 2842 1426 2900 39
1441 2849 1511 2912 m,
1533 2839 1584 2899 lat.
1602 2835 1638 2898 20
1654 2838 1706 2899 580
1720 2848 1794 2918 6666

529 2926 585 2987 Die
611 2930 662 2986 ll.
686 2927 796 3002 Martii,
818 2926 892 2989 hora
914 2945 974 2988 una
996 2929 1146 3003 maturius,
1170 2929 1266 3005 posito
1291 2926 1412 2988 861616
1435 2925 1472 2986 00
1487 2927 1516 2986 30
1541 2927 1590 3000 Υ,
1613 2925 1716 2987 Venus
1732 2929 1798 2987 6166

443 3008 788 3082 66616130450..0000“..“
820 3016 912 3092 Atqui
938 3014 990 3076 861
1014 3023 1076 3075 6666
1103 3016 1133 3072 166
1150 3009 1251 3075 00160
1269 3015 1318 3090 Υ,
1343 3030 1411 3091 ergo
1434 3019 1458 3091 ῼ
1481 3017 1511 3071 16
1537 3011 1592 3072 130
1607 3014 1660 3073 580
1680 3023 1741 3079 0.0.0..0”
1763 3021 1793 3075 66

440 3102 570 3162 anterius
585 3102 658 3163 16666
673 3103 711 3163 65
727 3102 939 3163 661666616666.
974 3102 1039 3165 1666
1057 3096 1093 3162 20
1108 3100 1158 3162 150
1168 3109 1253 3180 sept,
1269 3119 1335 3163 cum
1348 3119 1403 3179 ego
1415 3109 1581 3179 computem
1595 3097 1649 3164 13⁰
1662 3099 1714 3163 540
1722 3111 1793 3183 x,
1886 3116 1891 3131 ·

439 3188 492 3247 lat.
516 3184 744 3274 20101,06666.,
768 3190 887 3251 denario
910 3193 1007 3252 minus
1030 3208 1119 3267 quam
1141 3192 1170 3249 16
1191 3192 1405 3264 656666661666,
1430 3207 1496 3249 cum
1518 3192 1655 3266 superius
1675 3195 1796 3250 666666-
1832 3200 1838 3207 ·

440 3275 507 3338 dem
530 3278 597 3355 6166
620 3278 767 3339 56566666.
812 3278 917 3355 Itaque
941 3277 1063 3339 dubium
1086 3288 1132 3338 est
1153 3277 1275 3354 661166,
1300 3280 1371 3355 6616
1393 3276 1450 3337 566
1472 3280 1510 3338 616
1533 3294 1568 3338 er
1592 3277 1665 3335 vitio
1687 3277 1797 3336 166666-

439 3366 546 3439 menti,
576 3364 613 3427 de
636 3384 694 3443 quo
717 3373 840 3427 testatur
862 3368 994 3427 auctor
986 3384 1049 3443 6666
1071 3365 1109 3425 ad
1136 3369 1185 3429 12.
1209 3367 1281 3428 Dec.
1305 3363 1536 3427 antecedentem
1582 3362 1796 3426 Testimonium

435 3452 500 3529 jam
522 3455 622 3514 statim
644 3453 842 3558 perhibebit
834 3471 899 3532 6666
921 3455 1099 3514 observatio.

525 3539 671 3602 Postridie
697 3543 790 3617 enim,
824 3544 923 3619 posito
945 3540 1074 3602 861616
1101 3537 1133 3598 10
1160 3540 1187 3600 10
1212 3519 1261 3616 Υ,
1294 3541 1361 3600 6166
1386 3546 1431 3599 666
1462 3533 1541 3619 916
1568 3534 1623 3598 140
1645 3536 1698 3598 450
1715 3548 1790 3615 mt

437 3625 588 3689 660861·
579 3646 608 3688 66
634 3624 788 3704 1016οΥ
816 3635 879 3691 erat
898 3628 1066 3707 ponendus,
1098 3645 1167 3706 ergo
1191 3625 1248 3707 ῼ
1240 3645 1270 3687 ur
1297 3624 1487 3690 15000
1427 3669 1488 3692 ...
1509 3633 1539 3687 66
1560 3626 1634 3687 16666
1662 3627 1792 3686 anterius

438 3713 1126 3793 6566166656666,666166666620150,
1157 3714 1318 3791 eademque
1349 3724 1378 3774 et
1399 3714 1503 3792 pridie.
1549 3714 1670 3774 Atrion
1692 3722 1793 3773 manet

437 3803 620 3863 invariabilis
650 3804 774 3863 latitudo
805 3803 861 3865 566
894 3806 952 3863 6166
984 3802 1132 3882 planetae.
1178 3802 1323 3880 Computo
1357 3803 1444 3879 igitur
1479 3799 1532 3860 140
1556 3797 1609 3861 500
1629 3809 1709 3881 m,
1739 3800 1792 3861 166.

441 3886 474 3949 10
498 3890 539 3949 54
611 3899 686 3951 666.

525 3887 839 4051 101666616601665,
866 3981 914 4037 17.
938 3976 1041 4051 Mart,
1071 3978 1169 4053 666166
1193 3973 1315 4035 861616
1340 3970 1374 4035 50
1397 3973 1450 4035 550
1475 3976 1524 4049 Υ,
1555 3975 1621 4035 6166
1644 3981 1689 4035 666
1711 3970 1768 4055 Q·
1761 3992 1791 4033 66

441 4058 497 4123 100
514 4064 648 4133 30000000
680 4065 741 4126 Sed
763 4068 789 4124 66
804 4064 854 4126 861
878 4066 917 4124 616
939 4068 968 4123 16
993 4020 1129 4145 60’01,11
1132 4063 1208 4138 Υο,
1233 4058 1364 4143 etist
1385 4063 1484 4121 veniet
1507 4079 1535 4120 66
1555 4061 1610 4123 130
1624 4058 1790 4143 4001,
1729 4104 1790 4126 a...

435 4159 466 4211 et
486 4151 631 4228 66686116
653 4153 1006 4213 retractionemanterius.
1045 4150 1109 4213 Lat.
1126 4157 1200 4228 sept.
1220 4143 1330 4212 10380.
1369 4149 1514 4227 computo
1537 4144 1780 4233 1904101,οΜ
1719 4190 1789 4224 m,
1832 4193 1839 4208 .

433 4241 486 4303 166.
512 4235 546 4301 10
569 4237 655 4321 200,
657 4239 666 4271 0

521 4236 676 4401 Permissio,
688 4326 757 4388 8616
768 4343 855 4403 66666
868 4322 902 4387 60
912 4325 963 4387 530
976 4328 1012 4400 Υ
1027 4328 1133 4402 666166,
1147 4324 1246 4385 Venus
1257 4327 1412 4385 aestimata
1424 4330 1467 4383 ast
1479 4331 1576 4383 tenere
1589 4316 1647 4384 200
1660 4320 1789 4398 150...,
1720 4332 1780 4353 000000
1853 4317 1860 4330 “

433 4413 485 4476 166.
505 4412 537 4473 10
553 4414 608 4475 300
619 4422 694 4491 sept.
733 4412 792 4476 Sed
808 4412 922 4475 861616
939 4408 974 4472 70
994 4408 1089 4495 1001,0
1106 4412 1143 4487 Υ
1162 4414 1268 4491 666166,
1285 4412 1386 4474 Venus
1401 4410 1522 4472 babebit
1538 4404 1596 4469 200
1612 4404 1779 4492 3201,00...

435 4501 580 4579 Computo
604 4497 662 4562 200
683 4501 735 4564 400
756 4512 832 4575 xz,
856 4502 907 4561 lat.
935 4495 968 4559 10
995 4502 1043 4560 120
1064 4509 1140 4576 6666.

522 4588 668 4665 Sequente
688 4592 736 4649 10.
749 4588 835 4648 Μ666.
853 4588 922 4648 8616
938 4590 966 4646 16
980 4583 1015 4645 70
1032 4588 1083 4648 550
1101 4588 1151 4661 Υ,
1175 4586 1277 4646 Venus
1293 4588 1357 4647 visa
1373 4586 1402 4644 iu
1419 4582 1476 4643 210
1488 4581 1539 4643 230
1554 4592 1635 4662 m,
1654 4600 1719 4643 cum
1734 4583 1788 4648 166

437 4678 464 4734 1.
484 4677 523 4735 23
537 4685 622 4753 6666
646 4677 698 4737 651
712 4675 804 4751 vides
828 4685 939 4735 motum
954 4692 1013 4735 666
1030 4676 1102 4735 5666
1117 4676 1339 4752 proportionari.
1376 4671 1452 4731 Nam
1467 4672 1505 4730 ab
1522 4673 1570 4729 11.
1587 4673 1616 4728 16
1636 4672 1684 4733 12
1699 4669 1786 4730 Μ666.

434 4762 554 4823 diurnus
577 4772 622 4824 est
645 4763 710 4838 600,
735 4772 962 4842 persequentes
987 4762 1049 4823 dies
1073 4764 1091 4821 5
1115 4770 1160 4821 666
1184 4764 1251 4834 570
1282 4769 1350 4820 6666
1373 4757 1558 4840 45066666
1581 4757 1701 4816 ultimus
1726 4755 1786 4835 620,

434 4850 514 4927 quod
536 4859 707 4928 argumento
731 4859 784 4925 666,
806 4852 845 4911 65
868 4850 989 4910 armillis
1010 4866 1068 4909 666
1090 4849 1244 4925 scrupulos
1266 4850 1401 4907 minimos
1425 4844 1593 4922 exigendos.
1641 4843 1786 4922 Computa
1910 4839 1917 4851 “

434 4954 489 5014 ego
514 4933 571 4997 210
594 4934 690 5020 3901,0
711 4947 786 5011 2132,
810 4955 878 4996 nam
900 4926 1606 5019 66116196661301,0661666166,166.1070,0.1

520 5025 656 5102 Denique
686 5028 738 5085 27
761 5026 862 5086 Martii
883 5027 981 5102 posito
1003 5023 1101 5084 8616·
1094 5042 1124 5081 66
1149 5022 1204 5083 150
1221 5022 1272 5081 500
1297 5024 1346 5096 Υ,
1370 5021 1528 5082 observata
1551 5027 1596 5080 est
1619 5018 1762 5080 Venus·
1753 5035 1785 5078 66

434 5107 493 5171 200
515 5115 568 5172 400
589 5124 665 5189 m
689 5112 740 5173 sed
764 5116 834 5196 6616
856 5111 994 5172 6151861
1018 5112 1092 5171 666·
1084 5129 1113 5170 66
1141 5107 1241 5170 16000
1259 5110 1307 5183 Υ,
1335 5126 1425 5185 quare
1448 5117 1477 5168 et
1500 5108 1668 5170 observatio
1691 5112 1785 5171 testa·

434 5198 512 5260 56666
534 5198 570 5261 de
593 5200 651 5261 200
673 5201 814 5267 50
746 5211 806 5231 00000
861 5200 1006 5278 06666666
1031 5192 1088 5259 290
1112 5197 1251 5262 510000000
1331 5236 1337 5241 -

518 5285 602 5350 Η666
624 5286 728 5352 ultima
749 5298 795 5352 est
816 5290 983 5351 observatio
1005 5283 1151 5350 waltheri
1171 5286 1248 5349 circa
1270 5282 1423 5346 Venerem.
1462 5356 1464 5361 Ι
