4459 6275
347 1931 547 2004 Admodum
570 1904 799 2020 Reverendie,
828 1932 1021 2005 illustribus
1048 1932 1248 2022 Generosis,
1276 1935 1501 2007 Nobilissimis
1532 1936 1700 2024 strenuis,
1745 2040 1747 2045 ,

350 2055 532 2128 Nobilibus
560 2055 792 2129 Prudentibus
820 2061 885 2130 cto.
926 2054 1089 2144 Dominis,
1117 2055 1377 2129 Archiducnins
1404 2057 1568 2130 Austriec
1596 2076 1701 2147 supro

490 2176 639 2250 0nosnm
665 2176 852 2250 Ordinibus
880 2181 945 2251 cic.
1000 2177 1153 2251 Dominis
1179 2179 1265 2251 mcis
1292 2177 1566 2252 Graiiosissimis.

440 2360 529 2438 Quod
548 2361 722 2438 jamdudum
743 2371 812 2441 poet
834 2363 912 2423 edite
925 2380 991 2425 mee
1013 2362 1049 2423 de
1073 2354 1316 2423 motibneetellee
1331 2361 1462 2422 Martie
1485 2316 1700 2438 commentario,

355 2448 550 2511 enedentibne
570 2452 673 2510 emicie
695 2453 891 2515 astronomiae
913 2452 1023 2527 peritie,
1046 2449 1179 2512 lectiterc
1200 2451 1292 2526 coepi,
1320 2458 1352 2509 nt
1372 2465 1481 2511 novem
1503 2450 1584 2512 illem
1606 2460 1703 2512 neiro-

352 2539 471 2599 nomiee
494 2537 550 2598 enb
571 2536 769 2616 Rndoipbc
792 2537 919 2601 Geeeere
949 2545 1129 2600 reeteuretee
1151 2536 1273 2597 iormem
1294 2535 1467 2613 compendio
1497 2538 1703 2615 complecterer

354 2625 562 2700 etminoribne
585 2627 670 2700 queri
684 2624 832 2686 enbeelliie
854 2625 1112 2701 accommodarem,
1136 2632 1177 2697 ut,
1200 2627 1269 2700 quio
1285 2640 1342 2685 non
1357 2623 1471 2684 felicius
1487 2624 1608 2686 discitum
1630 2626 1703 2687 beec

352 2714 497 2785 scientie,
521 2728 609 2790 quem
631 2714 666 2787 ri,
689 2715 742 2789 qni
762 2713 964 2790 imctumejne
987 2711 1079 2774 edulti
1100 2713 1408 2789 perciperecnpiunt,
1436 2712 1467 2771 io
1488 2729 1526 2774 ee
1544 2721 1703 2781 sementem

352 2802 437 2876 pueri
471 2800 598 2873 lecient,
629 2799 718 2860 eimnl
749 2798 794 2860 illi
824 2810 855 2861 et
883 2799 1025 2862 fecilitete
1051 2798 1317 2877 comprehensionis
1347 2807 1377 2859 et
1403 2799 1488 2875 pretii
1511 2797 1703 2861 diminutione

355 2888 503 2964 copieqnc
522 2887 606 2963 juote
627 2887 839 2965 exemplarium
856 2888 1045 2965 juberentur,
1070 2886 1098 2946 id
1113 2895 1183 2947 tnnc
1201 2880 1250 2946 ¹vol
1272 2887 1396 2948 mexime
1409 2885 1617 2963 perficiendum
1632 2886 1703 2947 mibi

352 2976 471 3049 cenent,
497 2981 656 3050 postquem
676 2977 866 3037 concereione
887 2974 936 3035 8¹·
963 2974 1014 3035 0⁸·
1037 2972 1101 3034 ld⁰¹
1135 2981 1164 3035 et
1185 2970 1361 3035 noernbtato
1383 2982 1491 3047 venue,
1514 2973 1703 3049 Proceree,

354 3060 493 3121 Lincinm
514 3059 691 3136 omnnem,
722 3062 799 3124 soree
820 3061 892 3122 mihi
913 3063 1092 3141 peteieotum
1115 3063 1151 3120 iri
1172 3063 1305 3139 eperevi,
1334 3059 1552 3122 Nobilieeimem
1576 3069 1703 3123 ventrem

354 3238 482 3297 beneito
502 3252 569 3299 mco
591 3255 691 3300 meree
720 3237 883 3299 studiorum
904 3255 1033 3299 meorum
1055 3235 1299 3316 publicendorum
1328 3253 1429 3298 omnee
1456 3239 1536 3299 inere
1557 3236 1702 3298 sobletee

356 3322 429 3384 Cum
454 3325 531 3385 enim
553 3323 718 3386 leborioeee
740 3341 799 3386 non
821 3328 918 3385 minue
941 3342 1029 3401 quem
1050 3332 1220 3386 enmtuooeo
1245 3326 1306 3384 eint
1327 3323 1469 3386 editiones
1490 3324 1701 3401 huiuscemodi,

352 3428 386 3471 cx
421 3429 485 3471 nne
503 3418 587 3489 perte
613 3412 760 3488 solitudo,
790 3429 826 3473 ex
855 3412 948 3475 eltere
979 3413 1074 3473 tonuie
1103 3429 1150 3472 ree
1172 3429 1239 3473 mea
1274 3410 1443 3473 difficillime
1472 3412 1542 3471 mibi
1574 3413 1704 3476 lecerunt

351 3497 520 3579 principie3
543 3500 702 3578 pepigique
715 3502 890 3561 oeceeeitete
904 3499 1072 3578 computrue
1087 3516 1154 3561 cum
1170 3497 1332 3577 bibliopola
1347 3498 1532 3577 Augurium,
1555 3509 1589 3560 nt
1603 3517 1703 3562 exem-

351 3584 438 3662 plum
461 3586 612 3663 Epitomee
634 3587 723 3665 bnjoe
753 3586 853 3649 ederet
881 3590 943 3648 onir
965 3587 1126 3661 enmtibne,
1158 3584 1237 3663 qnod
1260 3594 1289 3647 et
1316 3603 1348 3645 ee
1369 3587 1512 3648 lectorum
1535 3589 1645 3665 reecpit
1674 3595 1714 3647 et>

352 3674 513 3751 Epitomen
545 3673 622 3736 beno
651 3674 848 3736 nundinarum
872 3675 1161 3736 Frencoinrteneium
1197 3672 1333 3750 catalogo
1369 3681 1438 3735 onte
1471 3672 1545 3736 duce
1576 3674 1702 3752 empline

355 3777 452 3821 ennon
473 3762 605 3822 imeruit.
651 3761 845 3823 Commodum
867 3772 967 3823 eutem
988 3763 1158 3840 supervenit
1180 3760 1265 3821 nobie
1288 3756 1503 3840 typographus,
1533 3778 1592 3837 quo
1614 3779 1702 3838 pree·

354 3857 440 3908 rente
461 3848 534 3908 mibi
556 3851 735 3911 correctione
757 3853 822 3928 typi
848 3857 879 3910 et
899 3848 1054 3930 multiplici
1077 3847 1232 3910 relectione
1259 3850 1377 3926 eperevi
1404 3866 1451 3910 me
1473 3848 1646 3926 perfectiore
1674 3856 1703 3908 et

351 3934 554 3996 emendatiore
576 3938 675 3997 omnle
697 3936 902 3998 exhibiturum.
947 3937 1039 4014 Atqui
1062 3943 1164 3997 contre
1186 3934 1349 4013 bibliopola
1371 3954 1453 3998 meuc
1475 3937 1600 4013 greveri,
1623 3933 1704 4012 qnod

350 4021 447 4084 Lincii
470 4030 584 4083 enmtue
607 4031 706 4085 meent
727 4024 853 4086 iecicndi
877 4032 906 4085 et
928 4024 1055 4102 majorne
1077 4030 1108 4084 et
1123 4024 1288 4100 importuno
1304 4020 1379 4098 loon,
1402 4040 1498 4100 nequo
1513 4032 1609 4085 temen
1630 4020 1703 4083 mihi

349 4112 497 4171 remittere
520 4112 699 4191 pactionem,
721 4128 817 4188 neque
836 4113 896 4187 iuri
918 4129 973 4173 ono
996 4112 1032 4172 de
1054 4109 1156 4172 libello
1179 4107 1349 4171 excudendo
1373 4112 1552 4185 renunciare,
1575 4110 1702 4172 lectum·

348 4215 406 4274 qne
430 4199 665 4260 concuuontbur
686 4200 792 4273 veriie,
824 4207 857 4259 nt
870 4199 952 4263 boec
973 4199 1066 4261 eelim
1088 4199 1238 4258 doctrinae
1258 4197 1430 4275 epheericee
1458 4197 1548 4260 editio
1579 4213 1633 4260 nec
1655 4198 1702 4256 in·

348 4287 494 4362 ciperetnr
516 4293 584 4347 ente
605 4288 815 4363 eeequlennom
837 4303 856 4347 e
877 4289 1013 4364 pectione
1035 4294 1137 4348 noetre
1158 4294 1188 4347 et
1210 4286 1326 4363 incepto
1347 4285 1425 4347 ultre
1447 4302 1556 4346 ennum
1578 4285 1702 4347 alterum

348 4372 528 4447 traheretur,
552 4371 686 4450 adeoque
708 4375 764 4433 niei
788 4380 900 4452 portem
923 4380 1071 4436 motuum
1093 4375 1158 4451 ipre
1173 4373 1407 4449 suppediteeecm
1428 4389 1589 4452 operteque
1613 4388 1700 4447 quem

348 4462 435 4538 potui
456 4460 709 4523 commodieeimm
732 4457 804 4542 (etei
825 4461 963 4524 melioret
981 4456 1099 4541 opteri)
1124 4458 1337 4537 conduxioeem,
1360 4460 1529 4537 imperfecte
1544 4461 1702 4522 otiemnum

347 4555 479 4609 emittet
500 4547 600 4609 editio.

432 4635 500 4695 Non
523 4635 612 4697 debet
634 4643 732 4698 eutem
755 4635 867 4697 inutilis
890 4634 940 4697 rel
963 4639 1060 4697 otiose
1083 4633 1176 4696 rideri
1198 4636 1333 4711 repetitio
1349 4637 1408 4695 ieie
1427 4632 1576 4696 doctrinae
1591 4630 1701 4711 ephee·

344 4725 439 4796 ricae,
464 4725 549 4798 queei
572 4732 641 4801 poet
662 4732 793 4786 vetorum
809 4722 947 4797 Euclide,
972 4724 1065 4796 breti,
1090 4721 1266 4796 Cleomenis,
1290 4722 1416 4797 Gemini,
1439 4720 1545 4795 Procli,
1570 4720 1699 4780 uneonn

345 4812 569 4886 conceptiones,
602 4818 656 4871 ent
680 4820 748 4888 poet
768 4814 975 4884 recentiorum,
1007 4810 1187 4872 Sebrobooci
1212 4811 1347 4871 nimirum
1376 4817 1407 4869 et
1436 4807 1612 4869 infinitorum
1635 4807 1699 4882 cjue

345 4904 609 4959 commentatorum
638 4900 770 4976 interque
799 4916 852 4962 eoo
882 4898 1044 4958 doctieeimi
1075 4904 1105 4958 et
1139 4898 1333 4974 copioeieeimi
1365 4895 1566 4972 Cbrietopbori
1596 4894 1701 4968 Clevii,

345 4984 525 5046 Hertrnenni
548 4987 637 5047 etiem
660 4994 691 5047 et
712 4985 869 5064 Virdungi,
892 4986 1042 5046 Wnretieii
1065 4991 1095 5046 ot
1116 4984 1249 5054 Peuoori,
1273 4983 1511 5045 Schreekeniuxii
1533 4990 1564 5043 ct
1585 4980 1703 5041 Piccol·

345 5072 486 5147 hominei,
507 5072 642 5148 Bruceei,
665 5074 850 5149 Winebemii,
873 5072 1023 5133 Mecetlini
1045 5081 1075 5133 et
1095 5073 1248 5134 novieeimi
1264 5073 1393 5132 omnium
1408 5069 1492 5131 idetii
1504 5072 1701 5147 repetitiones,

345 5168 414 5237 pont
435 5160 627 5235 Peurbecbii,
659 5160 819 5223 Reinboldi
847 5167 878 5222 et
900 5159 972 5220 simi
994 5154 1168 5233 Theoricee,
1201 5175 1290 5219 cenea
1311 5157 1393 5217 nullo
1421 5164 1526 5230 restet,
1558 5174 1608 5216 cnr
1628 5156 1703 5218 haec

346 5247 481 5310 doctrine
504 5247 721 5327 compendiario
744 5248 840 5311 denuo
864 5246 1004 5311 metimur.
1049 5246 1124 5308 Nem
1140 5248 1242 5325 primo,
1267 5248 1322 5305 etei
1343 5242 1417 5305 nibil
1438 5245 1610 5305 ncceeeioeet
1633 5247 1702 5305 novi

1449 5346 1494 5406 80
