4459 6275
874 783 958 841 Liber
975 781 1092 841 Tertius.
1127 783 1196 841 Pars
1214 780 1348 842 Secunda.
1725 788 1788 850 stt

435 960 497 1021 disi
525 978 591 1022 cum
618 961 678 1023 ille
725 963 836 1025 eodem
865 963 953 1025 modo
980 962 1129 1041 quadrans
1156 981 1175 1023 a
1202 932 1311 1044 puncto
1338 963 1450 1024 oriente
1481 943 1558 1026 reiro
1589 968 1728 1022 extensus
1759 963 1790 1020 in

435 1048 572 1125 ecliptica
600 1049 698 1126 signet
727 1052 949 1129 nonagesimum
977 1050 1131 1131 eclipticae
1153 1050 1189 1110 N.
1214 1048 1397 1127 comparatis
1427 1052 1517 1127 igitur
1539 1052 1665 1110 invicem
1696 1046 1789 1127 eclip-

432 1138 510 1197 ticse
540 1139 731 1214 nonagesimo
759 1139 786 1198 N
815 1149 844 1199 et
872 1147 981 1218 puncto
1005 1138 1037 1197 Μ
1066 1137 1181 1198 eoelum
1209 1135 1369 1210 mediante,
1401 1139 1556 1199 innotescit
1586 1153 1670 1199 arcus
1698 1138 1790 1196 inter·
1890 1184 1892 1188 ,

434 1229 538 1302 septus
559 1221 630 1282 Nil.

484 1348 489 1358 ·
520 1308 658 1370 Secundo
680 1313 710 1369 in
733 1311 790 1371 hoc
813 1311 959 1389 triangulo
981 1311 1177 1387 investigatur
1198 1308 1276 1369 laius
1299 1312 1329 1368 in
1351 1309 1514 1371 meridiano
1538 1312 1600 1370 VM
1623 1313 1698 1371 inter
1720 1326 1789 1370 rer·

431 1398 522 1457 tieem
542 1396 574 1455 V
595 1405 627 1460 et
648 1398 812 1476 eclipticam
834 1398 876 1458 Μ.
921 1398 1000 1458 Dato
1023 1400 1101 1458 enim
1124 1397 1278 1473 eclipticae
1300 1406 1410 1474 puncto
1427 1398 1468 1472 ll,
1491 1398 1607 1459 coelum
1630 1396 1788 1470 mediante,

433 1483 521 1544 datur
542 1484 608 1561 ejus
631 1484 787 1546 declinatio
812 1485 884 1559 ΑΜ,
915 1503 1007 1563 quae,
1030 1488 1055 1544 ei
1078 1485 1315 1562 septentrionalis
1339 1485 1439 1560 luerit,
1463 1486 1579 1555 ablate,
1603 1489 1628 1546 77
1650 1485 1791 1546 meridio-

432 1571 525 1644 nalis,
556 1571 660 1632 eddlta
688 1571 726 1633 ed
755 1572 939 1633 altitudinem
966 1571 1029 1650 poli
1046 1560 1124 1647 is,
1154 1573 1307 1631 constituit
1336 1570 1505 1632 distantiam
1537 1573 1617 1633 illius
1638 1573 1791 1649 eclipticas

431 1660 535 1736 777777
556 1675 577 1719 a
598 1660 707 1722 vertice
732 1659 808 1735 Vll,
839 1659 965 1736 angulus
993 1676 1064 1719 vero
1091 1657 1171 1736 apud
1199 1661 1421 1734 nonagesimum
1452 1659 1607 1737 eclipticae
1632 1658 1719 1720 VNM
1747 1665 1792 1718 esi

432 1755 550 1806 7777777
578 1748 670 1806 tribus
698 1749 787 1823 igitur
817 1746 907 1820 datis,
940 1753 969 1807 et
991 1754 1127 1824 quartum
1148 1744 1251 1806 haberi
1273 1747 1397 1821 poterit,
1426 1746 1506 1806 letus
1535 1762 1576 1807 sc.
1605 1747 1635 1805 in
1658 1745 1790 1807 verticuli

433 1848 487 1893 een
511 1831 652 1915 distentia
672 1837 855 1912 nonagesimi
878 1853 896 1895 a
917 1835 1026 1895 vertice
1040 1833 1107 1908 NV,
1129 1831 1375 1914 complementum
1392 1840 1437 1893 est
1459 1832 1587 1896 altitudo
1609 1835 1792 1912 nonagesimi

433 1937 524 1999 super
547 1919 737 1998 hermonien,
760 1915 898 1983 mensura
918 1920 1019 1999 anguli
1042 1922 1179 1997 quaesiti.
1220 1987 1222 1991 ¹

854 2079 985 2158 Typus
1017 2077 1133 2154 hujus
1160 2092 1377 2153 processus.
1480 2135 1485 2146 ,

681 2215 783 2267 Oriainr
818 2249 1261 2268 ...........
1316 2213 1347 2263 70
1382 2215 1408 2263 δ’
1426 2215 1495 2277 virg.

683 2288 710 2335 ln
729 2284 864 2336 altitudine
881 2285 935 2349 poli
953 2320 1266 2337 ........
1301 2285 1344 2334 48.
1369 2285 1413 2338 24.

681 2355 747 2418 lingo
765 2357 880 2407 ascensio
898 2355 1004 2420 obliqua
1040 2390 1046 2404 .
1085 2390 1092 2404 .
1128 2391 1135 2403 .
1172 2391 1179 2404 ,
1217 2392 1223 2406 ,
1259 2355 1346 2404 ,148
1370 2355 1412 2408 81.

1191 2421 1269 2472 Aufer
1303 2426 1338 2474 70

681 2515 802 2563 Δ7777777
820 2518 888 2563 recta
903 2514 981 2562 medii
998 2509 1087 2562 coeli.
1125 2548 1132 2562 .
1169 2547 1175 2561 .
1213 2547 1220 2560 .
1258 2548 1265 2561 .
1300 2513 1343 2562 78.
1367 2507 1412 2563 ul.

682 2582 744 2634 Onm
761 2597 791 2633 eo
810 2583 906 2634 coelum
925 2582 1045 2632 mediet.
1082 2618 1088 2630 .
1125 2619 1132 2633 .
1169 2617 1176 2631 .
1214 2618 1221 2631 .
1258 2617 1264 2629 .
1318 2583 1344 2633 0.
1366 2584 1407 2633 st.
1429 2581 1527 2634 (iamin.

685 2657 757 2716 eujus
774 2653 909 2704 declinatio
949 2691 956 2704 .
993 2690 1000 2704 .
1037 2687 1044 2703 .
1082 2690 1088 2703 .
1126 2688 1133 2703 .
1170 2688 1182 2708 .,
1213 2687 1220 2699 .
1259 2687 1266 2700 .
1302 2653 1344 2702 20.
1368 2653 1412 2702 22.
1430 2657 1494 2714 sept.

684 2721 771 2773 ablate
788 2726 821 2773 ab
833 2722 967 2772 altitudine
987 2722 1041 2785 poli
1059 2719 1181 2786 relinquit
1216 2760 1223 2772 .
1260 2757 1266 2770 .
1302 2723 1346 2772 28.
1386 2723 1414 2772 2.

680 2792 736 2843 7777
752 2795 830 2855 igitur
846 2799 884 2843 eet
900 2791 966 2841 letne
984 2791 1041 2852 777,
1060 2794 1132 2853 enine
1149 2788 1268 2856 compl..
1303 2793 1345 2841 et.
1371 2792 1413 2842 778.
1432 2789 1541 2840 altitude
1559 2790 1597 2844 ii.

681 2862 725 2913 Sic
740 2877 758 2912 e
775 2896 1266 2916 ............
1322 2860 1353 2911 70
1389 2862 1413 2911 5⁴
1431 2859 1502 2923 Virg.

1198 2929 1271 2980 anien
1305 2933 1339 2982 90

685 3019 734 3068 7777
749 3021 927 3081 nonagesimus
944 3020 977 3067 ab
996 3024 1052 3067 ortu
1089 3059 1095 3071 .
1133 3055 1140 3069 .
1177 3054 1185 3070 .
1221 3057 1227 3070 .
1264 3000 1539 3070 ,Τῖῦοωίω

684 3089 837 3139 7177777777
854 3090 951 3140 eoelum
969 3089 1082 3139 medians
1135 3128 1142 3141 .
1178 3128 1185 3141 .
1223 3127 1229 3140 .
1266 3124 1272 3140 .
1326 3092 1352 3141 0.
1375 3093 1419 3142 tl.
1439 3087 1537 3142 demin.

686 3177 735 3225 erit
749 3174 816 3226 letne
834 3174 886 3229 MN
917 3212 1275 3229 .........
1328 3180 1352 3227 6.
1374 3179 1418 3228 24.
1437 3180 1542 3242 sineque

687 3246 894 3311 complementum
913 3282 1270 3299 .........
1307 3248 1349 3298 88.
1373 3248 1416 3297 us.

547 3313 618 3364 Hine
643 3322 802 3378 computatur
824 3316 892 3367 letus
915 3317 960 3366 VN
984 3317 1033 3365 elc:
1063 3315 1172 3365 altitudo
1194 3319 1282 3378 puncti
1305 3314 1401 3365 coelum
1420 3315 1556 3365 mediantis
1584 3313 1631 3366 61⁰
1648 3318 1700 3381 ⁶8⁴,
1726 3318 1797 3367 sinus

442 3384 544 3443 88277ς
569 3385 746 3447 complementt
767 3386 852 3436 leteris
870 3387 920 3436 MN
939 3384 988 3437 830
1005 3387 1047 3435 8770
1072 3387 1142 3434 sinus
1160 3387 1254 3437 esuri.
1290 3386 1397 3450 Diride,
1423 3388 1537 3449 quotiens
1562 3386 1705 3437 88820777
1727 3388 1797 3436 sinus

442 3454 491 3504 620
508 3455 561 3506 ³⁹¹.
598 3454 695 3504 Tantus
712 3462 750 3505 esi
767 3455 874 3518 angulus
890 3460 956 3506 iuter
973 3457 1125 3506 horizontem
1139 3462 1164 3505 et
1181 3454 1322 3519 eclipticam
1335 3457 1362 3504 ln
1381 3453 1410 3506 70
1427 3459 1451 3506 δ’
1470 3457 1591 3522 Virginis,
1611 3460 1715 3522 7777777
1727 3469 1797 3508 7777-

442 3522 599 3588 plementnm
616 3525 666 3576 270
683 3527 726 3576 21’
745 3526 863 3576 distantis
881 3526 1035 3587 nonagesimi
1052 3539 1070 3574 e
1085 3527 1188 3576 vertice.

533 3610 623 3689 Quae
643 3612 833 3674 7777777777
857 3617 990 3674 uarietas
1013 3616 1095 3673 circu
1114 3613 1197 3674 dunc
1212 3612 1388 3690 capulum?
1419 3614 1555 3693 Angulus
1570 3616 1626 3675 7777
1648 3631 1798 3691 nunqnam

442 3696 475 3757 flt
497 3697 594 3774 maior
615 3697 771 3760 altitudine
792 3704 893 3779 puncti
916 3700 1081 3761 solstitialis
1103 3703 1223 3773 aestivi,
1249 3718 1400 3778 uunquam
1415 3704 1510 3763 minor
1525 3701 1681 3762 altitudine
1696 3703 1798 3779 puncti

444 3783 612 3846 solstitialis
642 3785 766 3847 hiberni.
821 3787 905 3849 lilarn
935 3787 1166 3864 magnitudinem
1194 3788 1284 3848 habet
1313 3791 1424 3849 oriente
1452 3796 1562 3866 puncto
1590 3787 1799 3865 aequinoctiali

443 3873 611 3933 antumnali
632 3872 675 3953 (ip
697 3873 912 3950 hemisphaerio
931 3873 1051 3954 nostro),
1075 3875 1152 3935 hanc
1167 3878 1277 3937 oriente
1301 3886 1409 3954 puncto
1425 3876 1545 3936 vernali.
1583 3875 1799 3951 Nonagesimue

444 3967 491 4019 eet
512 3962 544 4018 in
567 3960 702 4021 orientali
724 3962 897 4039 quadrante,
923 3980 988 4024 eum
1010 3962 1173 4024 escendunt
1194 3966 1279 4040 signa
1294 3963 1544 4042 septentrionalia,
1568 3965 1598 4021 in
1614 3960 1799 4036 occidentali,

445 4063 513 4108 enm
534 4047 747 4112 meridionalia.
1316 4087 1319 4096 -
1545 4097 1548 4104 .

534 4133 682 4195 Eiinmue
702 4137 853 4197 verticulis
881 4154 952 4197 cum
979 4137 1115 4214 ecliptica
1141 4139 1268 4197 sectione
1297 4140 1476 4198 comitiatus
1498 4137 1634 4213 7777777
1653 4137 1727 4197 sotei
1749 4138 1801 4195 iu·

446 4219 555 4300 quiri?
590 4220 668 4283 Sane
690 4225 874 4285 necessarius
896 4233 940 4285 est
963 4226 1029 4301 ejus
1050 4242 1130 4296 usus,
1153 4226 1183 4283 in
1207 4223 1339 4285 doctrina
1360 4226 1516 4303 praecipue
1540 4222 1691 4301 eclipsinm
1713 4222 1801 4284 Solis.

537 4308 695 4387 07777777
716 4311 908 4389 inquiritur?
939 4310 994 4372 Vel
1017 4329 1054 4372 ex
1076 4310 1231 4383 altitudine
1253 4311 1351 4387 Solis,
1382 4314 1412 4371 in
1435 4310 1573 4389 ecliptica
1597 4328 1711 4389 semper
1730 4328 1801 4385 yer-

416 4463 420 4470 ,
446 4399 558 4470 sentis,
594 4396 642 4458 vel
676 4416 711 4457 ex
744 4398 884 4459 distantis
915 4402 1015 4476 puncti
1048 4402 1187 4461 sectionis
1214 4417 1234 4459 a
1261 4402 1467 4477 nonagesimo,
1501 4397 1643 4476 adjuncta
1665 4402 1800 4476 utrinque

448 4484 592 4545 distantia
614 4487 798 4562 nonagesimi
821 4504 839 4546 a
861 4489 980 4547 vertice.
1024 4486 1099 4548 Nam
1123 4490 1148 4547 si
1171 4494 1309 4565 punctum
1332 4488 1471 4547 sectionis
1494 4489 1613 4562 oriatur,
1642 4489 1707 4568 lpse
1728 4486 1804 4547 haec

446 4571 502 4633 NV
526 4573 647 4632 mctitnr
668 4571 816 4649 sugerium,
840 4590 876 4632 ex
900 4590 945 4646 eo,
969 4591 1028 4651 quo
1052 4576 1174 4635 vicinior
1196 4579 1387 4652 nonagesimo
1409 4574 1613 4649 iuer-itscetio,
1636 4574 1693 4635 hoe
1709 4574 1803 4652 major

447 4659 587 4737 angulus.
631 4657 735 4735 ltaque
763 4668 901 4738 tangente
922 4660 978 4719 NV
1002 4663 1020 4720 5
1044 4662 1162 4740 eyplrrie
1191 4661 1382 4740 prolongato,
1415 4662 1512 4722 diviso
1540 4680 1593 4739 per
1619 4664 1715 4723 alnum
1743 4660 1802 4736 NS,

447 4747 609 4808 disnutise
631 4750 770 4808 sectionis
790 4766 810 4809 a
831 4750 1037 4824 nonagesimo,
1067 4747 1165 4827 prodit
1186 4758 1311 4822 tangens
1333 4750 1422 4826 hujus
1444 4747 1555 4826 anguli.
1601 4749 1663 4811 Ant
1684 4752 1711 4811 el
1733 4747 1803 4809 alti·

446 4833 521 4898 tude
544 4833 699 4911 7777777777,
721 4851 774 4912 per
795 4835 860 4914 ejus
878 4836 977 4896 'riuum
999 4835 1095 4898 diviso
1117 4838 1184 4898 etun
1204 4835 1274 4913 NV,
1293 4836 1391 4916 prodit
1412 4836 1494 4897 sinus
1516 4837 1619 4915 anguli
1640 4838 1729 4901 NSV.

506 5345 603 5400 mun
616 5344 698 5398 Opera.
727 5343 767 5389 77.
