4459 6275
792 753 875 817 orer
893 752 1009 817 Tertius
1043 755 1112 823 Pers
1130 754 1262 841 Sermdn
1634 761 1698 835 sse
1724 809 1728 826 ,

347 933 442 996 partes
460 926 542 987 ets'srn
560 927 613 985 las
631 927 720 987 hetae
737 936 886 1001 sequentur
903 929 1108 1004 proportionem
1125 928 1169 997 sui
1186 927 1325 996 quaelibet
1341 926 1435 988 leteris
1452 928 1558 1043 reliqui,
1574 928 1623 989 illo
1640 928 1698 1013 qui-

346 1003 408 1061 den
424 1004 475 1063 ΕΤ
493 1004 634 1077 eclipticas
651 1021 730 1063 mous
749 1002 806 1079 EO,
823 1005 892 1065 hoec
909 1021 971 1064 vero
990 1006 1037 1077 To
1056 1002 1241 1078 amplitudinis
1260 1002 1362 1061 ortiree
1380 1002 1437 1073 00.

436 1106 522 1182 Qooc
548 1110 629 1168 sacro
657 1115 698 1166 eet
724 1115 808 1168 ortas
836 1115 864 1166 ct
889 1124 1010 1168 occasus
1038 1111 1196 1183 sipnornm
1215 1124 1273 1182 per
1301 1106 1367 1166 illos
1393 1105 1539 1180 sphaerae
1558 1107 1697 1187 potitust

348 1191 396 1253 Ab
430 1200 592 1269 aequatore
625 1212 717 1270 usque
749 1194 787 1254 ad
819 1173 950 1271 polirem
977 1197 1107 1255 oriuntur
1138 1196 1237 1255 omnic
1266 1196 1366 1271 signe,
1399 1201 1430 1253 et
1456 1192 1555 1259 ordino
1577 1193 1699 1273 quidem

346 1285 441 1350 mmo,
473 1292 613 1357 necetque
643 1276 764 1349 horinon
790 1281 956 1358 eclipticam
984 1285 1060 1341 intra
1082 1283 1225 1359 tropicum
1255 1281 1373 1359 quidem
1395 1280 1440 1343 hie
1460 1279 1577 1359 amuis
1599 1284 1696 1357 rectis,

347 1369 464 1447 quotieq
487 1385 529 1429 so.
559 1367 644 1446 polus
667 1369 785 1446 elusio
806 1368 988 1431 horizontem
1007 1371 1104 1442 -renit3
1141 1368 1195 1427 sub
1226 1369 1337 1445 tropico
1370 1365 1399 1424 id
1423 1366 1455 1426 fit
1476 1368 1585 1447 semel,
1617 1378 1698 1428 extre

346 1456 494 1530 tropicum
522 1471 615 1532 usque
647 1455 685 1519 ed
714 1456 845 1532 polerem
872 1457 965 1521 sectio
996 1462 1040 1515 est
1061 1457 1155 1532 magis
1177 1457 1329 1532 magisque
1359 1453 1492 1530 obliqua,
1521 1456 1575 1515 sub
1602 1455 1696 1532 polari

345 1544 456 1605 umine
477 1541 615 1619 ecliptica
634 1542 933 1621 jungiturhorisootl
955 1541 1056 1616 semel,
1077 1551 1108 1602 et
1130 1543 1228 1600 subito
1251 1550 1330 1601 totus
1352 1542 1562 1616 semicirculus,
1592 1560 1696 1603 escen·

347 1626 420 1691 dous
443 1626 550 1703 dictus,
572 1647 626 1691 seu
647 1632 677 1691 in
700 1630 785 1706 cujus
807 1631 904 1695 neon
927 1647 1051 1693 sernum
1071 1637 1117 1693 est
1139 1632 1364 1705 aequinoctium,
1390 1629 1476 1688 simul
1498 1631 1527 1686 in
1550 1637 1697 1690 momento

346 1716 455 1791 ollium
484 1715 623 1794 sehusun,
646 1735 698 1794 per
720 1734 808 1794 quesr
831 1716 883 1781 Sol
906 1716 1081 1779 descendere
1103 1724 1257 1788 censetur,
1280 1735 1298 1775 a
1321 1716 1432 1776 Cancro
1455 1733 1506 1793 per
1527 1715 1645 1776 Libram
1667 1718 1698 1776 in

348 1799 561 1880 Capricornum
581 1803 685 1867 eodem
707 1814 855 1865 momento
877 1803 1043 1881 descondit;
1073 1802 1218 1880 simulque
1248 1806 1277 1861 in
1300 1806 1365 1882 ipsa
1385 1806 1514 1864 sectione
1536 1803 1696 1864 horizontis

345 1896 376 1949 st
395 1888 550 1953 meridiani
572 1891 794 1993 septentrionali
817 1890 868 1969 (Β)
890 1899 968 1953 recto
991 1890 1092 1953 ordine
1116 1893 1184 1951 oriri
1206 1893 1339 1993 incipiet,
1370 1889 1463 1950 donec
1485 1891 1694 1952 circumrolnto

348 1977 462 2079 integro
484 1988 644 2054 eequstore
665 1977 732 2041 tirus
754 1979 834 2055 ejus,
863 1979 920 2047 hoc
942 1986 987 2039 est
1009 1975 1067 2044 ³0⁰
1087 1977 1192 2054 sagitt.
1218 1981 1247 2036 in
1271 1981 1335 2055 ipso
1360 1977 1489 2037 meridiei
1512 1988 1620 2054 puncto
1642 1978 1695 2058 (Η)
1769 1982 1776 1993 ’

347 2065 433 2138 qussi
454 2080 629 2129 escensurus
656 2068 686 2127 in
714 2067 895 2129 honsontem
928 2068 1038 2132 reniet
1080 2065 1129 2125 lta
1151 2068 1284 2125 ascensio
1306 2065 1395 2142 hujus
1418 2065 1582 2126 medietatis
1605 2065 1697 2143 eclip-

346 2152 422 2213 erae
446 2142 541 2215 sotum
561 2158 752 2229 sequutor‘em
773 2153 1015 2218 conscendentem
1037 2152 1135 2217 hehet.

430 2237 513 2299 Intra
537 2257 606 2305 sero
627 2239 776 2319 polerem,
807 2257 874 2301 mrsu
895 2243 973 2303 uiros
994 2247 1135 2342 punctum
1157 2239 1312 2300 solstitiale
1335 2239 1453 2299 inferius
1482 2256 1566 2301 arcus
1588 2238 1696 2316 aliquis

345 2341 498 2403 nunqosm
512 2330 630 2400 orietur,
652 2327 705 2391 sed
724 2344 837 2404 semper
851 2329 907 2390 soh
922 2327 1014 2393 usna
1034 2327 1082 2401 sit,
1105 2329 1182 2387 circs
1195 2319 1349 2386 solstitiale
1364 2328 1498 2405 superius
1518 2344 1602 2386 arens
1624 2325 1699 2386 elius

345 2499 450 2575 polus,
480 2499 574 2565 donoc
594 2502 653 2567 suh
673 2503 740 2578 ipso
762 2502 836 2579 polsi
853 2518 938 2569 mous
961 2509 1082 2578 uterque
1105 2501 1158 2560 fiat
1179 2501 1394 2578 semicirculus,
1425 2518 1509 2561 arcus
1537 2501 1699 2561 intermedii

346 2590 479 2655 oriuntur
500 2588 622 2663 quidem
643 2598 673 2655 ot
695 2590 839 2662 occidunt,
861 2588 916 2649 sed
937 2588 1018 2661 alter,
1042 2591 1072 2649 iu
1086 2605 1145 2664 quo
1170 2588 1286 2647 vernale
1302 2589 1519 2663 aequinoctium
1540 2587 1698 2668 (innostro

345 2674 590 2755 hemisphaerio),
620 2675 721 2737 ordine
743 2686 947 2753 praepostero,
969 2677 1113 2753 reliquus,
1136 2678 1166 2732 in
1189 2691 1247 2751 quo
1270 2674 1454 2748 autumnale,
1480 2674 1580 2734 ordine
1602 2685 1698 2751 rect03

348 2760 517 2838 tenentque
540 2771 633 2825 totum
655 2774 845 2839 sequetorem
867 2762 1117 2835 commodantem,
1140 2762 1190 2823 ille
1212 2770 1309 2823 tamen
1332 2762 1473 2839 majorem
1496 2762 1560 2843 ejus
1575 2771 1697 2841 partem,

346 2853 396 2925 qui
420 2851 537 2909 inverso
571 2848 671 2909 ordine
695 2853 794 2910 oritur.
838 2850 977 2928 Seqmtur
1000 2849 1123 2911 eandem
1145 2851 1317 2911 varietatem
1340 2851 1405 2927 ipse
1427 2851 1515 2911 etiem
1537 2848 1699 2925 amplitudo

345 2938 449 3003 unsa
491 2936 570 2999 Nem
592 2939 666 2999 inter
688 2946 879 3014 eequetorem
901 2948 931 3002 ot
953 2936 1084 3016 polarem
1104 2937 1180 3003 mec
1201 2935 1364 3016 amplitudo
1386 2938 1483 2999 ortire
1505 2936 1609 3001 dilatat
1630 2953 1695 2997 sese

344 3023 487 3100 psulstim
516 3024 555 3087 sb
578 3033 644 3091 orta
666 3025 876 3102 sequinoctiali
898 3024 924 3100 Q
948 3043 1050 3087 versus
1077 3025 1303 3100 septentrionem
1325 3023 1404 3086 Bet
1432 3023 1580 3087 meridiem
1601 3021 1647 3100 H,
1669 3034 1699 3089 et

344 3118 441 3188 psrtss
465 3110 609 3178 sGsnero
632 3128 683 3190 per
704 3111 823 3178 Librum
844 3115 874 3172 ln
898 3112 1105 3189 Capricornum
1128 3111 1276 3174 ordinatis
1294 3111 1403 3174 hebent
1424 3115 1557 3191 regiones
1581 3121 1697 3178 ortuum

344 3217 362 3259 s
387 3199 670 3276 septentrionalibus
698 3200 859 3264 endromis
879 3201 1012 3278 parribus
1033 3200 1062 3260 Β
1083 3209 1185 3262 versus
1212 3200 1362 3272 meridiem
1382 3199 1427 3270 Η,
1458 3199 1526 3262 iude
1553 3198 1698 3280 ecupri-

343 3303 431 3348 cnruo
462 3286 666 3363 pertinetem
687 3289 718 3350 in
740 3287 883 3352 Cunnum
906 3288 1005 3350 ordine
1027 3281 1195 3365 renogred'o
1217 3307 1236 3347 a
1259 3287 1379 3350 meridie
1403 3287 1432 3347 H
1454 3305 1556 3352 versus
1576 3295 1697 3364 septen·

343 3375 470 3442 trionem
490 3373 532 3448 R,
562 3375 647 3436 initio
673 3369 798 3436 modicis
819 3376 937 3451 spatiis,
967 3374 1060 3438 donec
1090 3376 1147 3437 sub
1170 3378 1234 3452 ipso
1260 3375 1355 3452 polari
1378 3383 1408 3435 et
1430 3392 1531 3440 r'ereus
1561 3375 1699 3442 interiora

343 3460 416 3528 hseo
430 3469 549 3524 ortuum
567 3460 730 3539 amplitudo
745 3470 840 3524 totum
860 3463 1020 3523 horizontis
1041 3462 1255 3528 semicirculum
1276 3469 1467 3542 pervagetur,
1489 3460 1529 3525 sb
1551 3463 1697 3540 ipsissimo

343 3556 452 3624 puncto
484 3547 643 3612 horhomis
668 3550 890 3627 septentrionali
916 3549 943 3608 Β
970 3567 1022 3628 per
1044 3552 1171 3611 ortivum
1194 3548 1220 3627 Q
1243 3551 1389 3628 usquein
1410 3551 1587 3629 ipsissimum
1609 3554 1698 3614 meri·

344 3631 462 3698 dinnsle
484 3634 524 3696 H.
568 3635 733 3704 Intravero
756 3637 887 3716 polarem
901 3636 983 3697 nude
1004 3634 1071 3698 talis
1093 3636 1126 3696 et
1147 3637 1186 3698 sb
1202 3638 1345 3716 oppositis
1366 3638 1491 3698 arcubus
1509 3637 1696 3716 transpositio

341 3721 513 3798 retrograde
534 3729 649 3788 ortuum
671 3742 690 3786 e
711 3724 830 3785 meridie
851 3726 881 3785 in
904 3727 1145 3802 septentrionem,
1169 3724 1221 3786 sed
1243 3726 1394 3802 utriusque
1416 3724 1590 3786 semicirculi
1612 3741 1698 3790 arcus

343 3811 479 3884 orientes
504 3818 564 3872 tem
585 3812 610 3870 is
633 3813 684 3887 qui
705 3819 784 3873 recto
807 3811 908 3874 ordine
931 3813 1031 3885 oriem,
1062 3828 1151 3889 quem
1173 3816 1224 3888 qui
1245 3819 1450 3890 praepostero,
1482 3811 1593 3888 priores
1616 3819 1697 3874 ortus

344 3898 372 3955 iu
403 3898 602 3976 septentrione
624 3897 667 3971 Β,
698 3901 873 3976 posteriores
901 3915 1003 3958 versus
1030 3897 1148 3976 plegem
1172 3898 1349 3974 orientisQ,
1371 3906 1534 4017 postremos
1555 3900 1587 3960 in
1608 3899 1698 3960 mesi·

343 3982 431 4048 disne
453 3984 614 4048 horizontis
635 3993 744 4062 punoto
764 3985 795 4046 H
815 3986 934 4047 iaciunt

430 4071 553 4152 Loquor
573 4080 673 4134 eutem
695 4072 731 4134 de
754 4074 885 4151 partibus
908 4073 1070 4151 eclipticas,
1092 4072 1156 4134 sine
1177 4038 1311 4151 respectu
1334 4078 1431 4132 motus
1445 4069 1524 4134 Solis
1546 4089 1598 4152 per
1620 4070 1706 4159 illua

342 4157 419 4222 lisrn
440 4161 468 4221 si
489 4161 580 4220 series
602 4168 727 4235 ortuum,
749 4177 825 4238 quos
848 4160 900 4220 Sol
921 4161 1000 4234 lecit,
1024 4158 1230 4232 consideretur,
1252 4157 1283 4220 id
1305 4157 1387 4221 eliud
1409 4160 1470 4219 erit

434 4243 521 4308 Unde
541 4250 711 4312 imsotsscit
716 4265 809 4312 ermes
829 4249 982 4324 eclipticus
1002 4255 1147 4326 perpetuo
1169 4263 1321 4325 nppoeesu
1343 4253 1400 4308 orsi
1420 4244 1541 4310 lolem?
1562 4245 1607 4308 nx
1628 4243 1698 4311 alrl·
1810 4261 1813 4269 ·

341 4332 445 4394 tudine
466 4338 644 4411 sequereris,
667 4352 743 4413 qrrae
759 4352 824 4400 eum
848 4338 885 4395 sit
900 4337 994 4397 minor
1016 4335 1210 4399 declinatione
1225 4336 1354 4397 maxima
1368 4331 1530 4411 eclipticus,
1553 4349 1699 4410 quaeren-

342 4420 412 4482 dum
436 4421 526 4497 igitur
547 4431 592 4490 est
613 4439 665 4500 per
687 4422 795 4486 naue
817 4430 982 4501 praecepte,
1005 4423 1154 4501 quodnam
1176 4421 1329 4500 eclipticas
1352 4429 1499 4499 punctum,
1523 4428 1634 4498 quanto
1656 4438 1698 4485 se.

341 4523 411 4570 arcu
433 4510 474 4572 sb
496 4510 704 4585 aequinoctiali
726 4518 1014 4589 punctoremotum,
1037 4511 1147 4572 hebeat
1168 4508 1395 4573 declinationem
1417 4506 1572 4584 aequalem
1594 4505 1698 4576 sititu-

343 4594 404 4655 dini
427 4600 606 4673 sequuturis.
651 4597 726 4657 Nam
749 4597 994 4675 complementum
1016 4597 1095 4657 illius
1118 4614 1202 4658 ersus
1219 4604 1263 4656 est
1284 4597 1415 4657 semissis
1430 4612 1515 4656 arcus
1535 4611 1595 4656 non
1617 4597 1698 4660 oeri-

341 4681 451 4757 dsoth,
475 4685 501 4744 si
522 4685 756 4762 septentrionalis
778 4685 936 4748 declinatio
964 4683 1067 4765 menes
1089 4701 1144 4750 uos
1166 4677 1439 4762 in'septemriomll
1460 4681 1698 4764 hemisphserio),

343 4777 395 4836 ssi
413 4787 478 4838 nos
499 4774 630 4848 erimus,
653 4773 678 4835 si
699 4772 871 4836 meridiane.

428 4870 471 4928 illt
488 4868 606 4928 sltitn'slo
623 4870 680 4941 poli
692 4871 750 4942 80⁰,
767 4872 926 4939 sequereris
942 4870 1024 4941 igitar
1042 4872 1099 4930 10⁰.
1123 4869 1238 4928 Tantam
1257 4886 1320 4930 sero
1339 4867 1548 4932 destitutionem
1563 4868 1698 4930 invenitur
1827 4920 1830 4931 .

340 4947 444 5008 missa
460 4949 510 5006 ²t⁰
526 4950 570 5005 si‘
588 4951 639 5008 tet
657 4951 706 5008 Ar.
722 4949 792 5021 ejus
810 4950 893 5019 igitur
916 4948 1143 5021 complementum
1167 4947 1203 5006 sd
1225 4947 1407 5024 quadrantem
1429 4950 1471 5014 tt.
1493 4949 1534 5014 12.
1551 4947 1586 5002 is
1609 4945 1697 5021 dupli·

341 5033 440 5097 ntum,
459 5024 605 5087 heit‘rie.
622 5029 666 5085 25.
684 5028 728 5086 28.
752 5029 857 5086 Tantus
875 5043 955 5086 arcus
974 5044 1030 5084 non
1048 5028 1154 5086 oceidit

430 5119 587 5198 Compare
607 5124 644 5182 in
662 5123 756 5199 specie
778 5124 912 5198 mespres
926 5120 1077 5197 eclipticas
1098 5120 1270 5182 modicenses
1284 5119 1326 5182 od
1345 5136 1418 5182 snos
1432 5120 1569 5200 obliquos
1592 5135 1697 5182 omen·

340 5212 436 5276 tiosos
449 5226 507 5287 per
519 5208 573 5274 se
586 5208 733 5285 rpieeue
752 5212 877 5286 posim
919 5206 1012 5274 neue
1030 5206 1101 5276 ldae
1117 5208 1299 5282 modiculae,
1322 5224 1398 5290 quae
1416 5215 1485 5272 sunt
1500 5210 1575 5270 ister
1589 5216 1698 5285 perrois
