4459 6275
572 1875 845 2000 EPITOllES
883 1875 1280 1999 lsiiollolsslo
1316 1877 1750 2002 diuturniori

983 2096 1106 2158 LIBER
1127 2094 1345 2213 annulinus,

814 2271 869 2356 ΒΕ
896 2269 1080 2357 Sillim
1104 2270 1160 2355 ΕΤ
1186 2268 1378 2357 uinculis
1404 2270 1519 2359 iliu

574 2604 702 2681 Μαί,
734 2606 777 2667 nd
796 2607 1083 2668 normannos
1104 2613 1205 2666 motura
1223 2609 1320 2684 primi
1338 2624 1415 2685 opur
1435 2624 1496 2668 raas
1521 2610 1655 2687 rploero
1675 2612 1847 2676 Μ

490 2692 574 2773 (lasid
594 2702 636 2754 eat
663 2698 760 2771 ἱρέων
779 2694 911 2771 sploero
931 2694 1101 2754 materialia
1131 2701 1161 2752 st
1188 2692 1271 2753 aar&
1298 2697 1341 2753 ric
1362 2694 1496 2756 ἅσίωνὲ
1539 2696 1712 2775 Spdaora
1733 2698 1848 2761 dlcitar

431 2788 434 2795 '
486 2799 507 2842 a
526 2780 620 2859 dgnra
641 2781 780 2860 globosa,
811 2782 917 2859 globus
940 2783 1017 2842 enirn
1040 2779 1163 2842 Graccis
1191 2801 1307 2858 opnspu
1334 2777 1454 2856 dicitnr3
1484 2784 1662 2857 materialis,
1690 2784 1775 2863 qaod
1806 2786 1850 2848 alt

487 2870 567 2929 iacta
595 2886 632 2931 aa
661 2871 785 2932 materia
815 2868 932 2947 dique,
966 2875 998 2927 ut
1020 2885 1056 2928 ax
1079 2882 1206 2945 papyro,
1238 2867 1320 2943 ligno
1335 2869 1385 2928 vel
1407 2869 1535 2930 metallo.
1579 2871 1707 2934 contat
1740 2882 1848 2935 autam

488 2956 665 3034 quibusdam
681 2960 769 3020 ecrtls
779 2958 904 3031 circulis,
927 2955 1111 3034 snpsrflclsm
1127 2971 1216 3014 unam
1229 2956 1413 3032 sphaericam
1433 2956 1687 3031 adumbrantibus,
1711 2962 1744 3020 tu
1759 2960 1849 3040 anjaa

486 3043 584 3106 medlo
605 3045 744 3122 modulus
764 3046 804 3106 ab
826 3062 896 3118 arc,
919 3061 973 3122 per
993 3043 1121 3103 mediam
1142 3040 1298 3120 aphaeram
1319 3052 1506 3118 namsunte,
1527 3044 1734 3123 suspenditurp
1767 3064 1850 3127 qaae

487 3133 530 3195 sic
551 3135 726 3197 concinnata
747 3132 848 3195 mundi
871 3133 984 3212 eldgles
1008 3139 1068 3206 est,
1092 3129 1209 3209 qualem
1231 3132 1288 3192 sibi
1311 3131 1394 3192 vlnus
1416 3142 1517 3193 noster
1536 3134 1731 3212 imaginatur,
1763 3139 1795 3197 ln
1816 3134 1850 3198 tt

487 3228 672 3300 comparata,
697 3231 729 3283 ut
752 3222 809 3283 doc
831 3222 913 3283 volnt
935 3224 1128 3280 instrumento
1149 3218 1342 3280 demonatrarl
1365 3218 1403 3278 ad
1424 3220 1544 3281 oculum
1564 3225 1683 3299 possint
1709 3227 1846 3288 ratloaaa

485 3310 570 3386 primi
593 3318 691 3370 motus
713 3326 873 3386 eorumque
895 3324 974 3387 quaa
996 3327 1015 3368 a
1036 3310 1131 3384 primo
1153 3321 1234 3367 motu
1258 3307 1433 3384 dependent.

574 3397 658 3474 Quid
678 3405 926 3473 repraesentatur
947 3414 1005 3473 per
1024 3395 1211 3473 supernam
1232 3395 1400 3471 munci
1438 3395 1562 3456 coslum
1576 3404 1607 3458 st
1619 3397 1728 3460 atellae
1752 3402 1784 3460 in
1799 3417 1848 3465 eo.

574 3484 658 3562 Quid
676 3501 733 3559 por
753 3485 876 3558 plodrsm
898 3483 1068 3544 intimanti
1114 3481 1228 3541 Globus
1251 3481 1387 3544 Telluris.

571 3569 1377 3645 Atncacirida'uistieutimomauperpleiernmrsrdl
1405 3570 1535 3646 udisit3
1565 3573 1719 3649 qumodo
1748 3577 1851 3653 vitan

482 3666 582 3734 potent
603 3659 659 3720 illo
681 3660 927 3735 mprooemrtori?
970 3654 1225 3734 Quemadmodum
1248 3658 1277 3714 tn
1300 3660 1462 3733 geometria
1482 3659 1560 3719 circa
1582 3668 1724 3737 punctum
1748 3663 1851 3740 quod-

484 3744 557 3806 libet
580 3748 608 3804 in
632 3745 722 3824 plano
745 3746 970 3808 circumducitur
992 3744 1118 3805 circulus
1142 3744 1261 3804 licentia
1282 3747 1479 3824 geometrica,
1506 3748 1551 3806 alc
1572 3749 1663 3807 etlam
1689 3751 1722 3808 ln
1746 3754 1851 3828 opta»

485 3831 646 3911 disciplina
669 3837 764 3894 omnia
787 3833 889 3894 oculus
912 3836 1042 3910 aliquam
1066 3834 1142 3891 circa
1159 3848 1190 3890 se
1213 3832 1430 3908 circumjectum
1451 3833 1635 3909 superficiem
1656 3837 1850 3914 sphaericam

484 3921 541 3981 sibi
564 3924 750 3998 imaginatur,
773 3925 837 3982 sire
859 3921 911 3981 illa
933 3939 985 3997 per
1007 3919 1120 3980 mediae
1140 3915 1215 3978 ssuaa
1238 3926 1383 3988 transeat,
1406 3922 1469 3979 sive
1492 3938 1583 3998 supra
1605 3922 1672 3983 illas
1696 3927 1755 3998 ait,
1780 3929 1849 3989 sira

487 4008 562 4067 inira
585 4010 662 4070 illas.
709 4010 745 4068 Et
767 4008 835 4068 talis
857 4008 1035 4085 superficiei,
1059 4006 1165 4065 saltem
1186 4008 1392 4082 imaginariae,
1423 4007 1536 4084 effigias
1559 4017 1605 4069 ent
1635 4013 1666 4069 in
1688 4014 1850 4090 superficie

483 4095 636 4172 sphaerae.

571 4185 703 4242 Poarsiati
731 4201 827 4258 supro
855 4181 981 4239 Terram
1004 4179 1205 4238 inaerarids'lem
1235 4178 1279 4237 nd
1299 4181 1415 4239 coelum
1437 4190 1669 4258 comparatum
1702 4187 1850 4262 plodrslue

482 4271 535 4328 lale
558 4273 591 4328 in
612 4272 743 4345 sphoera
765 4272 931 4328 mensorio
951 4266 1096 4325 emundis
1118 4274 1167 4339 eat,
1191 4283 1255 4326 non
1275 4276 1316 4327 eat
1332 4271 1426 4342 ἱρέων
1441 4270 1524 4328 illius
1539 4271 1659 4346 effipia.
1706 4272 1848 4352 Reprae-

483 4365 581 4415 sanun
603 4357 710 4434 globus
733 4360 788 4417 iste
811 4373 869 4414 non
885 4352 1115 4428 magnitudinem
1131 4351 1265 4424 Telluris,
1290 4354 1343 4415 sed
1360 4357 1563 4417 tantummodo
1580 4358 1730 4420 Tellurem
1747 4365 1849 4440 ipsarn

483 4458 535 4518 por
556 4460 597 4503 se.
644 4443 705 4502 Nec
728 4446 805 4503 enim
827 4446 889 4520 ipse
913 4441 1006 4500 videri
1029 4458 1082 4500 nec
1105 4440 1265 4511 fabrefieri,
1296 4458 1350 4501 neo
1373 4453 1471 4518 partes
1502 4445 1567 4520 ejus
1598 4446 1739 4525 distingui
1764 4467 1843 4528 pca-

484 4537 565 4601 seut,
589 4532 614 4588 si
638 4534 825 4606 proportione
848 4531 937 4589 ctiam
959 4529 1149 4604 responderet
1171 4529 1295 4588 exilitati
1318 4528 1453 4589 Telluris.

572 4616 696 4691 ll'cpoati
716 4636 830 4693 supro.
865 4616 990 4675 Ter-rom
1017 4633 1074 4674 ease
1097 4620 1131 4674 in
1153 4616 1403 4688 mosomensis,
1434 4635 1490 4676 our
1516 4622 1613 4694 ἐρίων
1642 4624 1708 4694 cjrsa
1730 4625 1850 4702 effipia

483 4711 525 4762 eat
546 4706 579 4762 in
600 4712 702 4764 cantro
723 4705 893 4780 rpltncrne?
936 4702 1012 4777 Quia
1028 4703 1127 4772 Terra,
1152 4719 1240 4778 quarn
1255 4702 1362 4779 globus
1379 4706 1434 4763 iste
1449 4715 1659 4782 repraesentat,
1684 4720 1730 4769 est
1746 4711 1849 4772 domi·

483 4789 582 4850 ellium
605 4790 769 4863 oculorum,
802 4800 832 4850 et
855 4807 923 4850 vero
958 4789 1061 4849 oculus
1083 4789 1207 4866 quilibet
1229 4791 1436 4867 imaginatione
1467 4797 1545 4854 eirca
1566 4811 1599 4854 ae
1630 4796 1850 4861 architectatur

485 4877 659 4954 sphaeram,
682 4897 715 4938 se
737 4882 832 4955 ipsurn
855 4894 970 4955 ponens
992 4878 1019 4933 in
1044 4888 1153 4936 centro.

575 4964 652 5025 Clam
684 4983 754 5025 uero
780 4966 860 5025 ocull
882 4974 946 5024 tom
967 4964 1058 5022 mrslti
1078 4967 1139 5022 rint
1170 4971 1198 5023 et
1220 4968 1427 5041 tmoplnmre
1447 4970 1596 5044 aplanem
1618 4969 1758 5047 totidem,
1788 4991 1851 5034 carr

486 5056 596 5112 amimea
618 5060 741 5120 tontum
764 5058 806 5110 eat
827 5052 874 5110 nic
895 5051 1041 5126 plodulna,
1065 5052 1146 5110 oculi
1173 5051 1301 5111 Telluris
1322 5054 1427 5126 index,
1451 5061 1546 5117 anien
1566 5058 1722 5133 sphoera?
1767 5059 1850 5136 Quia

486 5154 588 5199 omnes
617 5139 807 5212 imaginariae
837 5138 979 5215 sphaerae
1009 5146 1078 5196 sunt
1109 5140 1182 5199 inter
1201 5156 1233 5199 se
1262 5140 1373 5201 similes
1401 5141 1536 5220 adeoque
1566 5150 1656 5207 etiam
1688 5147 1848 5223 aequales,

485 5223 544 5288 boa
565 5231 611 5287 cst
637 5225 765 5308 sphaera
787 5241 856 5288 uua.
900 5225 964 5288 Etsi
986 5226 1064 5286 enlm
1094 5226 1173 5290 ocuti
1194 5226 1280 5291 multi
1307 5235 1337 5292 ot
1364 5227 1432 5292 ideo
1453 5241 1555 5294 canna
1581 5233 1729 5314 sphaerae
1761 5235 1849 5300 llllua
