4459 6275
434 761 497 821 624
911 702 958 810 ¹De
977 752 1090 809 Tabulis
1108 751 1289 821 Rndolphinis

526 931 559 993 Si
582 932 864 1011 quid-pecuniarum
887 931 924 991 ad
947 933 1181 1009 tcycongeritur,
1204 929 1234 988 id
1256 931 1335 989 filius
1356 946 1457 1007 meus,
1480 931 1534 1006 qui
1557 929 1716 1006 Tubingac
1734 936 1785 987 rtu-

436 1019 555 1080 diosum
578 1023 640 1097 agit
663 1023 691 1078 in
714 1018 862 1097 stipendio
877 1018 1071 1093 Ficklcriano,
1091 1019 1154 1096 jam
1171 1017 1281 1076 dudum
1297 1025 1400 1091 totum,
1424 1025 1730 1093 quantumquantum
1743 1032 1787 1081 est

438 1107 583 1168 aviditate
605 1107 705 1167 hausit
728 1106 906 1184 inexplebili.
952 1106 1057 1182 Itaque
1081 1124 1151 1166 cura
1174 1104 1262 1165 velim
1286 1123 1392 1178 vaces,
1424 1121 1567 1181 quorsum
1591 1103 1624 1163 id
1647 1106 1690 1164 sit
1708 1114 1789 1163 haur·

434 1194 625 1264 mittendum,
656 1196 759 1255 saltem
782 1212 834 1272 per
855 1193 987 1254 Fridium
1011 1193 1177 1271 epistolium
1201 1193 1238 1253 ‘ad
1260 1210 1307 1252 me
1328 1195 1437 1264 mittas,
1461 1200 1494 1252 ut
1516 1195 1631 1265 sciam,
1663 1199 1790 1267 quantun

435 1282 464 1340 id
487 1284 534 1355 sit,
557 1283 725 1358 atque‘ego
741 1282 841 1341 faciles
864 1282 918 1340 tibi
940 1284 1068 1363 rationes
1091 1280 1254 1356 explicabo,
1278 1270 1385 1356 quibus
1405 1278 1466 1339 boc
1484 1295 1576 1340 onere
1591 1278 1790 1339 custodiendae

433 1372 575 1446 pecuniae
598 1368 715 1428 leveris.
761 1368 864 1428 Errata
890 1368 1033 1428 nonnulla
1058 1370 1089 1426 in
1117 1369 1283 1443 praeceptis
1314 1368 1391 1425 ultra
1413 1383 1465 1440 ea,
1496 1384 1578 1442 quae
1601 1373 1676 1425 sunt
1696 1368 1791 1425 inserts

437 1455 543 1530 iudici,
574 1455 715 1516 hactenus
739 1455 809 1514 mihi
833 1454 948 1515 detecta
970 1462 1039 1514 sunt
1061 1455 1098 1513 ab
1121 1455 1290 1528 utentibus,
1320 1471 1397 1529 quae
1419 1455 1521 1530 cogito
1544 1454 1730 1530 subjungere
1747 1470 1792 1529 ap·

436 1543 554 1619 pandici
578 1545 666 1601 unius
688 1545 825 1618 paginae,
849 1541 886 1602 ds
908 1547 991 1620 praxi
1014 1541 1200 1618 astrologica.
1246 1542 1280 1600 ln
1303 1543 1402 1615 genesi
1419 1540 1572 1617 Rudolphi
1596 1558 1682 1600 error
1706 1542 1792 1599 ii‘ir

434 1630 500 1689 loco
523 1626 566 1710 Θ
589 1637 765 1706 properante
797 1638 869 1706 typo
901 1629 1109 1706 relinquendus
1131 1631 1186 1688 luit
1208 1631 1237 1688 ln
1261 1628 1396 1687 omnibus
1418 1627 1565 1706 planetis,
1599 1627 1687 1687 nullo
1709 1634 1793 1687 tanea

435 1717 541 1777 effectu
565 1720 593 1775 in
618 1716 686 1789 illis,
710 1734 805 1792 neque
827 1722 949 1776 nocetur
972 1717 1105 1794 exemplo
1122 1717 1271 1794 operandi.
1317 1714 1362 1774 Sit
1384 1715 1441 1774 hoc
1464 1722 1612 1775 emtomm
1637 1716 1792 1775 exercitium

433 1806 576 1881 primum,
610 1812 643 1863 ut
675 1812 804 1864 correcto
837 1804 902 1864 loco
929 1804 1148 1880 &retractent
1181 1803 1324 1866 calculum
1357 1800 1561 1879 planetarum,
1597 1806 1728 1879 quisque
1747 1818 1792 1861 sno

435 1899 537 1952 marte.

521 1977 683 2039 Calamitas
706 1966 738 2038 ct
761 1981 944 2056 πανολεθρια
966 1976 1106 2050 Sueviae
1126 1979 1246 2039 dubium
1275 1994 1322 2038 me
1351 1983 1467 2049 tenant,
1499 1973 1664 2037 Ulmamns
1691 1978 1791 2035 mittan

431 2065 655 2143 imprimendam
679 2065 878 2144 appendicem,
902 2084 940 2125 an
963 2066 1032 2125 alio.
1078 2065 1164 2126 Vale.
1193 2066 1307 2143 Pragac
1331 2066 1360 2124 4.
1384 2063 1472 2124 Mart.
1500 2067 1598 2124 1628.

540 2182 783 2253 Berncggerus
801 2182 950 2253 Keplero
970 2184 995 2238 S.
1013 2183 1046 2238 P.
1063 2184 1097 2237 D.
1134 2184 1182 2238 Vir
1200 2196 1310 2237 summa.
1345 2180 1421 2235 Tuas
1439 2179 1498 2233 heri
1516 2187 1594 2236 recte
1604 2180 1674 2236 milri
1687 2178 1789 2236 reddidit

434 2260 544 2316 Fridius
563 2270 668 2322 noster,
687 2277 767 2329 quem
786 2262 809 2316 si
832 2265 943 2318 scissem
966 2271 1020 2317 tam
1040 2263 1086 2317 diu
1105 2264 1210 2330 Pragae
1227 2262 1387 2327 haesumm,
1411 2258 1507 2312 literae
1526 2259 1563 2313 ad
1580 2268 1611 2313 te
1629 2274 1717 2325 meae,
1734 2274 1790 2327 quar

352 2385 356 2403 ,
433 2339 504 2404 estu.
522 2339 604 2394 Febr.
622 2346 649 2394 et
665 2339 781 2408 Prsgam
800 2347 828 2394 et
845 2340 951 2395 Ulmum
970 2341 1065 2395 eodem
1084 2342 1209 2409 exemplo
1228 2340 1367 2406 miseram,
1391 2336 1472 2391 citius
1491 2336 1575 2391 simul
1594 2354 1630 2393 ac
1649 2335 1790 2393 cortinam

342 2453 348 2466 ι
434 2425 462 2473 te
480 2419 683 2488 pervenissent.
698 2461 704 2473 .
719 2458 746 2474 ..
792 2419 938 2473 Academia
956 2427 1051 2474 nasim
1069 2420 1144 2475 dedit
1161 2435 1212 2488 pro
1231 2434 1280 2472 suo
1301 2415 1450 2484 exemplari
1468 2417 1533 2486 imp.
1548 2420 1574 2479 b,
1593 2417 1735 2473 academia
1746 2416 1790 2471 Ba·

433 2497 585 2566 silicnsis2,
604 2497 749 2553 Malleolus
762 2498 787 2555 2.
796 2498 939 2568 Welperus
949 2498 1052 2555 itidem.
1071 2497 1278 2568 Operamdabo,
1297 2502 1327 2552 ut
1336 2511 1406 2563 quae
1416 2504 1524 2552 restant
1534 2497 1707 2567 exemplaria
1716 2496 1790 2566 princ

435 2591 543 2645 quoque
561 2581 684 2644 tempure
702 2574 853 2640 divendam,
873 2582 921 2630 aut
940 2575 963 2631 si
982 2576 1009 2630 id
1018 2582 1109 2632 minus
1128 2576 1187 2630 fieri
1205 2581 1297 2644 potest
1315 2574 1419 2631 (omnia
1437 2574 1508 2629 enim
1527 2575 1564 2630 de
1580 2576 1698 2645 publica
1713 2576 1789 2645 prirc-

436 2662 520 2724 taque
543 2660 665 2723 egestate
688 2652 807 2721 querelis
831 2653 951 2721 undique
981 2655 1182 2710 circumsonant
1210 2652 1327 2720 indeque
1350 2650 1453 2721 studia,
1479 2654 1633 2723 praecipue
1657 2654 1790 2709 mathena·

438 2732 500 2796 tica,
519 2747 630 2801 pessum
649 2730 737 2799 eunt),
755 2729 819 2785 saxo
837 2738 868 2784 ut
885 2732 1026 2787 commoda
1044 2735 1188 2789 occasione
1198 2734 1304 2789 Ulmum
1322 2739 1369 2784 ant
1380 2746 1545 2799 quocunqne
1564 2732 1645 2787 voles
1663 2732 1716 2787 clio
1731 2730 1790 2786 reio

436 2818 539 2867 rantur.
577 2813 716 2880 Exspecto
739 2825 773 2865 ex
797 2811 925 2867 nundinis
944 2821 972 2866 et
995 2814 1194 2882 praefationem
1212 2812 1383 2867 Brahcanam
1401 2814 1530 2885 ethuam
1555 2810 1637 2867 initio
1656 2808 1790 2881 promisisti

435 2893 549 2962 figuram
567 2909 652 2949 aeneo
670 2899 736 2963 typo
755 2907 928 2962 expressum.
943 2933 949 2947 .
964 2934 991 2947 ..
1021 2895 1053 2947 Ι).
1075 2893 1217 2949 Clutenius
1235 2903 1395 2961 responsum
1414 2901 1431 2941 a
1449 2888 1574 2957 principe
1584 2905 1639 2944 suo
1652 2898 1790 2961 exspectat.

436 2974 562 3029 Getsmm
582 2969 784 3042 recuperares
803 2971 955 3041 Tubingum
974 2972 1045 3027 intra
1063 2972 1175 3027 biduum
1194 2970 1346 3025 triduumve
1364 2982 1418 3022 non
1432 2968 1620 3023 transmittam
1639 2966 1746 3037 quidem
1761 2963 1790 3023 rii

436 3051 508 3106 enirn
527 3050 679 3120 periculose
697 3049 795 3115 fecero,
812 3049 896 3104 milite
916 3050 965 3104 has
979 3065 1040 3104 oras
1059 3049 1178 3118 undique
1196 3049 1358 3118 premente),
1377 3050 1425 3106 sed
1438 3062 1487 3117 per
1499 3046 1641 3101 cambium
1659 3045 1790 3099 transscri-

434 3128 505 3199 bam,
524 3129 702 3198 occasionem,
721 3145 801 3199 quam
820 3126 1064 3182 commodissimam
1077 3127 1219 3183 Kurnerus
1233 3127 1381 3198 Calvcnsis,
1399 3125 1531 3200 perendie
1545 3124 1658 3181 domum
1672 3123 1790 3190 abiturus,

436 3208 604 3263 monstravit.
641 3206 716 3261 Vale.
743 3207 812 3270 bili.
831 3207 911 3260 Mart.
931 3207 1008 3261 1628.

542 3295 711 3361 „Calamitas‘¹
731 3297 835 3345 Susviac
849 3297 944 3357 incepit
956 3298 1038 3345 edicto
1058 3298 1217 3357 imperatoris
1230 3297 1389 3347 Fordlnandi.
1409 3312 1459 3361 qno
1479 3297 1609 3348 restitutio
1624 3298 1790 3345 coenobiorum

436 3368 560 3429 imperata
579 3372 624 3414 est.
661 3367 733 3424 Quod
752 3367 895 3414 mandatnm
914 3373 943 3414 ut
959 3371 1126 3429 perficeretur,
1144 3370 1266 3416 exercilus
1285 3369 1347 3415 duco
1366 3368 1546 3415 Wsllonstsnio
1561 3367 1791 3426 Wirrttembergian

438 3440 532 3485 inraslt
548 3438 623 3484 lnitio
641 3439 702 3484 anni
723 3439 790 3486 1628
810 3441 913 3499 ejusque
932 3439 998 3485 cives
1017 3452 1060 3499 per
1078 3436 1150 3485 illum
1170 3444 1194 3486 ct
1212 3444 1356 3502 sequentem
1374 3452 1467 3486 annum
1485 3438 1606 3500 tributis,
1636 3439 1789 3501 quasivicti

438 3508 573 3568 impositis,
594 3520 690 3554 summa
708 3510 810 3557 miseria
828 3509 920 3557 obruit.

525 3610 716 3687 chlerus
745 3611 992 3687 Bornepgero
1024 3610 1053 3669 S.
1077 3610 1110 3671 P.
1136 3611 1172 3668 D.
1220 3610 1385 3671 Clarissimo
1409 3615 1462 3673 vir.
1508 3612 1622 3688 Accepi
1659 3621 1689 3670 ct
1716 3609 1790 3669 cbar-

440 3708 514 3772 tam,
547 3708 638 3757 atrro
661 3707 851 3776 praeceptore
876 3698 1048 3768 domestico,
1080 3707 1108 3756 tc
1133 3698 1340 3769 decumbente,
1364 3702 1500 3778 scriptam
1527 3696 1707 3774 Ulmnmque
1729 3700 1791 3756 mis-

437 3804 509 3857 sam,
534 3794 563 3844 et
586 3787 669 3843 binus
693 3794 758 3844 tuus
783 3787 931 3863 epistolas,
957 3805 992 3845 cx
1015 3803 1072 3861 quo
1096 3786 1282 3844 convaluisti.
1329 3787 1392 3846 Deo
1414 3789 1524 3862 gratias
1546 3803 1605 3862 ago
1630 3804 1684 3861 pro
1709 3788 1793 3844 amico

436 3875 507 3932 mihi
532 3882 714 3933 conscrvato.
739 3874 829 3932 Miror
852 3883 880 3933 tc
897 3875 1074 3951 exemplaria
1095 3876 1245 3932 invenisse
1269 3892 1304 3932 ex
1328 3892 1438 3952 papyro
1455 3876 1554 3934 omnia
1577 3874 1690 3932 viliori.
1735 3874 1790 3944 ilua

438 3961 544 4021 diserte
568 3963 685 4019 invenio
709 3970 850 4020 annotata
881 3964 908 4018 in
942 3979 1006 4020 mco
1035 3961 1197 4020 memoriali
1221 3961 1348 4019 melioris
1373 3970 1458 4020 uotae
1482 3964 1548 4019 tria.
1595 3961 1665 4020 Non
1690 3961 1793 4026 dirius,

437 4052 503 4124 quis
535 4051 757 4125 permutaverit,
785 4051 842 4107 uisi
873 4050 945 4108 sorte
975 4066 1040 4108 cum
1070 4059 1232 4107 mercatore
1257 4047 1381 4108 Ulmano
1406 4048 1587 4120 Comerello,
1618 4067 1687 4107 nrco
1710 4048 1792 4104 altini.

436 4137 637 4213 typographus
661 4139 885 4212 conspiraverit,
917 4138 967 4212 qui
993 4139 1011 4193 4
1036 4135 1147 4194 vilioris
1170 4139 1272 4213 papyri
1297 4154 1331 4194 cx
1355 4148 1440 4214 pacto
1465 4136 1589 4212 adeptus
1616 4149 1672 4195 est.
1717 4133 1792 4193 l’lmr

437 4226 492 4282 nisi
517 4227 545 4280 iu
569 4227 623 4282 iter
645 4224 894 4297 Argentoratensc
917 4242 973 4283 non
998 4234 1185 4283 excesserunt
1208 4224 1393 4300 exemplaria.
1440 4223 1516 4280 Vide
1542 4240 1613 4281 vcro
1639 4241 1677 4282 nc
1694 4225 1721 4278 iu
1744 4222 1792 4278 hoc

438 4313 475 4368 sit
499 4310 641 4386 deceptio,
666 4311 754 4386 quod,
780 4314 834 4369 etsi
858 4311 948 4389 duplo
971 4312 1066 4386 majus
1089 4314 1214 4387 pretium
1238 4311 1313 4369 solvi
1337 4329 1389 4387 pro
1412 4328 1525 4388 papyro
1550 4309 1683 4380 meliori,
1717 4308 1790 4366 dille·

439 4400 532 4456 rentia
555 4407 652 4456 tamen
676 4416 733 4457 non
757 4408 800 4456 est
823 4417 930 4475 magna
953 4400 1100 4457 honitatis.

525 4502 554 4562 Si
579 4504 639 4562 filio
671 4522 736 4563 meo
766 4507 950 4564 transmisisti
979 4522 1112 4562 nummos
1142 4513 1170 4562 ct
1193 4521 1251 4563 uon
1274 4506 1368 4562 amico
1396 4519 1461 4561 meo
1485 4500 1684 4573 Sclrickurdo,
1714 4519 1791 4577 quern

438 4589 502 4665 ejus
525 4593 715 4668 inspectorem
740 4609 804 4651 csso
829 4594 924 4666 volui,
956 4593 985 4649 id
1008 4605 1038 4649 tu
1062 4590 1180 4666 quidem
1204 4591 1360 4658 benevole,
1385 4602 1415 4647 at
1439 4607 1493 4664 ego
1517 4589 1605 4648 doleo
1632 4609 1728 4666 eoque
1749 4607 1790 4644 ru·

438 4679 508 4752 pavi
533 4678 569 4736 D.
593 4679 739 4752 Fridium,
773 4688 804 4737 ut
836 4697 910 4755 quos
939 4680 982 4737 illi
1014 4679 1079 4737 dedi
1104 4683 1144 4736 20
1169 4679 1230 4737 tior.
1256 4688 1284 4737 ct
1308 4680 1369 4755 ipse
1393 4680 1519 4735 mitteret
1552 4694 1612 4736 uon
1636 4679 1714 4748 tilio,
1746 4673 1790 4733 esd

437 4764 624 4824 Schickardo.
671 4766 721 4825 Sin
745 4766 910 4827 adhucdum
934 4771 1055 4828 retines.
1085 4769 1208 4825 retineto
1233 4769 1390 4826 etiamnum
1414 4772 1443 4823 et
1465 4763 1543 4822 filiuc
1574 4783 1661 4824 meac
1686 4767 1791 4822 Susan-

439 4870 495 4911 nae
518 4856 632 4930 virgini,
657 4872 733 4928 quac
758 4859 786 4912 in
809 4872 960 4933 gynaeceo
985 4856 1157 4913 Durlaccuai
1180 4855 1277 4911 sutura
1299 4862 1350 4920 cst,
1374 4853 1485 4929 petenti
1509 4852 1659 4914 concedas
1682 4863 1732 4910 aut
1747 4866 1791 4926 per

439 4942 583 4999 cambium
606 4945 793 5000 transmittas.
818 4977 859 4987 -
884 4943 929 5001 De
945 4942 1105 5017 Sagarrcnsi
1122 4959 1188 4999 mca
1204 4943 1431 5000 commorationc
1445 4938 1482 4996 ad
1498 4939 1633 4999 edendas
1657 4943 1790 4999 obsecra·

404 5019 410 5042 ⁹
438 5030 532 5087 tiones
557 5027 707 5104 Tychonis
731 5029 825 5088 lirahe
848 5030 919 5088 nihil
943 5030 1087 5088 habebam
1111 5029 1207 5102 solidi,
1232 5029 1304 5087 nihil
1327 5036 1430 5098 tutum,
1454 5034 1507 5085 aut
1529 5027 1694 5087 admodum
1708 5041 1791 5102 expe·

439 5115 529 5186 iibile,
553 5132 611 5189 quo
635 5123 663 5174 te
687 5116 877 5176 erlrilararem
896 5160 1021 5176 ......

524 5202 620 5262 Multa
642 5204 698 5263 hoo
721 5202 767 5262 die
791 5205 946 5266 scribenda
967 5213 1044 5274 sunt,
1068 5205 1185 5281 ignosco
1200 5205 1338 5265 brevitati
1362 5210 1391 5262 et
1406 5202 1472 5262 vale
1489 5211 1582 5279 utque
1598 5203 1703 5276 valeas
1718 5217 1789 5270 cura,
