4459 6275
433 788 497 851 roo
627 774 629 779 '
695 846 698 855 ,
929 782 1071 853 spicoma
1090 783 1281 840 amarantus

520 966 548 1022 4.
581 963 710 1025 Ratione
730 963 848 1039 liparae
870 963 1018 1039 quomodo
1033 963 1140 1022 circuli
1153 962 1300 1038 sphaerae
1321 964 1580 1039 elisiiupnuniur'?
1609 962 1722 1025 Omnes
1744 964 1792 1025 alii

432 1050 588 1115 latitudine
618 1058 734 1125 carent,
766 1050 847 1110 solus
878 1051 1016 1110 zodiacus
1045 1068 1110 1109 eum
1142 1050 1243 1126 aliqua
1265 1049 1423 1111 latitudine
1445 1058 1506 1125 est,
1537 1050 1621 1111 limbi
1647 1052 1792 1131 sphaerici

432 1138 535 1216 figura.

522 1226 674 1284 Armillae
689 1233 793 1285 tumen
815 1225 888 1284 illae
903 1226 1065 1283 circulares
1087 1242 1190 1284 omnes
1205 1226 1343 1301 aliquam
1366 1226 1500 1291 obtinent
1515 1230 1694 1305 crassitiem,
1717 1244 1792 1303 quae

433 1317 615 1374 amaremus
636 1320 664 1371 et
685 1316 865 1371 intrinsecus
888 1313 973 1371 limbi
1001 1314 1134 1387 liparam
1164 1320 1379 1388 repraesentat.
1425 1311 1460 1370 Id
1490 1329 1603 1372 rursum
1635 1313 1668 1372 nt
1691 1330 1792 1375 neem·

433 1403 520 1461 sitate
543 1401 671 1459 fabricae
702 1417 796 1476 eoque
818 1401 848 1456 in
872 1400 937 1458 aliis
960 1402 1088 1458 materiis
1112 1399 1239 1460 aliaest
1263 1402 1424 1475 crassitiem
1456 1403 1634 1460 constructio
1659 1417 1732 1461 vero
1752 1402 1793 1461 sic

434 1496 477 1548 est
500 1496 610 1565 aptata,
634 1496 668 1547 ut
689 1485 858 1546 alterutrum
882 1486 1066 1545 solummodo
1090 1487 1168 1545 latus
1189 1486 1267 1547 illius
1289 1506 1405 1547 crassae
1420 1488 1552 1547 annillaa
1575 1487 1684 1548 lincam
1700 1491 1792 1549 circu·

434 1576 533 1645 larem,
558 1578 604 1635 cui
627 1593 733 1634 nomeu
759 1582 787 1633 et
810 1576 936 1634 odicium
961 1575 1061 1635 circuli
1086 1578 1234 1652 competit,
1258 1576 1404 1635 extribeat.

521 1666 549 1722 5.
581 1662 737 1739 Quomodo
760 1666 838 1721 inter
859 1680 888 1721 se
911 1662 1057 1738 differunt
1079 1664 1324 1723 aesiderabam
1345 1667 1419 1723 situs
1441 1662 1484 1721 ad
1505 1670 1623 1722 aretum
1636 1664 1794 1739 primum?

435 1752 588 1827 Aequator
611 1767 662 1828 per
685 1750 811 1809 mediam
835 1749 998 1827 sphaeram,
1023 1758 1055 1807 ut
1078 1767 1113 1808 en
1137 1758 1285 1823 moretur,
1321 1750 1471 1809 traductus
1494 1759 1540 1809 est
1561 1750 1664 1825 regula
1688 1762 1793 1823 nrotus,

433 1839 539 1913 reliqui
563 1837 601 1897 ad
625 1837 708 1894 illurn
733 1837 780 1894 uel
804 1838 873 1896 recti
897 1846 980 1910 suut,
1012 1846 1044 1895 ut
1066 1838 1244 1895 meridianus
1267 1846 1296 1895 et
1319 1838 1377 1897 rluo
1401 1836 1508 1909 coluri,
1538 1837 1586 1895 uel
1611 1836 1741 1914 obliqui,
1763 1848 1794 1897 ut

434 1925 583 1998 zodiacus,
609 1925 657 1984 vel
681 1928 708 1983 ci
731 1923 873 2003 paralleli,
899 1933 929 1982 ut
954 1924 1012 1983 duo
1035 1926 1140 2000 tropici
1163 1931 1192 1983 et
1215 1924 1273 1983 duo
1289 1925 1413 2002 polares,
1439 1927 1467 1981 iu
1491 1924 1599 2000 quibus
1618 1926 1794 2004 etiarnipse

436 2012 643 2090 parallelorum
667 2015 813 2070 maximus
836 2020 881 2071 est
905 2012 1017 2085 dictus;
1045 2012 1164 2069 ultimus
1194 2012 1315 2070 horizon
1338 2030 1390 2088 pro
1414 2012 1538 2070 diversis
1560 2010 1707 2088 sphaerae
1729 2016 1793 2071 siti·

434 2102 500 2172 bus,
523 2103 659 2158 nimirum
686 2118 737 2177 pro
762 2099 886 2159 dirersis
910 2102 937 2155 iu
962 2098 1052 2158 Terra
1075 2098 1323 2173 habitationibus,
1345 2100 1407 2174 jam
1431 2108 1525 2157 rectus
1549 2108 1608 2173 ent,
1628 2100 1693 2175 jam
1717 2098 1794 2160 obli·

435 2205 520 2264 quus,
541 2182 603 2262 jam
627 2187 794 2246 coirrcirlens
818 2204 883 2245 eum
907 2195 1065 2260 scortatore
1089 2189 1184 2245 etsie
1208 2191 1281 2245 iuter
1304 2185 1469 2263 parallelos.

523 2278 553 2335 b'.
590 2274 724 2349 leudem
752 2282 785 2333 ut
815 2274 961 2350 differunt
984 2276 1061 2332 inter
1083 2291 1112 2331 se
1136 2274 1242 2333 circuli
1263 2277 1383 2331 ratione
1405 2272 1524 2333 erratus?
1563 2272 1660 2333 Aliter
1682 2277 1794 2335 ratione

436 2362 578 2438 sphaerae
604 2361 771 2433 materialis,
796 2362 880 2421 aliter
901 2364 1014 2420 ratione
1037 2360 1145 2419 muudi.
1196 2361 1300 2436 Quoad
1331 2361 1499 2438 sphaeram,
1531 2359 1698 2421 immobiles
1728 2371 1793 2421 sunt

435 2449 554 2509 horizon
579 2457 607 2508 et
631 2448 823 2521 meridianus,
847 2451 933 2507 ceteri
956 2449 1079 2507 mobiles
1110 2466 1226 2523 omnes,
1256 2450 1364 2527 quiippe
1393 2449 1490 2519 visus,
1522 2446 1625 2507 horum
1655 2450 1793 2509 immobi-

435 2536 506 2595 lium
536 2545 638 2597 aueier
667 2545 696 2596 et
724 2539 822 2611 origo,
852 2534 966 2611 judicat
992 2554 1023 2594 se
1053 2538 1213 2612 quiescere.
1261 2537 1300 2593 dt
1330 2535 1428 2611 quoad
1452 2537 1546 2614 ipsum
1570 2534 1730 2611 mundum,
1763 2536 1795 2596 dt

436 2627 619 2697 eontrarium,
642 2638 709 2683 nam
732 2624 813 2683 solus
838 2624 958 2682 horizon
982 2630 1010 2682 et
1033 2622 1210 2682 meridianus
1232 2622 1372 2682 mundani
1394 2632 1565 2692 mouentur,
1590 2631 1702 2683 tractus
1727 2640 1794 2684 vero

435 2712 518 2786 coeli,
542 2716 570 2770 in
594 2729 668 2788 quos
691 2713 777 2771 ceteri
802 2719 978 2787 competunt,
1003 2714 1166 2787 quieseunt.
1211 2710 1347 2786 Denique
1370 2710 1468 2786 (quoad
1488 2709 1618 2781 Terram,
1642 2721 1795 2789 aequarer,

435 2799 493 2858 duo
517 2802 618 2877 tropici
642 2808 671 2859 et
694 2799 751 2858 duo
768 2799 884 2876 polaros
908 2802 934 2855 iu
959 2818 994 2858 ea
1017 2800 1096 2857 rrdixi
1120 2807 1187 2857 sunt
1211 2797 1371 2857 meridiano
1395 2806 1423 2856 et
1442 2797 1585 2856 horizonti
1609 2798 1676 2873 loci,
1702 2810 1731 2858 ct
1753 2802 1795 2859 slc

435 2904 500 2948 cum
523 2896 585 2946 tota
600 2887 690 2946 Terra
713 2895 780 2945 sunt
802 2888 936 2946 mobiles.
982 2885 1065 2945 Haec
1088 2904 1175 2963 supra
1198 2894 1266 2944 suut
1288 2885 1434 2962 explicata
1457 2884 1572 2943 elarius.

525 2974 611 3052 Quae
632 2982 672 3033 cst
694 2991 787 3034 cama
810 2976 901 3047 huju-t
924 2972 1145 3049 discrepantiae
1168 2976 1246 3031 iuter
1274 2973 1401 3032 circulos
1429 2970 1562 3031 Terrae?
1593 2970 1694 3031 Causa
1721 2988 1794 3033 eeu·

379 3130 388 3148 ,
434 3062 512 3120 sistit
542 3066 570 3121 in
607 3062 694 3120 variis
727 3069 756 3121 et
788 3061 997 3141 multiplicibus
1037 3062 1139 3120 usibus
1176 3060 1334 3119 nruterialis
1367 3058 1518 3138 sphaerae.
1579 3058 1654 3117 Nam
1688 3063 1714 3119 si
1749 3060 1795 3121 hie

435 3150 529 3209 solurn
553 3161 630 3210 esset
653 3167 723 3208 usus
744 3149 818 3225 ejus,
842 3158 875 3210 ut
897 3159 927 3210 ct
949 3152 1010 3227 ipse
1034 3159 1063 3208 et
1086 3148 1189 3225 reliqui
1213 3148 1346 3227 paralleli
1371 3147 1573 3222 ostenderent,
1606 3164 1697 3226 super
1719 3166 1794 3225 quo-

435 3254 497 3294 rum
521 3238 629 3297 Terrae
662 3238 792 3296 locorum
817 3240 939 3297 uertices
963 3237 1098 3297 incedant
1123 3237 1173 3295 illrr
1197 3237 1350 3314 eclipticas
1374 3243 1496 3312 punctu,
1527 3252 1604 3311 quae
1635 3237 1665 3293 in
1690 3253 1795 3296 urrum-

438 3341 583 3401 qucmque
607 3323 812 3402 parallelorum
837 3325 981 3383 incidunt:
1007 3333 1075 3384 tune
1099 3327 1128 3382 in
1151 3325 1275 3400 sphaera
1299 3341 1398 3381 omncs
1423 3322 1554 3400 paralleli
1578 3325 1744 3400 potuissent
1767 3333 1794 3386 el

437 3411 605 3470 debuissent
628 3413 707 3486 adigi
732 3411 891 3471 meridiano
915 3413 1034 3488 tierique
1059 3412 1238 3485 immobiles;
1273 3414 1349 3470 sieut
1372 3413 1400 3468 iu
1425 3409 1514 3469 Terra
1538 3419 1605 3469 sunt
1629 3411 1726 3470 eidem
1750 3413 1795 3472 al·

438 3497 498 3576 tiri,
523 3501 630 3577 qnippe
654 3516 718 3557 cum
741 3498 770 3556 hi
796 3500 893 3559 circuli
918 3503 1009 3577 primo
1033 3503 1123 3558 insint
1145 3499 1251 3558 'l'errac
1276 3499 1401 3575 indeque
1425 3498 1452 3554 iu
1477 3497 1590 3557 coelum
1615 3515 1667 3575 pcr
1690 3499 1795 3575 imagi·

437 3588 584 3644 nationem
609 3587 824 3645 transferantur.
870 3588 944 3646 h'am
968 3599 1036 3646 tuuc
1059 3588 1162 3647 oculus
1188 3587 1307 3661 dirueret
1331 3588 1387 3645 sibi
1410 3584 1491 3644 aliud
1514 3589 1598 3662 quasi
1620 3587 1794 3660 tabulatum,

437 3673 599 3732 antulium
624 3675 762 3733 lonricem
787 3683 868 3732 extra
891 3685 919 3734 et
942 3693 1030 3752 supra
1054 3675 1167 3735 eoelum
1191 3675 1334 3746 ultimum,
1358 3674 1488 3748 subque
1513 3673 1605 3732 ueluti
1626 3677 1793 3749 quiescente

436 3759 557 3818 fixarum
580 3761 704 3837 sphaera
728 3761 909 3838 decurreret;
940 3771 967 3820 et
991 3773 1059 3822 tune
1083 3763 1236 3839 quodlibet
1259 3761 1411 3838 eclipticas
1435 3769 1573 3837 puuctum
1599 3764 1626 3819 iu
1652 3761 1725 3821 illud
1743 3781 1793 3822 er·

439 3850 528 3905 terius
552 3849 724 3920 tabulatum,
750 3852 778 3906 in
802 3869 859 3926 quo
885 3852 1032 3924 srupuutur
1055 3855 1151 3909 inesse
1175 3849 1350 3909 meridianus
1374 3859 1402 3908 et
1425 3850 1543 3907 lroriuou
1569 3848 1724 3926 sphaerae,
1748 3852 1793 3907 iu·

439 3934 598 3994 seriberent
621 3940 709 3995 ctiam
733 3955 801 3996 sues
825 3939 997 4016 parallelos,
1030 3938 1238 4017 respondentes
1261 3937 1409 4014 parallelis
1432 3936 1553 4008 Terrae,
1579 3937 1679 3995 itidem
1705 3936 1792 3996 ueluti

438 4023 629 4097 quiescentis,
655 4035 683 4083 et
706 4028 747 4084 sie
770 4043 821 4101 per
845 4027 988 4085 lietioucrn
1012 4027 1087 4086 hauc
1112 4028 1242 4098 adigeret
1266 4043 1316 4084 eos
1339 4025 1509 4084 meridiano.
1556 4021 1614 4082 Sed
1631 4027 1703 4101 quia
1727 4035 1791 4085 tuuc

437 4117 545 4184 puncta
569 4111 626 4168 duo
650 4112 809 4189 ecliptieae,
836 4117 862 4170 in
888 4116 994 4188 quilms
1018 4114 1068 4172 illa
1093 4123 1208 4172 secatur
1231 4114 1268 4172 ab
1292 4121 1467 4188 aequatose,
1494 4115 1704 4188 pertransirent
1726 4129 1791 4172 sue·

440 4198 551 4254 cessis-e
576 4207 667 4256 totum
692 4208 886 4274 aequaturum,
911 4205 1081 4260 existentem
1105 4201 1297 4270 iuuuobilem,
1321 4211 1462 4276 aequatos
1486 4217 1554 4258 uero
1579 4211 1697 4277 prrqrter
1721 4200 1791 4258 alios

440 4300 510 4340 usus
534 4283 634 4343 debuit
657 4290 803 4362 suscipere
827 4306 961 4346 uuureros
985 4289 1021 4344 ah
1045 4293 1053 4344 1
1076 4288 1112 4346 ad
1131 4291 1202 4356 auu,
1227 4291 1308 4346 initio
1326 4307 1383 4345 uon
1407 4305 1456 4364 per·
1472 4285 1532 4344 dies
1548 4287 1683 4359 siueulus
1708 4305 1793 4364 uage,

438 4369 491 4428 serl
522 4379 599 4428 certo
630 4383 657 4429 et
688 4377 845 4446 constanti,
876 4394 915 4433 se.
940 4395 957 4434 a
980 4378 1108 4434 seetimre
1134 4377 1243 4434 vernali
1268 4375 1434 4452 eclipticac:
1467 4377 1554 4444 teum
1586 4377 1667 4446 atl'rei
1696 4373 1792 4434 debuit

439 4465 582 4532 aequatur
605 4460 658 4535 ipsi
683 4459 832 4537 eclipticas
857 4472 883 4520 et
908 4465 948 4521 sie
973 4481 1037 4520 cum
1062 4465 1125 4541 ipsa
1150 4463 1283 4540 ecliptica
1306 4464 1447 4538 sphaerae
1472 4463 1532 4521 tieri
1555 4463 1684 4520 mobilis.
1731 4459 1792 4524 [luo

440 4562 508 4602 uero
532 4545 736 4623 parallelorum
759 4548 845 4606 altixo
869 4549 906 4607 arl
929 4551 1082 4628 sphaeram
1107 4551 1261 4623 mobilem,
1287 4569 1376 4609 causa
1398 4550 1478 4609 nulla
1502 4559 1572 4622 erat,
1598 4553 1669 4625 quin
1693 4549 1792 4626 reliqui

438 4632 569 4708 paralleli
602 4652 701 4693 omncs
733 4633 827 4692 eirlcm
855 4639 1039 4712 adigerentur
1070 4649 1097 4698 et
1133 4657 1182 4716 pro
1214 4638 1432 4716 quiescentibus
1455 4637 1554 4696 srereut
1584 4637 1724 4698 mobiles.
1756 4655 1789 4694 ue

441 4719 586 4780 uideretur
610 4721 725 4781 diuersa
750 4739 848 4780 eorum
872 4728 944 4784 rrrtio
969 4745 1055 4784 eausa
1082 4728 1211 4802 oripiuis.
1259 4729 1373 4803 Quippe
1404 4725 1440 4784 arl
1471 4744 1540 4784 usus
1568 4743 1669 4785 eorum
1693 4743 1790 4803 parum

442 4809 569 4879 interest,
593 4827 644 4886 pro
669 4811 886 4884 quiescentibus
911 4831 973 4872 esse
997 4815 1131 4873 mobiles.

531 4897 682 4972 Qurrrsrrm
707 4898 845 4956 coarlurit
868 4899 938 4957 buce
958 4901 1148 4960 rulrnouitio?
1171 4900 1314 4959 tlonrlueit
1338 4900 1374 4959 arl
1398 4900 1462 4970 hoe,
1487 4913 1517 4957 ut
1535 4917 1678 4958 memores
1695 4903 1790 4972 simus,

439 4999 495 5041 non
528 4983 632 5042 debere
663 5000 716 5041 nos
747 4986 912 5058 imaginari,
946 4993 1029 5062 quasi
1063 4999 1169 5066 prrneta
1193 4989 1239 5047 rel
1263 4989 1322 5066 poli
1347 4987 1512 5064 eclipticae,
1542 4999 1594 5044 aut
1617 4987 1670 5045 Sol
1693 4991 1722 5046 in
1745 4985 1792 5046 illa

439 5078 548 5150 puncta
572 5068 712 5140 incidens,
736 5083 935 5147 pertranseant
960 5078 986 5132 in
1011 5094 1068 5134 uua
1090 5076 1191 5135 diurna
1209 5077 1391 5135 revolutione
1408 5093 1506 5134 omues
1530 5074 1596 5135 illas
1614 5075 1696 5150 liras,
1720 5089 1791 5152 quaa

440 5163 472 5216 in
497 5159 639 5236 cujusque
669 5157 807 5236 parallelo
838 5173 905 5222 sunt
936 5161 1095 5224 collocatae
1126 5167 1327 5240 circumcirca,
1360 5165 1435 5223 sicut
1458 5164 1560 5222 transit
1584 5177 1791 5241 superamare
