4459 6275
441 784 504 846 684
886 779 920 835 Iu
935 777 1084 849 Epitomaa
1099 773 1190 835 Notae
1205 775 1336 835 Editoris.

542 957 585 1025 ts)
603 972 629 1022 p.
642 959 702 1009 466.
731 958 761 1006 ln
774 958 838 1009 Tab.
850 957 918 1009 aad.
933 955 993 1020 (lap.
1009 955 1106 1008 XXVI.
1119 958 1172 1018 agit
1183 954 1307 1019 Ksplerus
1319 956 1351 1006 ds
1365 954 1527 1017 „Melaina
1537 954 1642 1011 Laetae
1656 960 1792 1013 anomalia

438 1044 464 1094 et
482 1035 707 1108 aequatiamhue‘
728 1042 752 1084 et
769 1037 831 1085 haec
848 1036 878 1084 sd
892 1036 1022 1083 historiam
1035 1036 1137 1083 illarum
1150 1037 1234 1083 adem:
1253 1032 1435 1088 Transeamus
1447 1039 1479 1086 sd
1491 1034 1610 1089 alterum
1627 1049 1717 1103 genus
1734 1052 1792 1091 aue

441 1116 548 1184 maliae,
567 1122 742 1181 menstruum,
761 1126 810 1165 seu
829 1111 863 1165 ad
882 1110 995 1180 copulas
1013 1120 1041 1164 et
1059 1110 1239 1179 quadraturas
1258 1110 1330 1165 Solis
1348 1110 1501 1181 alligatum,
1522 1113 1605 1181 cujus
1622 1128 1710 1167 cansa
1726 1129 1792 1168 reor·

439 1194 490 1248 sim
509 1194 543 1248 de
560 1192 640 1246 Luna
657 1189 710 1244 fuit
727 1188 859 1258 agendum
878 1190 906 1244 in
924 1189 967 1244 his
985 1190 1147 1259 praeceptis.
1181 1190 1214 1245 In
1231 1190 1283 1245 hac
1301 1193 1436 1248 anomalia
1457 1191 1544 1246 multo
1563 1191 1674 1260 patebit
1691 1192 1792 1247 criden·

436 1273 501 1341 tius,
519 1284 616 1326 causas
639 1274 762 1323 motuum
781 1283 841 1323 esse
858 1269 986 1338 physicas
1011 1284 1042 1324 ac
1061 1278 1207 1338 propterea
1231 1286 1285 1324 non
1308 1271 1436 1340 injuriam
1459 1283 1537 1324 ame
1560 1270 1665 1325 factam
1691 1270 1792 1325 arculis

437 1358 465 1406 et
483 1349 594 1405 orbibus
614 1346 784 1416 centrisque,
808 1346 923 1415 angulos
938 1346 967 1399 in
985 1354 1109 1416 tempora
1127 1346 1337 1402 admetientihus
1355 1349 1552 1417 aequabiliter,
1580 1348 1658 1418 quod
1676 1348 1711 1401 iis
1727 1350 1792 1403 mle

437 1430 559 1487 dixerim.
597 1425 829 1492 Ptolemaeus,
856 1424 899 1479 cui
916 1433 1117 1479 menstruarum
1135 1425 1361 1494 inaequalitatum
1384 1441 1439 1481 una
1462 1427 1522 1482 sola
1547 1438 1608 1483 erat
1627 1438 1710 1495 nota,
1736 1446 1791 1483 cun

437 1507 550 1576 viduet,
569 1503 745 1574 aequationss
762 1501 871 1566 Lunae,
894 1501 928 1557 de
947 1502 1046 1573 quibus
1065 1503 1214 1570 hactenus,
1237 1503 1379 1573 provenire
1397 1505 1515 1573 majores
1532 1505 1563 1561 in
1582 1506 1698 1574 quadris
1717 1524 1791 1574 qnam

438 1587 466 1641 la
485 1582 604 1653 copulis:
628 1590 660 1637 ut
677 1583 730 1639 hoc
749 1590 942 1649 assequeretur
959 1582 1140 1653 positionibus
1159 1582 1215 1637 suis
1240 1583 1428 1654 calculumque
1445 1585 1510 1641 huic
1528 1586 1718 1641 observationi
1734 1602 1792 1641 con·

436 1664 581 1730 formaret,
607 1660 756 1732 epiepelum
774 1660 883 1731 Lunae,
910 1677 990 1730 quem
1013 1662 1109 1731 prioris
1133 1664 1240 1719 solatae
1262 1663 1464 1733 inaequalitatis
1490 1679 1576 1720 caasa
1596 1664 1791 1725 introduxerat.

436 1743 542 1811 docuit,
564 1748 639 1797 motu
657 1755 722 1794 vero
746 1748 774 1794 st
798 1739 866 1794 reah
888 1739 923 1795 ad
941 1739 1054 1796 Terram
1072 1755 1135 1796 sese
1153 1741 1295 1797 demittere
1317 1742 1359 1796 bis
1381 1741 1410 1797 ia
1434 1758 1543 1812 mense,
1573 1761 1612 1800 sa
1632 1744 1664 1801 in
1682 1754 1791 1817 utraque

436 1820 549 1892 quadra.
1182 1842 1185 1847 ¹

539 1916 599 1971 Hoc
615 1915 656 1969 ita
674 1911 806 1969 creditam
825 1912 877 1967 fuit
895 1914 1066 1971 astronomis
1089 1930 1176 1987 nsque
1195 1915 1230 1970 ad
1247 1916 1568 1988 Regiomontannm,
1592 1919 1643 1987 qni
1661 1917 1743 1985 vidit,
1766 1919 1787 1973 si

439 1996 551 2067 epioycli
570 1995 745 2065 aequationes
764 2007 798 2045 ex
817 1993 1079 2062 appropinquatione
1101 1995 1198 2050 fierent
1215 1996 1347 2066 majores,
1372 1995 1430 2051 fore
1452 2004 1483 2052 nt
1508 2005 1534 2052 et
1554 1996 1682 2066 corporis
1700 1996 1789 2051 Lanae

437 2075 568 2134 diameter
585 2075 613 2128 in
632 2071 743 2144 quadris
761 2079 1014 2141 repraesentaretur
1029 2074 1122 2141 major
1136 2073 1248 2129 semisse
1267 2074 1335 2145 ejas,
1355 2076 1428 2144 quod
1444 2075 1528 2130 habet
1545 2076 1575 2129 in
1593 2074 1719 2144 capolim
1743 2076 1788 2129 hoc

436 2170 499 2210 vero
518 2170 579 2209 cum
596 2151 791 2222 redarguerent
809 2149 1020 2221 observationes,
1039 2150 1137 2207 falsum
1156 2152 1239 2223 igitur
1256 2154 1384 2222 apparuit
1401 2153 1468 2209 illud
1481 2162 1576 2208 tantae
1589 2154 1789 2223 appropinqua-

433 2231 516 2287 tionis
529 2232 635 2302 dogma.
672 2229 894 2299 Capernieus,
912 2227 964 2283 hae
977 2243 1060 2285 causa
1072 2230 1253 2299 phaenomeni
1266 2231 1401 2296 corrvulsa,
1421 2231 1563 2285 substituit
1581 2230 1675 2299 aliam,
1694 2234 1788 2287 realem

436 2317 464 2367 et
480 2309 575 2381 ipsam,
593 2307 728 2378 epicyclos
747 2307 815 2361 duos
833 2322 882 2375 pro
900 2305 1067 2361 Ptolemaios
1084 2323 1154 2375 uno;
1178 2304 1308 2376 majorem
1326 2307 1446 2377 quidem,
1472 2308 1518 2378 qni
1537 2318 1666 2365 centrum
1685 2312 1788 2365 minoris

435 2387 555 2456 veheret,
572 2386 715 2454 minorent,
739 2385 786 2453 qui
804 2386 911 2439 Lunam
928 2385 1028 2454 ipsam,
1051 2385 1078 2439 in
1097 2385 1207 2453 quadris
1226 2402 1286 2441 eam
1304 2396 1446 2455 praestans
1464 2388 1680 2444 remotissimam
1698 2405 1716 2444 s
1732 2406 1788 2445 eea·

434 2473 478 2520 tro
496 2465 614 2534 majoris.
1436 2520 1442 2531 ,

540 2542 611 2612 Quid
629 2542 733 2598 faceret
750 2539 875 2612 Tycha,
893 2532 968 2595 totns
986 2539 1147 2610 perfectioni
1166 2550 1289 2597 motuum
1306 2549 1373 2598 tunc
1390 2543 1531 2611 addictus,
1556 2544 1586 2600 in
1604 2544 1719 2601 circulis
1735 2562 1789 2617 per·

435 2623 535 2679 fectis?
571 2622 750 2691 Copemieum
772 2619 871 2674 imitari
896 2619 976 2674 edam
999 2620 1028 2674 in
1050 2628 1208 2674 menstruae
1230 2621 1431 2692 inaequalitatis
1453 2622 1639 2692 positionibus
1662 2632 1721 2680 erat
1745 2626 1790 2681 dii·

434 2702 521 2770 ticile3
537 2700 594 2770 jam
613 2699 714 2755 dudum
734 2698 804 2753 enim
822 2706 935 2767 propter
946 2696 1063 2752 solutam
1076 2699 1237 2754 anomaliam
1255 2700 1324 2755 duos
1341 2708 1482 2770 receperat
1493 2702 1645 2771 epicyclos
1665 2719 1789 2771 quorsum

432 2782 490 2853 jam
513 2786 657 2849 reponeret
679 2780 804 2848 tertium,
832 2794 912 2847 quem
931 2779 1098 2848 Copemicns
1122 2778 1197 2837 dedit
1223 2780 1372 2836 anomaliae
1391 2781 1565 2836 menstruae?
1600 2780 1738 2839 Nimirum
1759 2800 1789 2837 er

436 2860 502 2916 orbe
520 2858 616 2912 Lunae
634 2860 792 2929 decerptum
810 2858 911 2912 Terrae
930 2856 1072 2925 applicuit,
1091 2840 1292 2927 eentrnm⁸ejus
1310 2859 1404 2913 locans
1422 2858 1450 2912 in
1468 2858 1552 2919 linea,
1571 2874 1646 2928 quae
1664 2862 1789 2929 parallelo

436 2942 510 2994 esset
526 2936 614 2992 lineae
631 2939 746 3008 apogaei
765 2936 886 3006 epicyeli.
920 2933 952 2987 In
971 2935 1063 3004 hujus,
1079 2934 1204 3003 jamnon
1216 2936 1338 3006 epicpcli
1358 2936 1406 2991 sed
1417 2935 1561 3005 hypocpcli
1573 2937 1790 2993 circumferentia

436 3015 521 3071 tirum
544 3022 667 3070 centrum
694 3015 767 3069 orbis
785 3016 893 3083 Lunae,
919 3014 989 3069 duos
1007 3014 1112 3082 priores
1132 3015 1268 3084 epicyelos
1292 3013 1452 3082 deferentis,
1477 3014 1516 3069 sic
1533 3014 1667 3070 incedere
1690 3017 1789 3085 jussum

437 3102 489 3166 est,
508 3102 538 3151 nt
556 3096 585 3151 in
603 3094 708 3164 copulis
721 3095 825 3149 reniret
836 3094 863 3148 in
875 3093 964 3163 ipsum
977 3100 1099 3149 centrum
1111 3094 1220 3160 Terrae,
1239 3094 1268 3149 in
1279 3093 1390 3163 quadris
1407 3094 1442 3149 ab
1455 3109 1486 3148 eo
1500 3090 1664 3161 longissime
1677 3095 1789 3152 omniun

437 3175 585 3231 recederet.
621 3176 658 3229 Et
683 3182 774 3228 tamen
795 3173 885 3228 adhue
907 3172 987 3226 aliam
1006 3174 1100 3243 Tycha
1126 3175 1308 3229 variationem
1331 3172 1522 3242 deprehendit,
1549 3173 1754 3230 inobservatam
1775 3193 1789 3230 a

437 3253 587 3312 veteribus,
612 3252 690 3318 eujus
709 3251 861 3305 effectrices
879 3251 1017 3305 machinas
1040 3266 1094 3305 non
1113 3258 1156 3305 est
1173 3267 1256 3305 ousiis
1280 3252 1381 3305 inferre
1399 3252 1539 3321 systemati
1558 3252 1669 3307 orbium
1687 3255 1788 3308 Lernae:

437 3330 622 3399 transscripsit
645 3330 726 3397 igitur
750 3346 796 3383 eos
821 3330 872 3398 ipsi
895 3328 1015 3383 zodiaco.
1058 3329 1158 3383 Oculos
1183 3328 1290 3397 aperuit
1314 3330 1353 3382 illi
1377 3330 1486 3384 tandem
1512 3331 1582 3383 haee
1611 3332 1788 3399 inaequalitas

436 3409 543 3463 ultima.
566 3416 597 3460 ut
621 3408 711 3461 ridere
735 3407 882 3475 inciperet,
907 3422 960 3460 non
984 3407 1091 3461 circulis
1111 3408 1244 3477 realibus,
1272 3409 1319 3464 sed
1345 3409 1434 3463 causis
1459 3408 1637 3464 naturalibus
1657 3411 1719 3464 aliis
1745 3412 1789 3464 has

437 3486 644 3554 inaequalitates
663 3486 744 3539 effici.

542 3583 612 3651 Quid
637 3598 712 3649 ego,
735 3580 864 3650 Tyehone
888 3582 1013 3634 mortuo?
1050 3583 1143 3636 Dicam
1166 3585 1260 3637 serito:
1289 3583 1389 3638 nodum
1413 3584 1542 3638 Gordium
1569 3581 1639 3638 nihil
1664 3584 1788 3638 attinelur

436 3662 550 3729 solvere,
569 3661 654 3715 securi.
689 3662 754 3714 Post
772 3659 890 3712 diutinas
909 3660 979 3712 enirn
999 3662 1250 3729 contemplationes,
1273 3671 1335 3731 post
1353 3663 1620 3716 transformationem
1641 3680 1697 3718 non
1715 3681 1788 3716 unum

436 3744 532 3810 (quales
551 3745 710 3792 sideralium
728 3742 777 3793 vol.
797 3744 840 3791 lll.
862 3757 886 3803 p.
906 3746 956 3792 all
975 3742 1029 3805 ss).
1053 3741 1162 3794 tandem
1186 3743 1326 3809 apparuit,
1351 3740 1501 3795 anomaliae
1525 3749 1688 3796 menstruae
1712 3757 1788 3794 ears..

436 3820 503 3875 nihil
522 3822 678 3874 mutandum
698 3834 747 3872 nec
765 3819 790 3870 in
810 3819 897 3885 iigrrra
915 3820 1020 3872 orbitae
1034 3820 1136 3886 itunae,
1155 3820 1243 3873 necin
1262 3821 1320 3887 ajars
1332 3818 1494 3874 intervallis:
1515 3834 1624 3870 amrium
1643 3821 1788 3873 enimcum

438 3899 514 3966 sequi
543 3900 661 3952 rationes
689 3898 904 3958 illuminationis,
933 3898 966 3949 ad
992 3914 1060 3965 quas
1085 3907 1206 3951 motuum
1235 3898 1293 3965 ejus
1320 3898 1493 3952 incitationes
1520 3898 1789 3967 refraenatione-que

434 3978 572 4032 naturales
591 3994 639 4031 seu
658 3976 683 4028 vi
701 3977 770 4029 lucis
788 3975 882 4043 ipsius,
901 3992 949 4029 seu
969 3976 1117 4028 ministerio
1137 3976 1245 4029 auinrali
1265 3974 1541 4030 accommodarentur.

538 4056 787 4111 Demonstrationes
812 4056 885 4122 ipsas
903 4055 1014 4120 laneum
1037 4064 1079 4108 est
1097 4056 1141 4107 hic
1160 4054 1309 4122 explicare;
1337 4062 1413 4123 petat
1435 4070 1495 4114 eas.
1525 4055 1572 4121 qui
1591 4054 1741 4110 desiderat
1758 4071 1788 4108 ex

433 4136 560 4204 Epitoma
580 4134 777 4188 Astronorniae.
814 4134 902 4199 lingis
920 4144 962 4186 est
980 4149 1014 4186 ex
1033 4134 1157 4187 instituto
1177 4132 1329 4200 praesentis
1349 4134 1455 4200 operia,
1483 4134 1656 4188 schematum
1675 4133 1787 4202 explici·

432 4214 506 4267 tione
523 4212 700 4266 fundamenta
718 4220 823 4264 struere
841 4209 946 4276 calculi,
973 4228 1007 4263 ne
1026 4211 1058 4264 iis
1078 4212 1209 4280 ignoratis
1227 4213 1393 4266 inarnoenior
1411 4212 1457 4264 liat
1477 4212 1574 4266 calculi
1589 4211 1678 4270 labor.
1697 4227 1788 4280 perse

433 4290 499 4343 satis
518 4289 654 4343 taediosus
673 4289 707 4342 ob
725 4291 819 4343 miram
837 4289 992 4342 cautionum
1012 4290 1185 4358 varietatem,
1211 4307 1279 4359 quas
1296 4291 1368 4358 parit
1388 4291 1454 4344 haec
1473 4306 1528 4344 uon
1547 4291 1642 4359 posita
1663 4292 1696 4345 de
1715 4307 1787 4346 noro.

434 4368 482 4422 sed
501 4367 571 4421 ultro
591 4384 624 4421 cr
644 4377 741 4421 natura
759 4366 849 4420 oblata
869 4367 1034 4436 hypothesis.

538 4449 586 4497 llis
612 4452 753 4511 piritemissis
771 4449 891 4511 lieplerus
914 4451 1040 4498 schemata
1058 4463 1104 4497 sna
1123 4448 1232 4510 explicat
1251 4459 1321 4502 «tetri,
1348 4466 1451 4511 quorsum
1470 4465 1544 4512 supra
1563 4455 1634 4511 (aun.
1657 4451 1700 4502 :sl
1721 4467 1783 4499 nna·

433 4518 525 4564 tionem
545 4520 807 4580 f1=ciurrs,etporqit:
837 4518 902 4569 Cum
921 4525 1105 4570 antecessores
1126 4518 1211 4570 nostri
1239 4517 1325 4570 coatcti
1347 4518 1446 4572 fuerint
1473 4517 1559 4570 solius
1588 4517 1673 4586 hrrjus
1693 4535 1783 4586 aequu-

433 4591 514 4646 tionis
531 4605 684 4647 menstruae
704 4610 786 4648 causa
808 4595 894 4649 reales
918 4597 1083 4648 eccentricos
1107 4604 1135 4647 ct
1153 4594 1240 4648 reales
1259 4607 1348 4649 motas
1374 4597 1456 4650 totius
1480 4597 1615 4664 sphaerae
1635 4598 1731 4651 lunae
1755 4597 1783 4648 d=²

432 4687 502 4724 novo
523 4670 704 4730 introducere.
729 4673 772 4725 hic
790 4689 807 4726 a
825 4687 866 4726 mc
885 4671 973 4725 solum
991 4672 1043 4724 hoc
1062 4674 1184 4740 ponitur,
1213 4675 1401 4742 aequationem
1425 4676 1572 4730 secundam
1601 4690 1665 4731 esse
1684 4695 1717 4730 ex
1737 4677 1782 4729 hu·

433 4749 614 4802 accidentaria
641 4766 773 4803 concursu
801 4750 945 4804 eccentriei
975 4767 1034 4803 eum
1063 4751 1164 4805 circulo
1195 4751 1406 4807 illuminationis.
1450 4753 1486 4806 Et
1512 4745 1653 4808 veteribus
1683 4755 1782 4824 quidem

433 4826 546 4879 liberum
565 4826 627 4888 fuit,
653 4841 711 4879 eam
730 4827 871 4881 instituere
890 4829 1019 4880 rationein
1039 4831 1201 4898 positionum
1228 4845 1336 4883 suanam
1356 4835 1541 4899 (quascunque
1564 4833 1734 4898 oloris-seue,
1758 4847 1782 4884 r:

434 4918 482 4956 eae
500 4903 593 4957 modos
612 4903 692 4958 etiarm
710 4904 822 4973 placitos
840 4906 1006 4973 reciperunt,
1035 4916 1096 4972 aut,
1117 4910 1167 4963 nisi
1187 4911 1238 4964 hoe
1256 4907 1391 4972 ulcerent,
1411 4925 1456 4961 eos
1476 4910 1638 4977 rupudiare:
1666 4929 1708 4966 me
1726 4929 1781 4966 roe·

435 4999 529 5038 causus
554 4982 606 5035 iste
629 4980 839 5050 accidentarins,
869 5000 917 5051 pra
944 4999 1026 5038 eausa
1051 4988 1089 5039 roi
1114 4997 1257 5055 receptus,
1285 4985 1426 5039 confestim
1453 4995 1540 5041 iattttn
1564 4989 1600 5042 ad
1625 4992 1698 5058 leges
1724 5005 1781 5042 suu

435 5064 565 5131 proprias,
585 5060 753 5115 extrinsecus
770 5061 875 5128 allatas,
895 5062 1028 5130 alligavit,
1052 5076 1081 5117 ut
1099 5066 1174 5120 nulla
1192 5066 1302 5119 libertas
1322 5073 1407 5128 esset,
1430 5081 1476 5118 eas
1502 5069 1623 5134 tingendi
1647 5071 1681 5124 ad
1700 5087 1780 5124 ‹uem-

436 5137 495 5207 plar
520 5139 647 5196 destinati
671 5138 790 5193 efectus.
828 5141 930 5207 Quodsi
955 5157 1005 5209 ego
1028 5158 1137 5197 eausam
1161 5143 1199 5197 rei
1227 5158 1367 5211 perperam
1387 5143 1564 5199 collocassem
1587 5149 1614 5202 in
1636 5149 1707 5203 burn·
1725 5165 1780 5202 aa·

436 5232 545 5280 cmsum
563 5216 766 5274 illuminationis
785 5218 1006 5289 accidentarium,
1029 5237 1130 5292 quaeso
1158 5222 1204 5291 qui
1222 5222 1280 5277 lieri
1298 5223 1444 5293 potuisset,
1474 5234 1505 5278 ut
1522 5225 1569 5282 ille
1596 5228 1625 5284 in
1643 5229 1778 5286 effectuum
