4459 6275
887 773 970 832 muer
987 774 1101 832 Pdmus.
1135 775 1204 832 Pars
1220 774 1331 846 Quarta
1724 783 1784 842 161

432 952 546 1025 temet,
575 969 690 1014 rursum
721 953 809 1014 simul
840 954 943 1016 eodem
972 962 1122 1016 momento
1150 955 1330 1032 spectabitur
1359 956 1388 1014 ln
1412 971 1527 1017 occasu.
1575 953 1698 1033 Oportet
1719 975 1788 1035 ergo
1819 972 1821 977 ·

432 1048 527 1100 totam
549 1039 760 1102 Terram'esae
783 1043 924 1102 minorem
947 1042 1040 1103 stellis
1062 1038 1134 1120 ipsis
1157 1043 1231 1103 lixis.
1566 1098 1570 1105 .

520 1127 555 1187 Si
577 1137 675 1189 numm
698 1145 804 1208 corpus
826 1129 917 1189 'lema
937 1131 1004 1206 ipsa
1025 1131 1122 1207 majus
1144 1137 1205 1189 nm
1227 1137 1350 1208 apparet
1370 1148 1508 1209 parrum,
1537 1141 1652 1210 oportet
1673 1133 1787 1212 leugis·
1849 1157 1851 1161 ’

431 1215 508 1274 simo
531 1216 690 1276 intervallo
712 1233 765 1277 scu
788 1217 1049 1277 innumerabilibus
1070 1217 1179 1277 Terrae
1203 1216 1351 1278 diametris
1373 1225 1517 1279 remotum
1540 1237 1639 1282 esse·

521 1313 565 1369 sir
577 1314 626 1389 Ati
636 1315 729 1385 Terra,
748 1315 820 1371 Bau
842 1316 954 1371 horizon
972 1316 1025 1371 loci
1042 1317 1081 1382 Α,
1104 1317 1176 1372 ece*
1202 1317 1315 1373 horizon
1341 1316 1394 1374 loci
1417 1319 1437 1374 O
1456 1318 1588 1388 oppositi:
1614 1320 1637 1374 si
1663 1323 1712 1374 urg.
1725 1322 1761 1368 ²5·

432 1400 630 1462 mansumque
641 1392 736 1448 iumdlt
750 1393 777 1448 iu
796 1392 890 1448 stellas
908 1395 931 1448 B
949 1400 978 1448 et
994 1394 1027 1454 1),
1047 1394 1086 1449 sie
1104 1401 1136 1449 ut
1153 1395 1241 1463 possit
1258 1403 1374 1464 utraque
1391 1396 1475 1451 rideri
1487 1405 1543 1452 tam
1561 1399 1638 1467 exh,

432 1486 516 1541 quam
535 1487 571 1527 ex
588 1472 619 1541 C,
636 1478 745 1541 oportet
763 1472 809 1526 ΒΕ
828 1472 870 1526 vel
889 1472 937 1528 DF
956 1487 1017 1528 esse
1035 1472 1141 1541 maiora
1159 1487 1274 1543 corpora
1292 1475 1353 1542 ipsa
1370 1475 1425 1529 AC.
1661 1487 1707 1548 x1)
1752 1485 1774 1531 r

521 1565 575 1622 An
601 1578 667 1623 non
698 1568 855 1639 quantitas
882 1564 955 1623 taen
986 1566 1190 1640 apparitionis
1219 1565 1478 1625 consultationum
1499 1572 1639 1624 corniano

434 1649 518 1711 docet
539 1668 613 1725 nor,
640 1650 722 1727 qaod
748 1651 842 1710 Terra
864 1655 902 1710 ait
931 1655 965 1709 in
993 1653 1058 1728 ipso
1085 1654 1177 1710 etiarn
1205 1653 1466 1711 consultationum
1498 1655 1638 1712 omnium

435 1737 574 1814 adeoque
593 1745 623 1797 et
636 1738 728 1798 totins
742 1738 853 1797 mnndi
866 1738 974 1812 medio,
996 1745 1033 1797 nt
1055 1739 1146 1814 onlqn
1167 1739 1450 1814 urqnmrntantnr?
1480 1739 1545 1798 Non
1568 1742 1640 1798 sim-

434 1824 551 1902 pliciter
565 1824 646 1885 valet
668 1834 871 1901 argumentum
886 1824 922 1885 de
937 1825 1084 1903 ipsissimo
1108 1826 1207 1884 mundi
1231 1827 1335 1899 medio,
1360 1825 1411 1885 sed
1427 1828 1481 1884 sic:
1510 1824 1539 1904 1)
1561 1825 1639 1900 Quia

435 1912 573 1972 omuibus
593 1915 680 1972 uuius
695 1915 789 1972 unctis
815 1912 894 1972 horis
923 1911 1026 1973 eadem
1055 1914 1214 1990 queuntes·
1235 1915 1377 1990 cujusque
1408 1912 1638 1973 constellationis

434 2002 637 2060 instrumentis
659 1998 900 2077 deprehenditur,
933 2000 1000 2059 hinc
1022 2002 1153 2076 sequitur
1176 1999 1298 2061 duorum
1321 2000 1463 2075 alterum,
1493 2009 1527 2059 nt
1547 2000 1639 2059 Terra
1687 2006 1692 2016 '

437 2085 483 2148 rel
506 2089 538 2145 in
562 2094 661 2147 centro
676 2090 715 2146 sit
729 2087 960 2164 uniuscujusque
974 2086 1155 2162 circulorum,
1179 2105 1231 2166 per
1245 2105 1320 2164 quos
1340 2095 1494 2147 moventur
1510 2085 1638 2147 constel-
1741 2138 1744 2167 ι

435 2174 564 2234 latioues
588 2183 669 2235 mutu
700 2174 822 2253 dirimo,
853 2174 900 2234 vel
932 2176 957 2233 si
986 2177 1052 2252 ipsa
1079 2177 1298 2251 quiescentibus
1327 2176 1392 2235 fixis
1423 2182 1534 2234 motum
1561 2174 1639 2234 huno
1741 2188 1743 2193 '

435 2269 627 2338 apparentem
650 2268 786 2340 praestet,
809 2269 842 2320 ut
864 2269 933 2322 tuuc
955 2269 1073 2322 maneat
1095 2262 1236 2321 distantia
1257 2264 1322 2339 ejus
1344 2282 1362 2322 a
1385 2262 1529 2323 sideribus
1552 2264 1638 2321 iuva·

435 2349 557 2423 rlabilis,
581 2367 640 2408 non
662 2356 784 2422 attento,
807 2349 857 2408 ubi
880 2351 938 2409 sita
959 2351 1006 2423 sit,
1031 2351 1060 2406 in
1084 2356 1182 2410 centro
1205 2352 1344 2424 universi,
1370 2367 1408 2409 au
1431 2360 1523 2410 extra.

398 2509 402 2521 .
524 2435 559 2512 l)
582 2434 660 2513 Quia
675 2436 810 2496 omnibus
834 2439 901 2495 anui
918 2437 1051 2514 partibus
1074 2435 1160 2495 durat
1174 2436 1249 2497 haec
1271 2438 1462 2515 apparitionis
1481 2434 1639 2512 quantitas,

436 2521 510 2583 illud
527 2525 647 2601 iusuper
669 2523 898 2598 demonstratur,
921 2524 1042 2583 Terram
1065 2529 1127 2583 tuto
1151 2522 1202 2582 illo
1226 2531 1356 2602 ternpore
1378 2522 1468 2597 nihil,
1502 2521 1581 2598 quod
1610 2525 1639 2579 in

437 2614 658 2690 comparatione
684 2627 749 2670 cum
772 2610 911 2692 distantia
932 2628 1020 2670 sensu
1042 2613 1136 2669 notari
1164 2613 1275 2688 possit,
1306 2609 1441 2671 recedere
1472 2627 1490 2668 a
1517 2609 1640 2668 marum

437 2699 517 2772 nlla,
547 2699 622 2758 nihil
649 2697 688 2759 ad
716 2715 780 2759 eam
808 2698 958 2759 accedere.
1002 2699 1049 2756 Au
1072 2714 1143 2758 vero
1165 2697 1256 2758 Terra
1286 2698 1404 2758 recedat
1426 2696 1527 2773 aliquo
1549 2699 1641 2755 inter·

438 2785 535 2860 sallo,
567 2786 648 2862 quod
670 2802 721 2864 per
743 2804 775 2847 se
797 2789 869 2845 satis
892 2786 1010 2863 quidem
1032 2803 1181 2862 maguum,
1205 2793 1237 2844 at
1257 2793 1392 2863 respectu
1415 2785 1543 2861 ingentis
1564 2782 1641 2842 rixa·

437 2890 502 2933 rum
524 2871 681 2935 distantiae
703 2873 872 2934 insensibile
886 2877 934 2946 sit,
957 2891 1009 2953 per
1024 2872 1081 2933 hoc
1101 2871 1304 2950 argumentum
1327 2890 1385 2932 nou
1401 2871 1512 2951 patefit.
1558 2869 1643 2931 Sicut

438 2965 635 3035 eeouuario,
658 2964 728 3037 quia
743 2960 880 3040 planetae
901 2978 959 3020 uon
981 2977 1095 3038 semper
1118 2978 1172 3022 nec
1187 2961 1322 3021 omnibns
1345 2963 1413 3020 anui
1429 2960 1563 3038 partibus
1586 2974 1643 3033 ap·

438 3057 542 3126 paraui
563 3047 695 3124 ejusdem
717 3049 902 3124 quantitatis,
925 3047 993 3109 iude
1013 3055 1110 3125 patet,
1140 3047 1327 3109 intervallum
1350 3048 1404 3108 hoe
1426 3050 1501 3108 iuter
1523 3055 1553 3108 et
1568 3045 1644 3106 'ler-
1677 3104 1681 3112 ,

439 3153 501 3196 ram
523 3144 603 3196 certo
627 3138 744 3196 variari.
788 3135 835 3196 An
859 3135 1034 3197 veroTerra
1056 3135 1095 3196 ad
1118 3138 1261 3214 planetas,
1285 3154 1321 3196 au
1342 3135 1372 3195 hi
1395 3135 1433 3196 ad
1451 3134 1581 3209 Terram,
1605 3151 1644 3192 an
1682 3134 1706 3188 B
1764 3131 1784 3177 u

441 3241 511 3285 raro
534 3226 652 3301 utrique
674 3223 712 3283 ad
735 3222 842 3284 alteros
865 3223 1006 3285 accedant
1020 3222 1225 3301 recedantque,
1249 3240 1301 3303 per
1321 3224 1398 3284 hanc
1413 3224 1644 3301 argumentatio-

440 3329 506 3372 nem
521 3311 830 3372 maueiindiscussum
853 3310 1324 3388 examinandumquerelinquitur
1342 3311 1491 3372 doctrinae
1514 3309 1671 3371 theoricae.
1716 3305 1797 3368 Nihil
1918 3357 1920 3362 .

441 3402 517 3460 euim
541 3402 664 3460 interest
687 3398 838 3459 doctrinae
859 3399 1043 3477 sphaericae,
1080 3407 1229 3476 utcunque
1251 3400 1308 3460 hoc
1339 3395 1539 3477 comparatum
1561 3399 1614 3470 sit,
1650 3415 1716 3458 cum
1739 3398 1797 3455 ista

441 3490 567 3547 mutatio
598 3485 807 3565 magnitudinis
830 3489 998 3564 apparentis
1021 3504 1078 3546 uon
1102 3486 1155 3547 liat
1177 3489 1252 3546 inira
1275 3504 1364 3546 uuam
1387 3486 1473 3560 diem,
1497 3486 1548 3563 qui
1562 3484 1698 3545 modulus
1721 3491 1797 3543 iem·
1892 3520 1896 3532 ·

442 3577 522 3653 poris
544 3577 637 3636 motui
660 3575 767 3652 pumu,
792 3572 939 3633 doctrinae
962 3574 1133 3652 sphaericae
1155 3574 1300 3650 subjecto,
1325 3576 1520 3652 praescriptus
1544 3580 1598 3634 est.

532 3662 649 3725 meant
681 3661 825 3739 sphaerae
855 3664 985 3721 mummi
1012 3661 1196 3721 dividuntur
1232 3662 1271 3720 ab
1300 3662 1455 3730 inmeante
1484 3670 1603 3721 terrerw
1640 3661 1797 3739 bifariam,

442 3766 559 3828 iamper
581 3753 663 3811 enirn
685 3748 785 3808 media
814 3766 888 3827 pars
916 3751 1062 3826 crtjnsqne
1089 3752 1220 3825 canapini
1240 3756 1348 3825 puteat,
1378 3757 1407 3808 et
1434 3748 1471 3807 de
1493 3756 1657 3825 aequatore
1683 3764 1800 3824 semper

443 3835 545 3899 media
559 3854 634 3916 pars
656 3839 756 3897 eninr
770 3837 807 3893 12
823 3836 914 3907 horis,
938 3843 973 3895 nt
988 3843 1118 3913 apparet
1139 3839 1174 3894 in
1189 3838 1396 3912 aequinoctiis,
1420 3835 1545 3911 qnando
1562 3837 1614 3896 Sol
1630 3837 1665 3895 in
1680 3852 1798 3910 aequa-

442 3932 506 3986 tore
528 3933 579 3985 eet.
624 3924 755 3984 Haecine
776 3923 887 4000 sufficet
908 3922 951 3981 ad
972 3924 1166 3982 ussnmdnm
1187 3923 1298 3982 Terrae
1320 3931 1458 3982 eennnm
1472 3922 1602 3982 mnndi?
1645 3922 1712 3982 Hoc
1731 3922 1800 3997 qni·

446 4012 511 4073 dem
536 4014 696 4083 evincitur,
720 4010 840 4069 Terram
864 4027 929 4069 esse
953 4018 1083 4071 centrum
1106 4008 1279 4071 circulorum
1303 4012 1495 4069 maximorum
1518 4010 1678 4087 sphaerae,
1710 4025 1799 4084 quam

445 4099 549 4161 oculm
573 4100 629 4159 sibl
654 4099 830 4175 imaginatur
853 4098 959 4174 quovis
983 4106 1123 4176 tempore.
1168 4097 1288 4158 Interim
1316 4114 1368 4174 per
1390 4097 1448 4156 hoc
1469 4104 1671 4174 argumentum
1702 4102 1800 4174 potest

444 4191 527 4247 risus
550 4186 602 4249 ille
624 4204 689 4247 csse
721 4192 804 4246 extra
826 4192 956 4246 canuam
985 4189 1075 4245 totius
1105 4186 1244 4245 universi.
1291 4184 1366 4244 Nam
1397 4184 1497 4245 circuli
1526 4185 1669 4262 sphaerae
1691 4185 1800 4261 imagi·
1873 4220 1880 4234 .

444 4278 565 4335 natione
588 4276 672 4334 visne
695 4275 853 4333 existerent
875 4275 962 4332 etiam
986 4279 1069 4346 tunc,
1101 4275 1127 4332 si
1150 4273 1239 4333 Terra
1261 4272 1431 4350 longissime
1454 4290 1470 4331 e
1493 4289 1547 4331 suo
1569 4271 1636 4333 loco
1659 4270 1800 4345 exularet,

448 4370 502 4423 aut
525 4365 552 4422 ei
574 4363 658 4421 visus
679 4362 708 4420 in
732 4360 817 4419 Luna
840 4359 888 4419 vel
912 4359 990 4420 Jove
1013 4360 1111 4420 aliove
1133 4360 1255 4437 planeta
1276 4367 1368 4433 esset,
1391 4368 1425 4419 ui
1447 4358 1609 4419 audiemus.

537 4448 667 4511 Girnrlr'e
688 4448 762 4508 coeli
783 4454 811 4506 et
837 4446 948 4507 Terrae
968 4449 1213 4525 proportionalia
1235 4451 1379 4507 ruminat
1399 4455 1464 4506 tam
1486 4450 1520 4505 in
1540 4448 1682 4523 tanqum,
1707 4464 1801 4523 quani

444 4540 480 4598 in
510 4537 620 4596 latam.
668 4534 752 4594 Nam
779 4534 880 4594 ubivis
910 4538 946 4594 16
968 4536 1118 4595 milliaria
1143 4533 1328 4596 Gemanica
1357 4538 1391 4593 in
1418 4534 1513 4597 Terra
1534 4534 1671 4622 emqirtnt
1698 4552 1801 4593 unum

443 4624 639 4701 padranin
661 4624 749 4695 melo,
773 4621 885 4697 abique
906 4622 983 4682 liora
1006 4626 1040 4683 in
1068 4623 1163 4682 Terra
1185 4624 1275 4701 efflat
1302 4625 1338 4681 15
1360 4621 1477 4697 qradns
1504 4624 1539 4680 in
1561 4623 1657 4696 coelo,·
1686 4628 1803 4699 oporto

444 4714 542 4789 iqitrrr
563 4710 643 4771 idem
665 4728 771 4771 eornm
793 4717 932 4767 centrum
954 4727 1025 4778 esse,
1054 4718 1193 4771 centrrem
1220 4711 1331 4770 scilicet
1355 4709 1480 4783 Terrae,
1510 4716 1547 4768 ret
1566 4716 1666 4770 redae
1692 4725 1730 4768 ec·
1750 4709 1802 4768 illo

442 4798 574 4860 amidae
603 4797 785 4859 mtdndcnt
812 4808 903 4856 arati
930 4799 1181 4874 proportionales.
1231 4796 1373 4859 collectio
1404 4794 1585 4872 conceditur,
1616 4798 1687 4873 qula
1717 4802 1804 4855 sonat

445 4902 507 4947 nou
529 4885 568 4947 de
590 4894 691 4946 centro
714 4884 867 4946 machinae
890 4883 1070 4959 mundanae,
1104 4886 1156 4945 sed
1180 4891 1292 4945 tautum
1322 4885 1359 4947 de
1383 4883 1500 4944 circulis
1522 4885 1681 4963 sphaerae,
1713 4900 1803 4959 quam

446 4973 554 5036 onius
577 4973 636 5034 sihi
658 4972 875 5049 circumiectam
899 4989 964 5033 esse
987 4974 1172 5050 imaginatur,
1195 4989 1290 5049 eoque
1306 4974 1370 5052 ipso
1393 4988 1426 5032 se
1444 4974 1540 5050 ipsum
1563 4974 1593 5030 in
1608 4970 1687 5030 illius
1703 4977 1803 5030 centro

449 5061 579 5123 eohocm
609 5060 778 5136 laceretque
799 5059 893 5133 idern,
927 5076 1131 5137 quemcunque
1154 5063 1184 5120 in
1207 5061 1304 5120 locum
1326 5058 1426 5121 mundi
1450 5066 1694 5137 transponeretur.
1740 5057 1804 5115 Etsi

448 5157 643 5229 praepomm
665 5157 710 5210 est
731 5149 825 5208 torma
847 5148 1040 5221 collectionis,
1063 5151 1217 5208 nonenim
1239 5146 1307 5209 ideo
1320 5147 1413 5210 ‘l'erra
1435 5148 1463 5204 in
1484 5146 1658 5209 circulorum
1674 5146 1803 5204 omnium

500 5269 738 5325 animosa-ur.
1559 5255 1591 5311 il
