4459 6275
508 769 571 831 268
862 838 864 845 Ι
1003 766 1145 838 Epitomes
1164 767 1354 823 astronomiae
1370 756 1374 763 ’

494 945 678 1023 ¹temperatis
701 946 851 1021 quaelihet
874 945 964 1006 habet
986 946 1156 1007 alterutram
1179 954 1292 1007 11111111
1307 948 1449 1023 umbram,
1473 949 1712 1025 septentrionalis
1724 948 1865 1025 dextram,

507 1033 644 1093 annualis
653 1034 814 1093 sinistram:
837 1035 945 1093 rectius
957 1036 1045 1110 igitur
1060 1030 1253 1112 ἑκατεροσκιοι
1269 1034 1440 1097 dicerentur.
1465 1035 1650 1113 Frigidamm
1666 1037 1785 1099 incolae
1799 1048 1866 1098 sunt

508 1119 626 1196 quidem
649 1122 748 1197 stipsi
772 1117 972 1198 increpamur,
995 1121 1046 1180 sed
1069 1121 1181 1197 placuit
1203 1122 1381 1196 auctoribus,
1404 1121 1470 1183 illos
1492 1142 1511 1183 a
1533 1123 1673 1202 peculiari
1688 1126 1866 1202 proprietate

508 1208 670 1283 indigetare
692 1210 840 1284 periscios,
865 1225 900 1269 eo
924 1209 1003 1286 qnod
1027 1209 1146 1268 umbrae
1170 1208 1236 1284 illis,
1260 1208 1329 1270 Sola
1344 1227 1401 1269 nou
1425 1210 1585 1286 occidente,
1609 1213 1802 1273 circumcirca
1815 1231 1865 1290 per

509 1314 610 1358 omnes
632 1296 792 1355 horizontis
814 1295 918 1373 plagas
942 1304 1076 1371 agantur.
1535 1364 1537 1368 λ

522 1434 527 1454 ,
599 1383 683 1460 Quos
702 1384 819 1459 liparas
840 1383 978 1443 describit
1001 1384 1174 1442 extremitas
1197 1382 1326 1441 umbrae
1348 1386 1381 1441 ia
1403 1384 1535 1459 qnalibet
1565 1402 1644 1447 aona
1664 1403 1761 1463 saper
1783 1385 1865 1449 hori·

508 1475 605 1532 acatis
624 1470 745 1546 plano?
778 1470 904 1530 Materia
926 1480 972 1531 est
993 1472 1111 1548 propria
1134 1473 1338 1546 gnomonicen,
1361 1474 1522 1547 genuitque
1544 1472 1630 1533 nobis
1652 1475 1683 1532 in
1706 1475 1866 1550 geometris

423 1633 425 1637 ι
511 1558 671 1619 doctrinam
696 1557 731 1616 de
754 1560 932 1618 sectionibus
956 1561 1074 1618 conicis.
1120 1556 1329 1633 Imaginandus
1353 1560 1428 1617 enim
1460 1568 1503 1618 est
1533 1578 1640 1636 conus,
1670 1563 1759 1637 cnjus
1788 1562 1866 1619 basis

508 1648 547 1706 elt
562 1645 687 1706 circulus
710 1645 767 1704 diei
784 1646 933 1719 naturalis,
959 1655 1057 1706 vertex
1073 1646 1100 1702 in
1117 1646 1299 1704 extremitate
1322 1645 1391 1716 stili,
1416 1647 1461 1705 cni
1485 1646 1589 1706 estad
1613 1651 1754 1708 verticem
1777 1665 1866 1708 conns

510 1733 598 1807 niter,
629 1750 715 1809 quem
746 1744 827 1792 secat
850 1734 1008 1792 horizontis
1029 1734 1166 1810 planum,
1195 1733 1285 1792 sectio
1309 1734 1553 1793 circumscribitur
1581 1752 1632 1813 per
1655 1738 1866 1795 extremitatem

509 1822 629 1880 umbrae
651 1819 799 1880 mobilem.
845 1821 921 1896 Ergo
945 1824 999 1880 iter
1021 1821 1141 1879 umbrae
1164 1819 1387 1894 aequinoctialis
1411 1823 1439 1878 in
1465 1821 1600 1880 omnihus
1616 1825 1699 1882 zonis
1721 1831 1769 1882 est
1791 1823 1866 1883 linea

509 1915 605 1981 reeta,
629 1915 831 1997 pfecterqusm
854 1910 909 1967 sub
933 1908 1017 1986 polo,
1043 1909 1092 1966 nbi
1121 1908 1200 1965 linea
1221 1907 1410 1982 proiectionis
1434 1907 1553 1968 umbrae
1576 1917 1621 1969 est
1642 1910 1790 1969 horizonti
1811 1928 1866 1987 pr·

509 1995 620 2068 11111111,
645 1997 745 2070 itaque
768 1998 797 2053 in
814 2013 880 2054 eum
903 2013 960 2054 non
976 1995 1087 2055 incidit.
1133 1994 1323 2070 Reliquorum
1347 1994 1513 2054 umbrarum
1529 1999 1591 2068 iter,
1616 1996 1697 2073 qnod
1719 1994 1791 2057 illae
1807 1998 1867 2057 snit

510 2083 742 2143 extremitatibus
765 2085 890 2158 signant,
915 2093 958 2143 est
981 2086 1073 2142 sectio
1089 2085 1206 2141 eorrien:
1231 2099 1353 2156 quarum
1370 2100 1434 2141 eum
1458 2084 1517 2142 sint
1539 2085 1595 2141 tria
1616 2102 1733 2159 genera,
1758 2085 1866 2157 linitae,

510 2180 542 2230 ut
564 2170 675 2246 ellipsis
699 2169 746 2229 rel
761 2171 894 2241 circulus,
919 2171 1048 2229 infinitae
1065 2179 1097 2228 ut
1119 2168 1282 2247 hyperbole
1297 2185 1349 2228 seu
1372 2170 1516 2230 sectiones
1534 2175 1696 2247 oppositae,
1721 2180 1752 2233 et
1771 2171 1868 2232 media

511 2275 611 2318 carum
634 2257 784 2334 parabole,
808 2257 949 2318 finitatem
973 2257 1186 2332 quadamtenus
1209 2257 1366 2330 affectans,
1392 2274 1456 2320 curn
1479 2261 1516 2317 sit
1540 2267 1637 2318 tamon
1660 2271 1691 2319 et
1712 2261 1780 2336 ipsa
1802 2258 1868 2318 inb·

338 2350 342 2365 ¹
424 2382 435 2401 .-
510 2348 589 2407 uita:
621 2347 650 2403 in
673 2344 744 2405 solis
767 2347 855 2421 igitur
878 2345 989 2423 frigidis
1012 2347 1094 2403 zonis
1118 2361 1219 2403 ornnes
1242 2343 1298 2403 hac
1320 2343 1431 2420 figurae
1454 2348 1577 2406 existere
1599 2358 1742 2422 possunt,
1773 2347 1817 2407 sic
1837 2356 1868 2405 nt

511 2433 569 2493 illis
590 2434 708 2509 propria
728 2433 767 2490 sit
790 2432 911 2509 ellipsis,
935 2451 1010 2509 quae
1034 2434 1088 2491 sub
1112 2435 1177 2508 ipso
1200 2431 1269 2507 polo
1292 2438 1337 2489 est
1360 2431 1486 2491 circulus
1510 2433 1669 2510 perlectus,
1692 2451 1745 2494 sen
1771 2435 1868 2513 potins

512 2519 651 2598 spirales,
675 2519 814 2580 circulum
838 2519 884 2578 vel
908 2520 1024 2597 ellipsin
1048 2521 1233 2594 affectantes,
1257 2521 1282 2578 si
1306 2518 1430 2596 plurium
1455 2519 1581 2594 dicrum,
1604 2522 1713 2597 quibus
1735 2520 1789 2583 Sol
1811 2538 1868 2580 uon

511 2606 635 2679 occidit,
666 2607 882 2684 copulationem
902 2610 1056 2686 respicias;
1087 2608 1207 2683 planum
1232 2609 1308 2666 euim
1332 2605 1491 2666 horizontis
1506 2615 1587 2681 secat
1610 2618 1679 2668 tunc
1702 2610 1771 2669 coni
1793 2607 1870 2668 lntns

512 2704 677 2770 utrumqne.
722 2696 779 2754 Die
803 2713 872 2755 sero
898 2695 963 2768 illo,
992 2712 1051 2771 quo
1075 2694 1126 2753 Sol
1156 2695 1335 2753 horizontem
1359 2696 1476 2770 stringit
1499 2696 1536 2763 in,
1551 2694 1649 2755 media
1670 2704 1759 2755 nocte
1781 2706 1869 2755 natu·

509 2783 580 2858 1111,
604 2784 667 2858 Jam
690 2799 846 2843 occasurus
869 2784 1058 2858 sequentibus
1083 2781 1203 2851 diebus,
1233 2783 1287 2840 iter
1310 2781 1429 2840 umbrae
1452 2790 1497 2841 ost
1518 2782 1676 2858 parabole,
1707 2785 1780 2859 qnia
1801 2784 1869 2859 pla·

407 2870 413 2893 '
510 2890 579 2931 num
603 2870 762 2929 lrorinoutis
785 2879 829 2929 est
845 2870 1017 2946 parallelum
1041 2871 1182 2947 superiori
1197 2867 1281 2927 lateri
1306 2870 1380 2939 corii,
1403 2871 1513 2945 quippe
1529 2887 1595 2929 cnm
1617 2869 1777 2930 declinatio
1792 2870 1871 2931 Solis

500 2958 562 3019 liat
583 2957 715 3033 aequalis
738 2957 884 3039 altitudini
907 2958 977 3034 poli.
1024 2958 1060 3016 Et
1087 2956 1161 3034 baec
1184 2954 1321 3032 parabole
1353 2956 1407 3014 snb
1430 2956 1523 3033 polari
1548 2957 1656 3017 circulo
1684 2957 1751 3017 sela
1774 2958 1871 3017 locnnr

512 3046 603 3105 hahet
625 3047 653 3103 in
678 3046 764 3104 unica
787 3045 833 3104 die
856 3044 1020 3104 solstitiali:
1051 3052 1083 3102 111
1105 3047 1181 3104 sient
1204 3044 1244 3102 ibi
1269 3045 1438 3103 terminatur
1461 3060 1536 3102 zoua
1559 3043 1674 3118 frigida,
1697 3048 1742 3104 sic
1763 3044 1872 3105 ibidem

511 3136 680 3193 terminetur
712 3139 741 3191 et
770 3132 881 3209 ellipsis
909 3142 938 3193 ct
966 3132 1114 3210 parabole.
1161 3131 1270 3190 Postea
1294 3148 1362 3190 vero
1395 3147 1483 3205 qnam
1507 3133 1649 3211 incipiunt
1671 3133 1799 3194 invicem
1821 3151 1872 3211 per

512 3223 592 3281 vices
620 3220 776 3281 succedere
805 3222 867 3280 dies
897 3230 925 3279 11
954 3238 1011 3278 1101
1044 3230 1103 3278 tam
1128 3220 1156 3275 in
1180 3218 1307 3293 frigidis,
1340 3236 1428 3293 quam
1452 3221 1480 3276 in
1505 3223 1673 3298 temperetis
1696 3230 1726 3279 et
1741 3219 1870 3302 torrida,

513 3310 605 3382 ligura
629 3310 739 3368 itineris
764 3309 881 3368 umbrae
905 3318 950 3367 est
972 3306 1143 3384 hyperbole,
1167 3325 1219 3366 seu
1243 3307 1386 3364 sectiones
1403 3309 1572 3386 oppositae,
1596 3311 1761 3367 communis
1778 3309 1871 3384 ligura

512 3413 651 3454 nonarum
675 3398 803 3454 emnium
828 3397 946 3454 umbris.
992 3396 1066 3454 Nam
1091 3394 1209 3471 planum
1232 3394 1391 3453 horizontis
1406 3404 1488 3453 secat
1510 3413 1595 3453 axem
1611 3413 1751 3454 canorum
1773 3395 1870 3476 (axem

511 3503 552 3542 se.
577 3482 687 3560 mundi)
709 3493 791 3542 extra
814 3501 950 3542 concrum
975 3483 1107 3541 vertices.
1155 3480 1220 3555 ero
1244 3498 1313 3539 vero
1337 3481 1501 3540 discrimine
1525 3485 1583 3541 sint
1606 3485 1754 3543 sectiones
1778 3501 1872 3562 oppo-

510 3574 585 3630 sitae
609 3571 637 3627 in
661 3572 852 3645 unaqualibet
875 3588 959 3642 zona,
984 3569 1012 3627 id
1036 3567 1239 3646 particularius
1263 3568 1424 3645 explicatur·
1448 3572 1475 3625 in
1500 3572 1691 3644 gnomonicis.

604 3657 660 3717 Ubi
682 3666 709 3717 et
723 3658 847 3734 qrronrlo
869 3666 995 3733 possunt
1016 3658 1143 3715 umbrae
1166 3674 1270 3714 rernm
1291 3656 1587 3730 perpendiculariter
1610 3665 1782 3716 erectarum
1805 3661 1871 3734 pieri

510 3745 729 3822 retropradne?
760 3746 793 3803 ln
825 3763 900 3804 zona
931 3744 1053 3814 torrida,
1090 3742 1207 3819 quando
1239 3742 1392 3801 altitudine
1423 3743 1483 3819 poli
1517 3745 1610 3820 rnajor
1639 3755 1684 3803 est
1713 3744 1870 3806 declinatio

511 3835 709 3909 cognominis:
741 3842 809 3892 tunc
833 3834 924 3903 enim,
949 3834 990 3890 cis
1013 3839 1202 3907 aequetorem
1227 3833 1336 3890 oriente
1360 3830 1437 3903 Sole,
1463 3831 1565 3890 umbra
1588 3831 1715 3891 hominis
1737 3833 1777 3890 ad
1801 3834 1872 3890 dex·

510 3929 586 3981 tram
609 3921 699 3980 fertur
720 3922 758 3980 ab
782 3937 887 3979 occasu
911 3921 1032 3979 hiberno
1057 3935 1158 3978 versus
1182 3936 1317 3978 oceasum
1341 3920 1602 3993 aequinoctialem,
1626 3921 1666 3979 ibi
1690 3919 1872 3996 aliquamdiu

511 4017 649 4069 cunctata
678 4008 769 4068 veluti
803 4011 963 4067 consistens
992 4008 1165 4080 interimque
1196 4007 1312 4064 brevior
1341 4007 1443 4063 ellectrr
1474 4005 1579 4081 relegit
1609 4009 1735 4084 vestigia
1771 4026 1872 4068 sersus

513 4097 669 4168 sinistram,
693 4115 733 4155 sc.
759 4114 860 4155 versus
885 4113 1020 4154 oceasum
1044 4095 1205 4163 hibernum,
1231 4102 1260 4152 et
1284 4101 1423 4163 anstrum,
1448 4101 1477 4151 et
1493 4103 1586 4150 ortum
1599 4096 1692 4170 primo
1708 4095 1871 4162 hibernum,

511 4183 615 4243 deinde
639 4183 892 4258 aequinoctialem,
918 4183 968 4241 ubi
992 4184 1095 4241 iterum
1120 4179 1399 4239 Ι1111101111·111.8011
1420 4180 1482 4255 jam
1507 4198 1660 4254 occasuro,
1685 4182 1817 4242 secundo
1841 4183 1872 4241 111

512 4271 683 4341 retrograda
708 4288 808 4330 versus
833 4270 963 4330 dextram
987 4278 1017 4327 et
1040 4276 1134 4327 ortum
1157 4267 1320 4328 hibernum.

602 4358 692 4416 lictae
714 4362 805 4416 etiam
825 4376 917 4432 penes
940 4374 994 4414 aas
1017 4358 1124 4431 aliqua
1147 4358 1327 4430 capnitianio
1354 4355 1446 4426 brejas
1469 4358 1600 4414 creticae
1623 4357 1766 4415 ntilitnr?
1794 4357 1873 4415 Con·

514 4444 594 4503 ducit
616 4445 653 4502 ad
677 4448 923 4505 constructionem
947 4445 1163 4503 sciatericorum
1187 4460 1222 4501 ex
1247 4444 1336 4501 variis
1359 4442 1455 4517 planis
1480 4444 1724 4517 compositorum,
1749 4462 1872 4520 quornm

512 4531 568 4591 hoe
593 4542 790 4609 repraesentat
812 4532 992 4591 horizontem
1016 4548 1107 4590 zonae
1132 4530 1267 4602 torridae,
1292 4528 1362 4588 illud
1387 4547 1477 4589 zonae
1501 4530 1623 4605 trigidae
1646 4539 1675 4590 et
1699 4539 1806 4592 celcra.

745 4673 793 4731 lle
818 4675 943 4730 eurisis
967 4672 1108 4729 1111111111
1133 4679 1169 4728 01
1192 4667 1422 4727 latitudinis
1446 4686 1635 4728 zonarum.

603 4790 640 4851 Ut
663 4794 838 4868 intelligam,
863 4801 984 4851 tantam
1009 4794 1183 4850 t·crietatern
1208 4794 1420 4866 trrnpericrum
1443 4794 1521 4848 unni
1544 4791 1723 4868 dierumque
1746 4801 1775 4850 et
1799 4811 1871 4852 noc·

514 4884 590 4940 tium
615 4888 643 4937 et
666 4899 744 4952 qnae
769 4882 837 4939 inde
860 4881 1003 4957 dependet
1025 4897 1192 4940 armanum.
1216 4898 1252 4937 cr·
1275 4896 1340 4937 una
1363 4882 1426 4936 10111
1450 4880 1646 4937 inclinatione
1677 4882 1759 4951 aris,
1792 4883 1872 4938 eirea

514 4987 603 5042 quem
626 4968 724 5025 turns
747 4977 876 5032 rotatur,
900 4972 1037 5028 asistere:
1061 4966 1108 5024 dic
1132 4967 1207 5041 quid
1229 4975 1302 5024 trrne
1324 4974 1402 5036 esset,
1427 4968 1453 5022 si
1475 4969 1542 5025 ‹rris
1567 4967 1695 5026 Telluris
1717 4985 1783 5026 11011
1803 4976 1873 5026 erret

516 5057 706 5114 inclinatus?
731 5056 761 5112 Si
785 5058 849 5114 atis
874 5057 921 5114 ille
945 5058 1029 5113 recti-
1053 5055 1169 5129 arignlis
1194 5056 1337 5112 insisteret
1360 5053 1447 5126 plano
1471 5053 1633 5128 eclipticae,
1658 5053 1808 5130 Terraque
1831 5057 1873 5114 sie

514 5145 590 5202 cirea
619 5143 699 5202 illum
732 5152 874 5200 rotaretur
897 5153 929 5201 nt
952 5160 1043 5214 nnnc,
1077 5150 1105 5198 et
1135 5141 1220 5199 sinrul
1244 5144 1319 5201 eirca
1343 5139 1440 5198 Solem
1473 5149 1505 5198 nt
1527 5158 1604 5200 nrmc
1633 5143 1872 5214 circumtenetur,

515 5233 660 5291 constanti
691 5230 747 5291 hoe
777 5238 855 5290 recto
885 5229 1010 5308 angulo:
1040 5239 1110 5290 tunc
1131 5229 1183 5290 Sel
1215 5229 1332 5306 quidem
1363 5243 1461 5287 annuo
1489 5231 1584 5307 spatio
1613 5231 1669 5289 snb
1692 5228 1759 5290 lixis
1781 5229 1874 5291 stellis
