4459 6275
990 741 1073 797 Liber
1090 740 1239 811 Septimus.
1726 744 1788 809 527

435 921 506 984 inde
529 919 592 981 dies
614 920 755 983 accedunt
779 921 815 982 ad
830 921 959 998 aliquam
982 938 1119 998 magnam
1135 937 1279 981 summam
1300 916 1656 994 annorummediocritsm,
1679 925 1791 995 quotve

434 1011 510 1069 alias
535 1007 687 1069 decedant
1065 1028 1069 1043 ¹

527 1094 611 1174 (inid
639 1097 823 1157 discriminis
847 1099 935 1173 possis
962 1097 1303 1172 tntsrprcecsssioncm
1331 1095 1591 1169 aequinoctiorum
1620 1102 1649 1153 st
1677 1097 1789 1153 arctici·

433 1189 591 1262 potioncns
614 1183 902 1260 acqrsinoctiornm?
923 1182 954 1241 Si
979 1191 1113 1242 accurata
1138 1183 1261 1257 agimus,
1285 1183 1447 1259 praecessio
1471 1180 1507 1240 do
1529 1189 1610 1240 motu
1633 1182 1682 1241 ccl
1704 1184 1789 1257 quasi

436 1278 520 1331 motu
542 1278 588 1331 cst
605 1270 816 1349 'intelligenda,
849 1277 882 1329 ut
903 1269 1045 1330 hacteuus
1068 1271 1256 1347 anticipatio,
1284 1286 1389 1345 graece
1411 1289 1624 1346 apospnsnosc,
1655 1269 1691 1328 cc
1714 1280 1790 1329 tem·

435 1376 506 1437 pore
530 1356 620 1418 civili.
665 1358 703 1418 Et
732 1376 797 1418 cum
823 1358 1057 1434 praecessionem
1088 1357 1170 1430 dico,
1205 1374 1262 1416 vox
1292 1358 1540 1432 aequinoctiorum
1567 1363 1653 1415 sonat
1681 1365 1792 1433 puncta

436 1455 517 1507 certa
540 1445 703 1521 eclipticas,
726 1445 867 1507 hacteuus
883 1444 1011 1518 delinita,
1036 1461 1183 1505 sumsero
1207 1444 1444 1521 anticipationem
1460 1445 1587 1516 nomino,
1610 1459 1670 1503 vox
1684 1448 1789 1519 aequi-

434 1536 598 1594 noctiorum
621 1533 779 1610 subjuncta
800 1532 946 1610 significat
961 1531 1039 1592 Solis
1061 1534 1256 1608 praesentiam
1275 1531 1379 1590 inillis
1401 1531 1579 1590 sectionibus
1601 1548 1652 1590 seu
1674 1535 1789 1607 punctis

435 1619 716 1698 aequinoctialibus,
750 1639 801 1681 scu
826 1619 950 1695 clarius,
983 1618 1060 1681 diem
1087 1622 1157 1679 anui
1188 1619 1296 1691 civilis,
1331 1634 1390 1694 quo
1419 1618 1466 1679 dis
1494 1616 1547 1677 Sol
1572 1617 1651 1678 luces
1681 1629 1790 1694 aequat

436 1709 583 1769 noctibus.

524 1796 695 1872 Autieipaut
717 1797 805 1871 igitur
827 1796 1013 1870 aequinoctia
1035 1796 1065 1853 iu
1088 1811 1165 1854 anuo
1188 1793 1267 1853 civili
1290 1810 1342 1852 scu
1357 1791 1487 1868 Juliauo,
1512 1791 1628 1868 quando
1652 1792 1789 1854 deserunt

400 1876 404 1883 ’
434 1884 513 1944 diem
544 1890 652 1943 certam
681 1885 806 1949 mensu,
844 1892 873 1941 et
903 1891 971 1959 post
1005 1882 1120 1959 aliquot
1150 1881 1251 1942 secula
1284 1882 1472 1941 inveniuntur
1504 1883 1535 1941 in
1566 1879 1669 1941 dicbus
1702 1889 1789 1943 aute·

435 1970 618 2033 cedentibus.

525 2057 608 2135 Quid
636 2057 712 2134 facit
741 2058 911 2133 arsnctparc
943 2058 1136 2131 aequinoctia
1165 2063 1193 2114 et
1221 2054 1372 2114 solstitia?
1406 2053 1561 2130 Quantitas
1591 2058 1659 2115 anni
1693 2055 1789 2115 civilis

431 2145 530 2223 paulo¹
547 2145 755 2220 longior‘auno
776 2147 905 2220 tropico:
932 2143 965 2201 tit
986 2146 1062 2202 surim
1078 2140 1154 2215 binc,
1179 2151 1212 2200 ut
1234 2141 1348 2202 desinat
1369 2153 1469 2202 nostra
1491 2147 1652 2203 numeratio
1677 2143 1788 2203 dierum

432 2235 515 2305 antri,
538 2240 695 2308 postquam
710 2231 761 2290 Sol
780 2232 843 2307 jam
867 2238 1063 2307 transgressus
1076 2239 1121 2290 est
1143 2237 1310 2306 susceptum
1333 2230 1443 2291 initiale
1466 2238 1604 2307 punctum
1628 2232 1789 2307 eclipticas.

432 2321 481 2381 lta
506 2322 655 2395 uerissime
678 2318 825 2395 loquendo
847 2335 906 2376 nou
930 2319 1071 2394 anticipat
1094 2326 1209 2394 tempus
1239 2319 1429 2393 aequinoctii,
1463 2317 1552 2377 veluti
1575 2326 1656 2377 motu
1679 2319 1788 2394 aliquo,

431 2407 487 2469 scd
511 2409 660 2485 postvenit
681 2412 781 2464 nostra
802 2408 974 2465 numeratio.

523 2496 561 2554 Et
583 2493 657 2570 qnid
680 2497 808 2552 eicnsim
830 2496 982 2570 postponit
1003 2495 1038 2550 in
1060 2491 1162 2551 eodem
1185 2509 1269 2552 anno
1290 2493 1373 2551 ciuili
1395 2500 1479 2551 ortas
1492 2491 1650 2552 aderam?
1679 2492 1789 2552 Eadem

433 2584 586 2661 quantitas
616 2582 683 2641 atini
715 2581 809 2640 civilis
839 2581 927 2657 paulo
951 2581 1066 2639 brevior
1088 2595 1166 2637 anuo
1198 2578 1326 2653 sidereo,
1358 2581 1437 2656 prius
1465 2580 1540 2638 euim
1570 2579 1704 2640 desinunt
1728 2580 1791 2641 dies

432 2672 507 2729 aursi
529 2671 636 2742 ruostri,
665 2685 754 2745 quam
776 2668 828 2728 Sol
850 2668 888 2727 atl
912 2667 1030 2727 easdem
1052 2665 1126 2727 lixas
1148 2667 1236 2725 luerit
1257 2684 1398 2725 reversus.
1445 2665 1558 2726 Dicitur
1586 2689 1792 2743 aserspcnrncse.

432 2757 482 2817 lta
508 2764 606 2814 rioster
629 2756 724 2814 civilis
739 2773 832 2814 ansius
847 2755 985 2815 Julianus
1009 2765 1053 2814 est
1075 2755 1239 2829 quantitate
1261 2755 1374 2814 medius
1397 2756 1471 2813 inter
1494 2755 1635 2830 tropicum
1659 2765 1688 2815 et
1710 2755 1791 2815 side-

432 2861 534 2915 reum,
569 2860 627 2919 quo
661 2845 777 2903 nomine
806 2861 896 2920 supra
923 2842 997 2902 libro
1027 2841 1082 2901 111.
1111 2841 1162 2901 iob
1195 2843 1267 2900 sto.
1299 2841 1515 2903 commendatus
1550 2842 1604 2901 luit
1634 2844 1671 2903 ab
1695 2850 1791 2903 astro-

432 2949 546 2991 nomru.

528 3016 590 3077 Car
612 3025 713 3076 annm
736 3034 936 3075 numeramus
957 3034 1021 3091 nos,
1046 3016 1272 3092 quadrennium
1292 3024 1320 3075 st
1343 3019 1482 3075 uitiosum
1498 3015 1566 3075 est?
1588 3014 1665 3092 Quia
1680 3017 1790 3076 numeri
1846 3034 1848 3041 ·

433 3108 566 3168 unitates
594 3103 702 3165 debent
733 3121 796 3164 esse
828 3103 985 3176 discretae,
1017 3102 1074 3163 hoc
1104 3110 1149 3163 est
1179 3103 1241 3163 dies
1264 3104 1368 3178 integri
1395 3105 1432 3164 ab
1456 3112 1519 3169 ortu
1543 3103 1621 3164 Solis
1644 3106 1791 3180 usquein

435 3195 602 3273 proximum
626 3201 730 3264 ortum,
753 3194 821 3251 anni
846 3209 914 3250 vcro
933 3194 1082 3267 quantitas
1098 3192 1127 3248 in
1150 3193 1287 3250 usiuutias
1304 3192 1445 3266 quasdam
1468 3191 1603 3251 horarum
1620 3191 1790 3270 explicatur,

437 3299 515 3359 quas
538 3280 749 3339 consulemus
772 3298 827 3339 usu
852 3279 1023 3356 quotidiano
1045 3295 1209 3351 numerare,
1241 3282 1369 3338 conteuti
1392 3279 1495 3339 diebtrs
1519 3282 1648 3356 integris.
1695 3278 1791 3354 Quare

436 3370 606 3429 necessario
630 3370 759 3441 cogimur
782 3374 950 3443 exspectare
974 3375 1032 3425 tam
1051 3365 1108 3440 diu,
1134 3365 1234 3441 quoad
1254 3368 1395 3426 minutiae
1417 3366 1550 3426 residuae
1573 3385 1662 3445 supra
1683 3382 1794 3426 annum

431 3458 578 3534 tropicum
601 3453 639 3513 au
660 3455 747 3514 ilncru
771 3458 839 3514 antri
863 3454 957 3514 civilis
987 3454 1068 3530 (suist
1089 3462 1187 3513 autem
1209 3453 1321 3513 minuta
1343 3454 1433 3514 borae
1459 3456 1508 3517 10.
1544 3456 1606 3515 tot
1638 3453 1712 3515 33“‘
1739 3471 1792 3531 per

432 3541 702 3604 accumulationem
726 3543 761 3601 dc
784 3542 916 3620 pluribus
939 3544 1024 3600 aunis
1046 3548 1216 3601 excrescant
1235 3543 1265 3600 in
1289 3559 1377 3601 unam
1401 3540 1486 3601 diem.

527 3629 589 3688 Etsi
624 3647 692 3688 vero
723 3630 779 3688 hoc
809 3630 917 3689 netum
946 3630 1047 3702 luerit,
1080 3630 1151 3704 quia
1181 3637 1277 3688 tamen
1308 3638 1424 3706 tempus
1446 3629 1502 3689 boc
1529 3629 1643 3690 excedit
1665 3637 1791 3690 aetatem

432 3717 565 3776 hominis
596 3725 699 3794 estque
728 3717 957 3789 incommodum,
989 3718 1121 3775 omittere
1154 3723 1213 3774 mm
1244 3735 1308 3775 raro
1332 3717 1408 3776 diem
1436 3716 1693 3790 extraordiuom,
1724 3715 1791 3777 ideo

435 3803 604 3864 maluerunt
628 3804 759 3864 homines
784 3804 928 3863 illibatum
951 3807 1073 3862 retinere
1096 3801 1214 3862 civilem
1238 3821 1345 3864 annum
1367 3804 1520 3865 Juliauum
1543 3807 1631 3880 inque
1655 3822 1690 3864 on
1713 3807 1792 3863 anti·
1889 3856 1892 3864 ,

433 3893 568 3970 cipautia
591 3892 694 3950 tuturis
710 3893 889 3967 temporibus
912 3892 1061 3965 assignare
1077 3892 1264 3966 aequinoctia
1287 3901 1316 3952 et
1332 3891 1473 3966 solstitia;
1498 3891 1679 3967 quodetiam
1695 3899 1793 3952 astro·

435 3983 532 4039 tremis
557 3978 595 4038 atl
618 3979 848 4062 speculationem
872 3980 1122 4053 aequinoctiorum
1145 3978 1381 4053 percommodum
1404 3989 1467 4052 est,
1490 3981 1662 4056 consignata
1684 3977 1792 4038 babere

433 4070 462 4124 in
488 4086 566 4127 anuo
590 4065 728 4139 Juliauo,
762 4066 850 4125 veluti
875 4066 1020 4137 indiculo,
1050 4065 1330 4124 ominium'aetatum
1354 4067 1555 4142 aequinoctia,
1586 4075 1620 4127 ut
1641 4077 1791 4144 appareat,

433 4154 600 4232 aequaliter
624 4153 674 4211 iila
696 4155 854 4230 anticipent
879 4170 928 4229 per
951 4153 1088 4227 aequalia
1112 4160 1243 4228 tempora
1269 4170 1306 4214 an
1329 4172 1423 4213 sectas

526 4242 607 4319 Quot
637 4259 736 4300 onnes
768 4243 895 4317 requirit
928 4240 1000 4298 baec
1033 4242 1232 4315 anticipatio,
1267 4241 1370 4316 quoad
1398 4242 1477 4300 diem
1510 4259 1609 4299 annm
1634 4240 1793 4317 conficiat?

432 4331 551 4390 I'rinrus
574 4327 761 4405 Hipparchus
784 4331 911 4405 spatimu
937 4328 1069 4386 definivit
1091 4335 1285 4385 trecentorum
1311 4345 1464 4402 annorum,
1498 4328 1601 4388 ductus
1624 4328 1794 4403 conjectura

433 4417 513 4496 cycli
535 4418 584 4476 sui
604 4433 656 4474 seu
680 4419 747 4475 anni
779 4417 874 4475 civilis
897 4415 1023 4487 lutearia,
1056 4431 1145 4489 quam
1167 4414 1318 4491 periodum
1342 4415 1523 4493 Calippicam
1546 4433 1634 4493 supra
1656 4418 1793 4476 uomina·

436 4507 554 4576 vimus,
592 4511 694 4580 utpote
725 4506 752 4560 in
784 4522 842 4579 qna
874 4503 948 4560 uidit
972 4503 1059 4562 etiam
1086 4500 1202 4562 lunares
1230 4507 1326 4562 motus
1357 4506 1384 4561 in
1410 4506 1472 4563 304
1496 4506 1579 4562 annis
1602 4520 1691 4563 uotum
1715 4502 1791 4562 diem

434 4594 608 4667 anticipare.
655 4591 783 4651 Credidit
814 4594 926 4666 itaque,
957 4592 981 4647 si
1014 4592 1044 4647 in
1068 4591 1131 4648 304
1155 4591 1237 4648 antiis
1268 4590 1405 4650 civilibus
1436 4589 1581 4650 solaribus
1613 4594 1701 4652 etiam
1732 4608 1792 4650 una

435 4680 499 4739 alies
528 4680 685 4751 exitnatur,
718 4686 786 4738 tunc
812 4677 878 4736 illos
901 4676 1013 4744 solares
1037 4687 1138 4737 exacte
1163 4676 1320 4753 adaequari
1352 4676 1473 4738 totidem
1501 4678 1660 4737 iurantibus.
1706 4677 1792 4737 Hatsc

434 4765 600 4844 Hipparchi
630 4767 797 4841 opinionem
820 4764 1008 4823 Ptolemaeus
1035 4766 1155 4823 retinuit
1184 4767 1269 4825 nimis
1301 4783 1416 4838 scottre,
1447 4773 1479 4825 nt
1508 4765 1642 4842 Tyclroni
1673 4766 1791 4825 Bralreo

435 4859 544 4925 visum,
568 4852 620 4913 scd
644 4857 704 4929 ipse
728 4853 915 4912 Ptolemaeus
938 4855 1019 4910 visus
1042 4860 1087 4910 est
1109 4869 1174 4910 eant
1197 4853 1386 4928 comprobare
1409 4856 1470 4912 suis
1493 4856 1580 4914 etiam
1604 4854 1792 4912 observatio·

434 4945 542 5013 mbuts3
573 4940 609 5001 de
638 4959 758 5017 quarum
789 4939 844 4999 fide
868 4957 966 5016 supra.
1013 4938 1117 4997 Statim
1149 4940 1225 4998 enim
1249 4950 1316 5016 post
1339 4940 1539 5000 l'tolemacum
1563 4950 1608 5000 est
1627 4940 1792 5016 depreben-

432 5050 509 5102 sum,
534 5029 622 5104 louge
653 5027 775 5088 celerius
804 5046 891 5086 tinam
919 5029 1012 5103 parire
1042 5025 1127 5086 diem.
1174 5025 1277 5103 ltaque
1306 5029 1331 5085 si
1363 5027 1579 5088 dissimulemus
1603 5045 1692 5085 tursum
1716 5027 1792 5086 Pto-

434 5120 592 5190 lemaeum,
616 5118 761 5176 coarctabit
776 5117 832 5176 sibi
850 5117 925 5174 rutio
940 5112 1073 5190 aequalis
1089 5114 1127 5171 ab
1143 5110 1313 5192 Hipparcho
1333 5131 1384 5190 per
1399 5115 1545 5192 Proclum,
1572 5113 1791 5190 Albategnium,

433 5208 552 5280 Persas,
571 5204 699 5278 Arabos,
724 5203 885 5278 Hebraeos,
911 5201 1081 5276 Germanos,
1104 5217 1198 5277 usque
1221 5200 1258 5262 ad
1282 5210 1381 5262 nostra
1403 5210 1550 5281 tempora,
1575 5219 1650 5278 quae
1674 5204 1703 5260 in
1730 5203 1789 5262 134
