4459 6275
484 1969 791 2088 seruosne
820 1883 1263 2090 tenueramus
1291 1897 1764 2098 ocerannus

956 2224 1077 2286 LIBER
1098 2224 1278 2290 TERTIUS.

600 2415 656 2498 llll
681 2414 885 2500 bocihlllt
913 2415 1029 2498 Plillll
1055 2415 1214 2520 tuidi,
1248 2416 1370 2502 lllll'll
1397 2419 1632 2508 SPllhlllilGh.
1724 2416 1730 2439 '

529 2789 596 2850 Cur
614 2788 824 2864 praemittitur
845 2785 985 2846 marino
1003 2787 1160 2862 sphaerico
1182 2787 1352 2849 theoricae?
1372 2787 1437 2848 Etsi
1458 2788 1589 2850 theorica
1606 2800 1704 2853 motus
1725 2793 1793 2873 pla·

429 2882 577 2952 ¹netarum
598 2875 707 2953 proprii
729 2875 941 2951 perseipsum
963 2891 1000 2934 ex
1023 2876 1187 2934 constitutis
1210 2874 1424 2954 hypothesibus
1445 2884 1543 2952 potest
1557 2877 1633 2938 tradi
1656 2888 1686 2940 et
1708 2877 1790 2943 com'-

444 2963 597 3039 prehendi,
626 2960 707 3022 nullo
737 2959 870 3036 indigens
900 2959 1078 3022 adminiculo
1106 2971 1203 3023 motus
1231 2964 1325 3038 diurni
1355 2979 1408 3023 seu
1429 2966 1530 3040 primi,
1559 2973 1657 3026 motus
1689 2979 1792 3032 eontm

442 3052 523 3126 primi
547 3052 688 3112 accurata
709 3047 880 3125 explicatio,
908 3047 985 3125 quae
1006 3050 1135 3127 perlecta
1156 3053 1196 3110 sit
1218 3052 1353 3111 omnibus
1375 3053 1516 3126 numeris,
1550 3055 1718 3130 cognitione
1740 3075 1790 3118 se·

443 3138 612 3215 subdurum,
635 3138 806 3217 praesertim
828 3154 898 3196 vero
921 3135 999 3197 Solis
1021 3145 1169 3211 motuum,
1200 3136 1315 3199 demum
1339 3136 1503 3199 absolvitur
1524 3141 1681 3219 multisque
1703 3146 1791 3207 rebus

442 3244 474 3286 ex
498 3225 632 3288 theorica
653 3243 705 3304 per
724 3225 961 3302 anticipationem
983 3228 1083 3301 petitis
1100 3224 1226 3302 indiget:
1249 3234 1319 3286 sunt
1333 3233 1430 3286 tamen
1453 3225 1577 3288 idoneae
1599 3245 1716 3306 causae,
1740 3250 1792 3293 cnr

470 3312 579 3376 diurno
609 3321 693 3375 motu
722 3313 905 3390 incipiamus.
950 3310 1080 3373 Primum
1108 3315 1185 3374 enim
1216 3321 1313 3374 motus
1345 3313 1466 3374 diurnus
1494 3317 1593 3375 sensui
1623 3320 1719 3377 notior
1742 3329 1789 3381 est
1859 3357 1862 3364 ·

440 3404 595 3479 magisque
617 3402 733 3475 obvius,
756 3399 953 3477 quippeeeler
974 3406 1004 3459 et
1026 3399 1215 3488 quotidianus
1238 3409 1268 3461 et
1290 3403 1370 3461 ritae
1392 3408 1510 3462 nostrae
1532 3404 1697 3465 rationibus
1718 3424 1790 3484 pro·
1909 3429 1912 3436 ·

439 3492 574 3565 portione
595 3491 690 3568 magis
711 3486 900 3565 respondens,
923 3488 1023 3564 itaque
1046 3489 1135 3548 etiam
1155 3489 1237 3566 prins
1252 3490 1379 3549 innotuit
1400 3488 1528 3548 hnmano
1548 3494 1666 3569 generi3
1690 3502 1788 3555 motus

436 3575 563 3642 aeunni
593 3583 662 3637 sunt
683 3574 871 3650 occultiores,
899 3592 918 3634 a
945 3590 1035 3636 sensu
1057 3576 1224 3636 remotiores
1248 3585 1276 3637 et
1297 3583 1416 3654 propter
1437 3576 1604 3637 tarditatem
1630 3581 1789 3659 variasque

439 3665 641 3726 intricationes
669 3682 736 3725 cum
764 3664 857 3741 primo
886 3660 1073 3737 indiguerunt
1098 3661 1189 3741 longa
1219 3661 1452 3737 doctissimorum
1479 3664 1686 3728 observatione
1708 3669 1787 3729 mul·

437 3757 527 3829 toque
557 3754 652 3829 mama
684 3750 884 3830 speculatione
913 3747 952 3808 ad
974 3749 1194 3810 constituendas
1223 3749 1409 3828 hypotheses.
1453 3749 1526 3811 Jnre
1547 3754 1647 3830 itaque
1670 3754 1788 3817 traditio

437 3837 528 3916 hujus
550 3838 699 3901 doctrinae
722 3839 853 3914 sequitur
876 3835 1006 3897 ordinem
1027 3838 1271 3915 investigationis.
1315 3836 1430 3900 Deinde
1461 3837 1572 3916 primus
1596 3842 1787 3904 instrumento

435 3926 640 3988 tantummodo
662 3926 805 4006 sphaerae
827 3923 955 4001 indiget,
989 3923 1068 4000 qnod
1090 3930 1136 3985 est
1158 3925 1305 3985 eoniorme
1328 3925 1410 3985 coelo
1433 3924 1604 4001 aspectabili
1627 3937 1786 4005 possetque

435 4012 657 4091 quodammodo
681 4013 729 4075 rel
743 4015 773 4071 in
795 4015 861 4090 ipso
883 4011 965 4072 coelo
987 4012 1142 4072 monstrari
1157 4013 1220 4072 sine
1238 4013 1447 4088 instrument03
1471 4013 1664 4091 secundorum
1678 4031 1786 4078 musae
1848 4075 1850 4080 .

435 4109 466 4162 et
486 4103 618 4163 rationes
639 4102 722 4162 nullo
744 4099 832 4160 modo
854 4101 885 4157 in
907 4097 991 4159 coelo
1013 4098 1186 4174 aspectabili
1203 4098 1448 4182 demonstrantur,
1472 4097 1525 4157 sed
1545 4102 1662 4162 omnino
1685 4102 1787 4170 tabula

434 4186 526 4265 plana
555 4188 701 4267 indigent,
735 4185 900 4264 cuiusmodi
930 4186 1081 4264 planitiem
1110 4187 1142 4244 in
1170 4185 1253 4247 coelo
1284 4186 1368 4247 nobis
1391 4202 1449 4247 non
1471 4185 1558 4247 facile
1581 4189 1786 4267 imaginamur.

434 4274 495 4337 Sed
516 4293 573 4337 nec
594 4276 681 4337 laeile
704 4285 749 4337 est
770 4292 822 4350 ea,
861 4290 938 4350 quae
960 4272 1194 4356 demonstrantur
1216 4276 1246 4334 in
1269 4274 1371 4335 tabula
1394 4274 1429 4335 de
1457 4273 1609 4351 secundis,
1638 4276 1786 4355 applicare

434 4362 520 4425 euelo
543 4364 616 4441 ipsi,
646 4371 679 4424 ut
701 4361 773 4423 illud
801 4360 894 4421 oeulis
917 4362 1056 4435 occurrit,
1084 4362 1141 4420 nisi
1162 4363 1243 4439 prius
1264 4368 1418 4439 perceptus
1432 4361 1528 4421 *luerit
1549 4370 1645 4424 motus
1667 4367 1786 4443 primus,

433 4457 467 4511 ut
488 4459 589 4511 mente
609 4452 703 4528 possit
725 4470 744 4511 a
765 4448 901 4510 secundis
923 4446 1062 4508 abstrahi.

524 4537 607 4620 Quot
626 4544 699 4598 mni
718 4544 820 4615 partes
842 4536 996 4596 domnoc
1016 4536 1212 4612 sphaericae?
1239 4534 1376 4614 Quinque
1398 4536 1591 4615 potissimum.
1637 4538 1734 4601 Prima
1757 4549 1787 4601 et

433 4624 565 4686 mennda
592 4633 661 4685 sunt
691 4624 887 4701 generaliores
917 4631 947 4683 et
975 4624 1125 4684 continent
1151 4627 1402 4700 praeparationem
1435 4624 1474 4686 ad
1503 4623 1640 4702 reliquas.
1685 4626 1787 4688 Prima

434 4710 521 4773 docet
550 4711 618 4773 loca
647 4719 727 4773 ortus
757 4720 786 4772 et
818 4727 941 4771 occasus
964 4712 1121 4787 vanosque
1148 4711 1223 4770 situs
1253 4718 1283 4771 et
1303 4730 1400 4772 moras
1422 4710 1572 4772 stellarum
1594 4730 1683 4789 snpra
1706 4715 1786 4775 hori·

433 4786 567 4876 contemp
590 4800 641 4860 nbi
664 4799 817 4860 discrimen
841 4799 966 4859 cernitur
987 4799 1100 4875 positus
1124 4797 1266 4874 sphaerae
1287 4806 1393 4873 rectae,
1417 4800 1555 4874 obliquae
1577 4806 1607 4861 et
1627 4801 1786 4878 parallelae

433 4887 463 4946 in
485 4895 612 4965 utroque
634 4886 865 4965 hemisphaerio,
894 4884 1114 4963 septentrionali
1144 4892 1173 4945 et
1196 4886 1325 4946 australi.
1369 4885 1505 4946 Secunda
1528 4886 1617 4947 uadit
1638 4892 1732 4965 magis
1755 4891 1785 4948 in

433 4977 532 5053 speeie
554 4975 725 5053 quorumvis
747 4974 901 5051 eclipticas
923 4978 1095 5050 punctorum
1118 4973 1303 5032 ascensiones
1327 4980 1357 5034 et
1379 4971 1602 5048 descensiones,
1632 4992 1684 5052 per
1714 4992 1784 5052 sep·
1909 5000 1913 5005 -

434 5070 517 5123 tenos
547 5062 691 5140 sphaerae
718 5059 894 5141 principales
924 5060 1039 5137 positus
1068 5056 1106 5118 ad
1135 5057 1300 5136 eclipticam
1333 5060 1458 5130 relatos,
1488 5062 1517 5119 in
1540 5068 1664 5138 unoque
1686 5061 1781 5122 hemi·

432 5150 578 5227 sphaerio:
630 5148 747 5225 Tertia,
775 5155 880 5226 quarta
908 5155 938 5207 et
967 5148 1069 5223 quinta
1095 5153 1247 5205 versantur
1274 5147 1305 5205 in
1334 5147 1528 5224 explicatione
1558 5155 1720 5226 temporum
1755 5157 1785 5211 et

433 5255 508 5316 quae
530 5237 713 5314 temporibus
744 5235 890 5300 accidunt.
924 5234 1035 5300 ,Torua
1056 5234 1134 5294 enim
1155 5232 1192 5295 de
1222 5251 1299 5294 anno
1323 5238 1447 5296 sementi
1469 5234 1631 5312 diebusque
1654 5244 1683 5297 et
1705 5236 1785 5298 horis

1473 5338 1548 5398 14·
