4459 6275
858 776 995 833 Praelatio
1013 783 1042 833 et
1059 776 1211 848 Epistolae.
1470 826 1473 833 .
1542 854 1544 859 A
1648 780 1712 841 633
1757 860 1764 867 .

443 954 501 1015 Die
524 951 610 1037 9l19.
629 959 699 1034 Apr.
726 960 807 1019 loti
830 957 984 1036 chlerus,
1006 959 1175 1036 praemissis
1190 957 1316 1035 querelis
1338 956 1376 1018 de
1398 956 1533 1041 illiolsuo
1549 952 1713 1034 Ludovloo,

357 1040 434 1101 baec
456 1041 508 1102 dat
529 1043 722 1105 dobiclrardo:
747 1046 778 1108 S.
801 1046 834 1105 P.
858 1048 896 1106 D.
943 1045 1048 1107 Habes
1067 1047 1114 1107 bic
1137 1048 1156 1106 4
1179 1048 1303 1123 paginas
1325 1044 1520 1118 Tabularum,
1545 1040 1712 1120 jungendas

355 1128 431 1203 illis,
463 1146 538 1206 quas
561 1131 651 1192 babet
674 1134 713 1194 D.
738 1134 838 1193 abbas
861 1128 1095 1195 Bebenhnsands
1117 1134 1155 1192 D.
1178 1133 1219 1192 Μ.
1242 1131 1400 1193 Hitslerus.
1446 1128 1592 1202 Obsecro,
1616 1145 1713 1188 acrem

356 1223 385 1274 te
407 1231 477 1292 gere
500 1234 659 1294 censorem,
681 1223 851 1297 praesertim
874 1223 902 1278 iu
926 1225 1098 1299 praeceptis,
1126 1228 1160 1280 ut
1181 1221 1287 1280 elarius
1309 1221 1389 1295 loqui
1413 1225 1443 1278 et
1464 1217 1568 1278 docere
1592 1217 1713 1289 discam,

355 1300 409 1364 sed
433 1312 464 1362 et
487 1306 515 1361 in
538 1305 610 1366 locis
626 1323 819 1384 quaeeunque
833 1308 887 1367 tibi
904 1317 1058 1369 oeconont
1073 1307 1258 1387 opponenda.
1296 1307 1426 1365 Tabulas
1441 1304 1594 1365 Piscatorii
1611 1320 1714 1364 reccu-

331 1389 485 1449 'tissimaa
507 1410 572 1451 surn
594 1401 721 1470 secutus,
744 1413 821 1471 quae
844 1396 970 1472 spatium
993 1399 1067 1463 inter
1081 1395 1217 1470 Belgium
1233 1404 1263 1454 ct
1277 1394 1403 1454 Daniam
1420 1391 1602 1452 contrahunt.
1641 1390 1714 1466 EJus

353 1477 457 1537 Scotia
479 1477 586 1539 lineam
610 1480 689 1541 ducit
712 1482 874 1543 notabilem
897 1486 926 1540 in
944 1483 1114 1542 Lusitaniae
1137 1483 1232 1542 litora.
1272 1482 1349 1541 Dum
1373 1482 1463 1558 igitur
1477 1479 1622 1539 admoveo
1637 1477 1718 1553 Seo-¹
1796 1504 1800 1509 ·

356 1567 427 1623 tiam
456 1566 555 1640 nobis,
589 1570 673 1644 sequi
700 1571 775 1647 jussi
803 1571 1002 1644 Lusitaniam,
1034 1572 1205 1647 praesertim
1237 1569 1274 1629 de
1303 1566 1404 1629 Suellii
1433 1569 1586 1627 sententia.
1633 1552 1710 1624 licor

356 1652 490 1729 operam,
523 1664 554 1712 ut
577 1659 797 1717 eonsuictiones
821 1661 945 1718 istacin
970 1658 1142 1734 Apennino,
1176 1656 1316 1734 Alpibus,
1348 1655 1501 1734 Pyrenaeo
1528 1655 1711 1732 potissimum

356 1738 584 1816 occultarentur,
608 1745 687 1819 qood
710 1747 814 1804 itinera
836 1742 978 1824 impodita'
992 1755 1021 1806 et
1037 1746 1170 1804 flexuosa
1184 1746 1250 1803 sint.
1296 1743 1449 1802 Moscuam
1466 1739 1601 1814 extendo,
1625 1757 1711 1800 seco·

356 1834 404 1885 tus
426 1830 555 1887 rationes
577 1832 751 1903 itinerarias,
776 1842 808 1892 ut
830 1842 860 1890 et
881 1836 911 1890 in
927 1832 1072 1908 Hispania
1094 1830 1274 1892 adducenda
1312 1829 1429 1907 Ubique
1452 1828 1501 1889 vel
1521 1829 1712 1898 auctoritates

356 1915 404 1973 rel
427 1917 555 1975 rationes
577 1926 697 1978 secutus
723 1920 795 1979 milri
819 1920 935 1994 uideor3
966 1919 1028 1979 fieri
1051 1928 1148 1978 tamen
1172 1925 1286 1997 potest,
1317 1925 1350 1976 ut
1372 1918 1570 1977 aberraverim
1598 1935 1619 1975 a
1642 1931 1712 1991 pro·

354 2003 462 2080 posito.
508 2002 607 2065 Habea
639 2013 737 2066 autom
768 2017 854 2086 typos
883 2006 1154 2067 tsemicirculures
1185 2005 1281 2065 colore
1313 2004 1396 2063 viridi
1427 2022 1463 2065 ex
1490 2003 1590 2079 lignea
1618 2002 1712 2062 iorma

354 2088 506 2166 quondam
531 2092 647 2169 Apiani,
671 2111 760 2170 quam
782 2095 830 2153 hie
852 2103 953 2153 mutuo
977 2095 1077 2155 sumai.
1124 2092 1170 2152 Τιι
1193 2094 1296 2166 insere,
1321 2094 1399 2169 prius
1422 2099 1521 2151 tamen
1545 2091 1619 2150 bene
1642 2090 1712 2167 glu-

323 2221 325 2225 .
356 2177 460 2235 tinatis
496 2184 526 2237 et
555 2180 764 2256 complanatis,
794 2189 825 2241 ct
852 2183 963 2255 scribo,
994 2188 1160 2258 praeatetne
1188 2179 1290 2240 radere
1323 2187 1352 2239 et
1379 2178 1480 2239 rodere
1510 2195 1644 2255 cuprum,
1673 2193 1712 2235 au

354 2263 501 2341 sculpere,
525 2273 554 2324 et
577 2250 672 2325 etium
695 2270 815 2329 minoris
839 2268 976 2328 sumtus?
1009 2268 1189 2342 Noribergae
1211 2283 1294 2327 rasor
1314 2275 1360 2327 est
1379 2268 1516 2343 egregios
1533 2262 1710 2345 (Gravirer).

352 2350 457 2412 lusere
479 2352 597 2424 directe,
621 2372 690 2414 eura
713 2355 863 2416 evertendi
886 2359 977 2415 rasori
1000 2355 1189 2431 relinquatur.

444 2439 508 2497 Etsi
522 2438 684 2503 Jansoniue
700 2444 729 2501 in
745 2444 817 2502 locis
832 2462 851 2502 a
865 2442 911 2503 rue
927 2445 1051 2518 signatis
1067 2445 1095 2499 in
1107 2441 1244 2518 catalogo
1260 2442 1352 2502 teneri
1370 2459 1429 2501 non
1441 2447 1538 2519 potest
1559 2441 1587 2498 in
1603 2456 1712 2515 mappa

352 2543 411 2587 aua
434 2527 604 2596 universali,
627 2533 681 2590 etsi
704 2533 793 2590 etiam
814 2530 901 2591 litora
928 2531 1090 2607 Hispaniae
1113 2538 1169 2590 eto.
1193 2531 1277 2606 sequi
1297 2528 1404 2589 debent
1426 2529 1512 2588 urbes
1535 2545 1554 2586 a
1576 2543 1622 2587 me
1645 2528 1710 2602 sig-

352 2622 442 2672 natas
464 2631 516 2693 pro
540 2633 611 2674 suae
633 2619 859 2696 propinquitatis
881 2622 1010 2691 ratione,
1043 2628 1140 2676 tamem
1166 2616 1229 2693 lam
1252 2619 1282 2674 iu
1305 2634 1384 2677 noro
1408 2617 1478 2676 orbe
1501 2614 1589 2674 velim
1611 2616 1710 2672 stricte

353 2702 450 2760 teneri
471 2699 660 2784 larrsonium,
682 2707 712 2762 in
728 2706 860 2772 Curiatiis
884 2714 912 2764 at
932 2705 1076 2783 rasoribus
1099 2703 1294 2776 intervallum,
1318 2703 1397 2780 quod
1420 2703 1549 2762 loturum
1571 2707 1616 2761 est
1638 2702 1713 2758 inter

351 2788 532 2866 Hispaniam
547 2789 735 2868 Africamque
758 2811 852 2852 meam
875 2801 904 2853 et
918 2793 1076 2852 Pemviam
1099 2790 1323 2865 Janeonianam,
1346 2792 1532 2869 proportione
1547 2806 1583 2850 aa
1604 2803 1712 2849 acceu-
1742 2837 1754 2866 .—

351 2870 428 2950 sert,
453 2880 529 2952 quae
551 2895 628 2938 nunc
650 2880 855 2958 visiturapud
878 2879 1067 2953 Jansonium,
1096 2887 1129 2938 ut
1151 2880 1221 2954 quia
1245 2878 1296 2938 ille
1325 2877 1377 2938 dat
1398 2876 1541 2939 Hoeonae
1569 2874 1626 2936 36⁰
1649 2870 1712 2947 45⁴,

353 2978 414 3040 ego
438 2961 495 3022 90⁰
517 2963 565 3023 vel
587 2965 617 3027 h.
641 2968 671 3026 0.
696 2969 730 3042 0,
762 2968 898 3027 omnibus
921 2985 990 3044 ergo
1012 2966 1206 3028 Jarrsoniauis
1228 2983 1247 3025 a
1268 2983 1314 3026 me
1337 2983 1395 3026 non
1419 2966 1544 3041 signetis
1575 2966 1604 3022 in
1627 2970 1712 3022 cata-

352 3050 427 3126 logo
449 3067 503 3110 nec
526 3055 695 3130 propinquis
719 3054 862 3114 addantur
886 3051 942 3115 53⁰
968 3055 1026 3113 15‘.
1065 3053 1098 3112 ld
1113 3054 1171 3112 hoc
1197 3061 1378 3129 argumento,
1402 3053 1472 3129 quia
1494 3053 1590 3111 fluxus
1609 3049 1712 3109 oceani

353 3146 518 3216 perpetuus
542 3149 587 3199 est
610 3144 639 3200 in
663 3144 852 3213 occidentem,
876 3152 906 3201 et
922 3142 1094 3220 plerumque
1109 3144 1296 3218 experiuntur
1311 3152 1429 3214 nautae,
1453 3158 1485 3200 se
1500 3140 1581 3199 iluxu
1597 3136 1712 3199 delatos

354 3230 388 3285 in
411 3226 593 3288 occidentem
617 3229 693 3289 ultre
709 3230 789 3306 leges
811 3247 883 3289 suae
897 3230 1044 3289 bussolae.
1079 3230 1122 3287 Eo
1137 3231 1254 3290 nomine
1270 3230 1358 3288 etiarn
1374 3230 1469 3289 ausim
1481 3227 1716 3304 promontorium

342 3306 453 3373 'bonae
477 3316 539 3392 spei
562 3316 754 3377 subordinare
776 3318 937 3376 meridiano
955 3317 1109 3390 Huennae,
1132 3319 1188 3375 etsi
1202 3316 1364 3377 Jansonius
1386 3316 1416 3375 id
1438 3315 1510 3375 iacit
1525 3312 1712 3386 orientallus;
1825 3318 1828 3324 '
1919 3361 1922 3370 .

354 3400 387 3460 id
411 3400 527 3478 (ceteris
548 3402 666 3464 incertis
696 3413 726 3464 et
747 3404 856 3481 dubiis)
878 3407 1033 3482 praecipue
1056 3404 1095 3462 ob
1118 3403 1164 3477 id,
1194 3412 1228 3463 ut
1249 3404 1393 3464 Huennae
1421 3401 1601 3463 meridianus
1627 3401 1713 3476 quasi

353 3489 499 3548 naturalis
525 3488 668 3560 videatur,
692 3510 742 3567 per
765 3492 924 3551 latissimas
947 3492 1157 3552 continentium
1180 3492 1314 3567 Europae
1337 3492 1496 3552 etAiricae
1518 3506 1585 3549 oras
1607 3503 1713 3548 excur-

353 3593 435 3637 rens.
478 3575 554 3634 Nam
584 3586 614 3637 ct
642 3579 769 3656 nordcap
798 3597 830 3638 se
853 3580 1014 3655 praebebit.
1060 3578 1120 3638 Sed
1148 3578 1232 3656 plura
1261 3580 1391 3639 monebit
1417 3593 1571 3638 successor
1594 3591 1710 3652 operae.
1792 3593 1799 3604 ·

356 3662 447 3738 Quod
469 3662 593 3723 Moscua
620 3672 701 3725 tanto
731 3669 855 3726 excrrrrit
884 3671 913 3725 ln
944 3670 1083 3727 orientem
1115 3684 1153 3726 nc
1181 3668 1342 3726 movearis:
1373 3668 1471 3725 nautis
1498 3665 1605 3723 nostris
1635 3659 1713 3722 eirea

353 3750 445 3810 litora
469 3753 571 3809 oceani
596 3753 661 3830 plus
684 3753 760 3827 fidei,
784 3752 922 3813 Straboni
945 3756 1022 3814 circa
1043 3750 1264 3815 mediterranea
1304 3752 1358 3813 llle
1381 3768 1452 3812 vero
1467 3751 1590 3828 Caspias
1613 3757 1712 3828 portas

354 3855 424 3898 cnm
447 3842 645 3914 promontorio
668 3841 869 3912 Caramaniae,
893 3840 973 3917 quod
994 3841 1099 3899 fretum
1122 3842 1237 3916 stringit
1260 3842 1341 3900 sinus
1365 3840 1484 3911 Persici,
1507 3838 1562 3897 sub
1585 3835 1710 3897 eundem
1800 3865 1802 3870 ·

354 3927 443 4001 quasi
466 3924 657 3985 meridianum
681 3929 786 3989 reterre
809 3928 933 3987 videtur.
978 3927 1012 3985 ln
1036 3944 1146 3987 oceano
1161 3927 1263 3987 Indico
1286 3928 1343 3988 boe
1364 3925 1473 4003 adjicio
1495 3924 1656 3995 audaciae,
1681 3930 1714 3981 ut

355 4013 475 4071 Africae
506 4011 592 4072 litora
619 4024 779 4091 sequantur
805 4024 893 4091 caput
923 4016 1026 4076 Bonae
1055 4014 1127 4091 Spei
1157 4016 1311 4091 (quantum
1342 4014 1432 4090 bujus
1464 4015 1612 4088 patientur
1645 4009 1713 4071 loca

352 4091 552 4174 Indiae,'jam
576 4103 604 4158 in
629 4102 795 4180 catalogum
817 4105 936 4161 inserta.
971 4097 1041 4162 'Sed
1071 4111 1100 4161 et
1123 4101 1259 4161 Sinarum
1289 4102 1339 4161 ille
1362 4103 1468 4160 nimius
1496 4116 1651 4177 procursus
1682 4100 1713 4156 in

354 4189 498 4246 orientem
522 4191 655 4265 restringi
678 4190 808 4267 posset),
832 4191 946 4250 etiamsi
968 4191 1012 4249 sie
1033 4188 1113 4247 iliius
1129 4196 1259 4249 extrema
1282 4198 1312 4249 et
1326 4188 1457 4267 Japouia
1478 4188 1596 4263 longius
1617 4184 1713 4246 divel-

353 4275 436 4333 latur
467 4274 505 4333 ab
535 4275 707 4336 occidentali
737 4276 822 4336 litore
853 4278 1007 4337 Peruanae
1037 4277 1075 4335 ob
1106 4293 1211 4336 musas
1239 4277 1372 4347 easdem,
1403 4294 1479 4353 quas
1508 4276 1590 4351 prius
1617 4273 1712 4350 tetigt.

353 4361 418 4420 Fae
447 4377 505 4420 non
529 4363 628 4422 ualent
661 4371 712 4422 aut
743 4381 802 4424 non
833 4372 946 4424 tanturn
975 4363 1077 4423 valent
1103 4355 1134 4421 iu
1162 4380 1274 4424 occano
1296 4363 1399 4424 Indico
1422 4361 1650 4422 orientalissimo
1673 4361 1711 4421 ob

331 4448 544 4508 ’crebritatem
578 4450 748 4512 insularum.
800 4451 904 4528 quue
936 4454 965 4508 in
996 4451 1117 4511 arbitrio
1143 4453 1273 4525 retineo,
1308 4452 1335 4509 si
1367 4448 1577 4512 occidentalius
1607 4447 1713 4508 lecturi

354 4551 459 4594 sumus
482 4544 571 4612 caput
593 4537 688 4597 bonae
711 4539 788 4615 spei,
812 4539 901 4615 idque
923 4537 1031 4611 multo,
1065 4537 1129 4614 eJus
1151 4539 1387 4618 transpositionis
1403 4539 1586 4615 potissimam
1600 4544 1713 4613 partem

354 4620 525 4701 impendere
546 4621 680 4683 litoribus
696 4626 821 4700 Africae,
845 4626 950 4685 exinde
980 4628 1008 4683 in
1032 4627 1174 4684 orientem
1197 4616 1397 4699 extendendis,
1427 4634 1460 4685 ut
1482 4623 1552 4683 dlxi
1598 4621 1713 4697 osup·

354 4712 445 4770 etiam
468 4709 564 4770 tontes
586 4718 719 4789 respectu
749 4715 888 4772 ostiorum
918 4715 1006 4772 nimis
1029 4712 1185 4773 orientales
1215 4713 1311 4773 iacere
1338 4712 1455 4772 ridetur
1474 4710 1653 4782 Jansonius,
1686 4711 1712 4768 si

354 4796 496 4857 Straboni
519 4797 608 4873 fides3
631 4806 661 4859 et
683 4801 749 4876 quis
771 4799 822 4860 illo
846 4799 1002 4860 dilucidius
1025 4800 1061 4859 dc
1084 4798 1170 4859 India
1191 4801 1333 4878 scripsit?
1368 4801 1474 4876 ltaque
1489 4799 1620 4858 Persium
1643 4813 1712 4855 ver-

339 4901 407 4968 ¹sus
430 4888 643 4959 septentriones
667 4890 809 4947 coarctari
832 4888 964 4948 nonnihil
987 4886 1067 4947 baud
1090 4889 1239 4962 nocuerit,
1271 4895 1304 4946 ut
1326 4885 1446 4964 Ganges
1473 4907 1492 4947 a
1513 4886 1594 4946 tonte
1616 4885 1712 4959 magis

355 4974 385 5031 in
409 4973 551 5032 orientem
573 4974 719 5033 tundatur.
1768 4969 1771 4974 ’

444 5058 532 5120 Mitto
554 5061 608 5120 iras
630 5079 682 5139 par
703 5060 793 5121 tiliam
815 5062 854 5122 D.
878 5060 987 5121 Blossii
1008 5080 1037 5137 p.
1060 5080 1115 5136 m,
1145 5078 1233 5138 qnam
1255 5061 1461 5138 intempestive
1491 5062 1600 5122 excivit
1631 5059 1711 5124 tama

354 5144 438 5226 apud
468 5163 522 5206 roe
543 5146 588 5227 (ut
609 5148 647 5207 ad
670 5151 763 5225 ipsam
784 5147 983 5228 perscribitur)
1003 5167 1107 5227 sparsa
1138 5149 1174 5210 de
1200 5150 1293 5226 ipsius
1323 5152 1484 5227 puerperio.
1531 5149 1711 5208 Decreverat

299 5261 300 5268 ι
334 5234 456 5314 'patrm
477 5237 648 5296 comitatum
671 5246 849 5324 exspectare.
895 5236 973 5313 Quid
1002 5237 1054 5298 illa
1077 5236 1187 5298 dudum
1209 5236 1288 5314 apud
1312 5253 1366 5297 ros
1388 5237 1538 5310 meruerit,
1568 5236 1608 5297 ob
1629 5233 1711 5313 qood
