<?xml version="1.0" encoding="UTF-8"?>
<!DOCTYPE html PUBLIC "-//W3C//DTD XHTML 1.0 Transitional//EN"
    "http://www.w3.org/TR/xhtml1/DTD/xhtml1-transitional.dtd">
<html xmlns="http://www.w3.org/1999/xhtml" xml:lang="en" lang="en">
 <head>
  <title>
</title>
<meta http-equiv="Content-Type" content="text/html;charset=utf-8" />
  <meta name='ocr-system' content='tesseract 3.04.00' />
  <meta name='ocr-capabilities' content='ocr_page ocr_carea ocr_par ocr_line ocrx_word'/>
</head>
<body>
  <div class='ocr_page' id='page_1' title='image "./joanniskepleria03frisgoog/joanniskepleria03frisgoog_0215.png"; bbox 0 0 4459 6275; ppageno 0'>
   <div class='ocr_carea' id='block_1_1' title="bbox 740 767 1780 859">
    <p class='ocr_par' dir='ltr' id='par_1_1' title="bbox 740 767 1780 859">
     <span class='ocr_line' id='line_1_1' title="bbox 740 767 1780 859; baseline 0.011 -35"><span class='ocrx_word' id='word_1_1' title='bbox 740 769 824 826; x_wconf 79' lang='lat' dir='ltr'>Liber</span> <span class='ocrx_word' id='word_1_2' title='bbox 842 770 990 829; x_wconf 83' lang='lat' dir='ltr'>Secundus.</span> <span class='ocrx_word' id='word_1_3' title='bbox 1027 771 1069 827; x_wconf 88' lang='lat' dir='ltr'>De</span> <span class='ocrx_word' id='word_1_4' title='bbox 1087 770 1211 840; x_wconf 86' lang='lat' dir='ltr'>Sphaera</span> <span class='ocrx_word' id='word_1_5' title='bbox 1229 776 1258 826; x_wconf 91' lang='lat' dir='ltr'>et</span> <span class='ocrx_word' id='word_1_6' title='bbox 1274 767 1384 828; x_wconf 90' lang='lat' dir='ltr'>circulis</span> <span class='ocrx_word' id='word_1_7' title='bbox 1401 769 1471 839; x_wconf 74' lang='lat' dir='ltr'>eius.</span> <span class='ocrx_word' id='word_1_8' title='bbox 1522 843 1529 859; x_wconf 32' lang='grc' dir='ltr'><em>Ι</em></span> <span class='ocrx_word' id='word_1_9' title='bbox 1716 773 1780 835; x_wconf 68' lang='grc'>006</span> 
     </span>
    </p>
   </div>
   <div class='ocr_carea' id='block_1_2' title="bbox 420 941 1786 5320">
    <p class='ocr_par' dir='ltr' id='par_1_2' title="bbox 426 941 1781 1204">
     <span class='ocr_line' id='line_1_2' title="bbox 427 941 1781 1028; baseline 0.004 -25"><span class='ocrx_word' id='word_1_10' title='bbox 427 941 606 1022; x_wconf 72' lang='lat' dir='ltr'>intelligatur</span> <span class='ocrx_word' id='word_1_11' title='bbox 622 946 718 1009; x_wconf 82' lang='lat' dir='ltr'>diuisa</span> <span class='ocrx_word' id='word_1_12' title='bbox 736 951 840 1011; x_wconf 89' lang='lat' dir='ltr'>intres</span> <span class='ocrx_word' id='word_1_13' title='bbox 861 958 960 1028; x_wconf 88' lang='lat' dir='ltr'>partes</span> <span class='ocrx_word' id='word_1_14' title='bbox 975 950 1125 1028; x_wconf 75' lang='lat' dir='ltr'><strong>aequales,</strong></span> <span class='ocrx_word' id='word_1_15' title='bbox 1148 950 1332 1028; x_wconf 87' lang='lat' dir='ltr'>principium,</span> <span class='ocrx_word' id='word_1_16' title='bbox 1353 947 1483 1011; x_wconf 86' lang='lat' dir='ltr'>medium</span> <span class='ocrx_word' id='word_1_17' title='bbox 1499 956 1528 1010; x_wconf 93' lang='lat' dir='ltr'>et</span> <span class='ocrx_word' id='word_1_18' title='bbox 1542 949 1638 1023; x_wconf 87' lang='lat' dir='ltr'>finem,</span> <span class='ocrx_word' id='word_1_19' title='bbox 1660 947 1781 1027; x_wconf 87' lang='lat' dir='ltr'>perinde</span> 
     </span>
     <span class='ocr_line' id='line_1_3' title="bbox 427 1031 1781 1115; baseline 0.003 -23"><span class='ocrx_word' id='word_1_20' title='bbox 427 1031 507 1093; x_wconf 83' lang='lat' dir='ltr'>acsi</span> <span class='ocrx_word' id='word_1_21' title='bbox 531 1051 616 1095; x_wconf 87' lang='lat' dir='ltr'>arcus</span> <span class='ocrx_word' id='word_1_22' title='bbox 639 1036 750 1112; x_wconf 88' lang='lat' dir='ltr'>circuli,</span> <span class='ocrx_word' id='word_1_23' title='bbox 774 1055 827 1098; x_wconf 92' lang='lat' dir='ltr'>sen</span> <span class='ocrx_word' id='word_1_24' title='bbox 849 1057 917 1114; x_wconf 86' lang='lat' dir='ltr'>pars</span> <span class='ocrx_word' id='word_1_25' title='bbox 941 1039 1005 1115; x_wconf 78' lang='lat' dir='ltr'>eius</span> <span class='ocrx_word' id='word_1_26' title='bbox 1027 1047 1143 1099; x_wconf 84' lang='lat' dir='ltr'>centum</span> <span class='ocrx_word' id='word_1_27' title='bbox 1166 1045 1197 1097; x_wconf 90' lang='lat' dir='ltr'>et</span> <span class='ocrx_word' id='word_1_28' title='bbox 1219 1038 1361 1098; x_wconf 81' lang='lat' dir='ltr'>vicesima</span> <span class='ocrx_word' id='word_1_29' title='bbox 1383 1044 1462 1098; x_wconf 91' lang='lat' dir='ltr'>esset</span> <span class='ocrx_word' id='word_1_30' title='bbox 1484 1039 1513 1096; x_wconf 89' lang='lat' dir='ltr'>in</span> <span class='ocrx_word' id='word_1_31' title='bbox 1536 1043 1645 1098; x_wconf 88' lang='lat' dir='ltr'>rectem</span> <span class='ocrx_word' id='word_1_32' title='bbox 1666 1035 1781 1115; x_wconf 86' lang='lat' dir='ltr'>periec-</span> 
     </span>
     <span class='ocr_line' id='line_1_4' title="bbox 426 1123 1696 1204; baseline 0.004 -23"><span class='ocrx_word' id='word_1_33' title='bbox 426 1127 484 1181; x_wconf 76' lang='lat' dir='ltr'>tsm</span> <span class='ocrx_word' id='word_1_34' title='bbox 506 1129 638 1184; x_wconf 80' lang='lat' dir='ltr'>extensa.</span> <span class='ocrx_word' id='word_1_35' title='bbox 683 1123 730 1184; x_wconf 86' lang='lat' dir='ltr'>lte</span> <span class='ocrx_word' id='word_1_36' title='bbox 753 1134 869 1185; x_wconf 91' lang='lat' dir='ltr'>centum</span> <span class='ocrx_word' id='word_1_37' title='bbox 892 1133 922 1187; x_wconf 92' lang='lat' dir='ltr'>et</span> <span class='ocrx_word' id='word_1_38' title='bbox 944 1129 1049 1204; x_wconf 81' lang='lat' dir='ltr'>viginti</span> <span class='ocrx_word' id='word_1_39' title='bbox 1072 1135 1116 1186; x_wconf 91' lang='lat' dir='ltr'>ter</span> <span class='ocrx_word' id='word_1_40' title='bbox 1138 1133 1235 1186; x_wconf 91' lang='lat' dir='ltr'>sumta</span> <span class='ocrx_word' id='word_1_41' title='bbox 1257 1125 1369 1185; x_wconf 88' lang='lat' dir='ltr'>iaciunt</span> <span class='ocrx_word' id='word_1_42' title='bbox 1390 1127 1479 1186; x_wconf 90' lang='lat' dir='ltr'>etiam</span> <span class='ocrx_word' id='word_1_43' title='bbox 1501 1132 1600 1201; x_wconf 87' lang='lat' dir='ltr'>partes</span> <span class='ocrx_word' id='word_1_44' title='bbox 1624 1124 1696 1186; x_wconf 84' lang='grc'><strong>360.</strong></span> 
     </span>
    </p>

    <p class='ocr_par' dir='ltr' id='par_1_3' title="bbox 426 1208 1782 1729">
     <span class='ocr_line' id='line_1_5' title="bbox 515 1208 1781 1290; baseline 0 -20"><span class='ocrx_word' id='word_1_45' title='bbox 515 1208 680 1287; x_wconf 76' lang='lat' dir='ltr'><strong><em>Quodnam</em></strong></span> <span class='ocrx_word' id='word_1_46' title='bbox 702 1230 814 1274; x_wconf 83' lang='lat' dir='ltr'>namen</span> <span class='ocrx_word' id='word_1_47' title='bbox 836 1213 923 1275; x_wconf 80' lang='lat' dir='ltr'>babet</span> <span class='ocrx_word' id='word_1_48' title='bbox 945 1232 1012 1274; x_wconf 82' lang='lat' dir='ltr'>una</span> <span class='ocrx_word' id='word_1_49' title='bbox 1034 1214 1145 1274; x_wconf 86' lang='lat' dir='ltr'>talium</span> <span class='ocrx_word' id='word_1_50' title='bbox 1165 1216 1305 1290; x_wconf 84' lang='lat' dir='ltr'>partium</span> <span class='ocrx_word' id='word_1_51' title='bbox 1327 1215 1361 1272; x_wconf 85' lang='lat' dir='ltr'>in</span> <span class='ocrx_word' id='word_1_52' title='bbox 1383 1212 1514 1289; x_wconf 84' lang='lat' dir='ltr'>quolibet</span> <span class='ocrx_word' id='word_1_53' title='bbox 1536 1211 1670 1273; x_wconf 82' lang='lat' dir='ltr'>circulo?</span> <span class='ocrx_word' id='word_1_54' title='bbox 1691 1210 1781 1271; x_wconf 82' lang='lat' dir='ltr'>Com·</span> 
     </span>
     <span class='ocr_line' id='line_1_6' title="bbox 426 1298 1781 1378; baseline 0.001 -23"><span class='ocrx_word' id='word_1_55' title='bbox 426 1311 514 1356; x_wconf 88' lang='lat' dir='ltr'>mune</span> <span class='ocrx_word' id='word_1_56' title='bbox 536 1313 643 1357; x_wconf 87' lang='lat' dir='ltr'>nomeu</span> <span class='ocrx_word' id='word_1_57' title='bbox 665 1315 717 1377; x_wconf 88' lang='lat' dir='ltr'>per</span> <span class='ocrx_word' id='word_1_58' title='bbox 740 1317 840 1361; x_wconf 91' lang='lat' dir='ltr'>omnes</span> <span class='ocrx_word' id='word_1_59' title='bbox 864 1301 988 1362; x_wconf 92' lang='lat' dir='ltr'>circulos</span> <span class='ocrx_word' id='word_1_60' title='bbox 1012 1309 1056 1360; x_wconf 85' lang='lat' dir='ltr'>est</span> <span class='ocrx_word' id='word_1_61' title='bbox 1074 1304 1192 1376; x_wconf 58' lang='lat' dir='ltr'>partim</span> <span class='ocrx_word' id='word_1_62' title='bbox 1216 1300 1404 1378; x_wconf 80' lang='lat' dir='ltr'>peculiariter</span> <span class='ocrx_word' id='word_1_63' title='bbox 1425 1317 1497 1360; x_wconf 84' lang='lat' dir='ltr'>vero</span> <span class='ocrx_word' id='word_1_64' title='bbox 1516 1301 1545 1357; x_wconf 90' lang='lat' dir='ltr'>in</span> <span class='ocrx_word' id='word_1_65' title='bbox 1561 1298 1684 1360; x_wconf 76' lang='lat' dir='ltr'>zodiaca</span> <span class='ocrx_word' id='word_1_66' title='bbox 1706 1316 1781 1374; x_wconf 77' lang='lat' dir='ltr'>pra-</span> 
     </span>
     <span class='ocr_line' id='line_1_7' title="bbox 426 1380 1782 1464; baseline 0.002 -22"><span class='ocrx_word' id='word_1_67' title='bbox 426 1382 481 1442; x_wconf 83' lang='lat' dir='ltr'>due</span> <span class='ocrx_word' id='word_1_68' title='bbox 504 1380 656 1462; x_wconf 90' lang='lat' dir='ltr'>dicuutur,</span> <span class='ocrx_word' id='word_1_69' title='bbox 688 1388 767 1463; x_wconf 88' lang='lat' dir='ltr'>quod</span> <span class='ocrx_word' id='word_1_70' title='bbox 790 1387 841 1449; x_wconf 87' lang='lat' dir='ltr'>Sol</span> <span class='ocrx_word' id='word_1_71' title='bbox 864 1391 939 1450; x_wconf 92' lang='lat' dir='ltr'>iutra</span> <span class='ocrx_word' id='word_1_72' title='bbox 962 1407 1051 1449; x_wconf 88' lang='lat' dir='ltr'>unam</span> <span class='ocrx_word' id='word_1_73' title='bbox 1075 1388 1152 1449; x_wconf 89' lang='lat' dir='ltr'>diem</span> <span class='ocrx_word' id='word_1_74' title='bbox 1174 1405 1249 1464; x_wconf 90' lang='lat' dir='ltr'>pene</span> <span class='ocrx_word' id='word_1_75' title='bbox 1272 1394 1387 1447; x_wconf 86' lang='lat' dir='ltr'>tantum</span> <span class='ocrx_word' id='word_1_76' title='bbox 1410 1404 1510 1447; x_wconf 89' lang='lat' dir='ltr'>arcum</span> <span class='ocrx_word' id='word_1_77' title='bbox 1533 1388 1654 1447; x_wconf 87' lang='lat' dir='ltr'>transire</span> <span class='ocrx_word' id='word_1_78' title='bbox 1677 1384 1782 1446; x_wconf 88' lang='lat' dir='ltr'>videa·</span> 
     </span>
     <span class='ocr_line' id='line_1_8' title="bbox 427 1471 1781 1552; baseline -0.001 -21"><span class='ocrx_word' id='word_1_79' title='bbox 427 1478 488 1545; x_wconf 83' lang='lat' dir='ltr'>tur;</span> <span class='ocrx_word' id='word_1_80' title='bbox 521 1472 552 1530; x_wconf 88' lang='lat' dir='ltr'>in</span> <span class='ocrx_word' id='word_1_81' title='bbox 580 1482 742 1551; x_wconf 86' lang='lat' dir='ltr'>aequatore</span> <span class='ocrx_word' id='word_1_82' title='bbox 771 1492 840 1536; x_wconf 87' lang='lat' dir='ltr'>vero</span> <span class='ocrx_word' id='word_1_83' title='bbox 864 1477 999 1538; x_wconf 87' lang='lat' dir='ltr'>dicuutur</span> <span class='ocrx_word' id='word_1_84' title='bbox 1019 1471 1166 1552; x_wconf 85' lang='lat' dir='ltr'>tcmpo&#39;ra,</span> <span class='ocrx_word' id='word_1_85' title='bbox 1190 1474 1269 1551; x_wconf 90' lang='lat' dir='ltr'>quod</span> <span class='ocrx_word' id='word_1_86' title='bbox 1291 1477 1317 1533; x_wconf 89' lang='lat' dir='ltr'>is</span> <span class='ocrx_word' id='word_1_87' title='bbox 1338 1477 1378 1534; x_wconf 92' lang='lat' dir='ltr'>sit</span> <span class='ocrx_word' id='word_1_88' title='bbox 1399 1491 1535 1534; x_wconf 89' lang='lat' dir='ltr'>mensura</span> <span class='ocrx_word' id='word_1_89' title='bbox 1565 1473 1720 1551; x_wconf 81' lang='lat' dir='ltr'>temporis3</span> <span class='ocrx_word' id='word_1_90' title='bbox 1752 1475 1781 1530; x_wconf 92' lang='lat' dir='ltr'>in</span> 
     </span>
     <span class='ocr_line' id='line_1_9' title="bbox 427 1557 1780 1640; baseline 0.001 -22"><span class='ocrx_word' id='word_1_91' title='bbox 427 1557 579 1621; x_wconf 73' lang='lat' dir='ltr'>horizonte</span> <span class='ocrx_word' id='word_1_92' title='bbox 601 1560 737 1622; x_wconf 88' lang='lat' dir='ltr'>dicuntur</span> <span class='ocrx_word' id='word_1_93' title='bbox 758 1564 878 1624; x_wconf 87' lang='lat' dir='ltr'>arabica</span> <span class='ocrx_word' id='word_1_94' title='bbox 907 1581 980 1625; x_wconf 86' lang='lat' dir='ltr'>voce</span> <span class='ocrx_word' id='word_1_95' title='bbox 1007 1564 1183 1636; x_wconf 76' lang='lat' dir='ltr'>ozimutbo,</span> <span class='ocrx_word' id='word_1_96' title='bbox 1213 1561 1304 1623; x_wconf 89' lang='lat' dir='ltr'>latine</span> <span class='ocrx_word' id='word_1_97' title='bbox 1336 1560 1441 1639; x_wconf 82' lang='lat' dir='ltr'>plagae</span> <span class='ocrx_word' id='word_1_98' title='bbox 1464 1560 1522 1621; x_wconf 90' lang='lat' dir='ltr'>dict</span> <span class='ocrx_word' id='word_1_99' title='bbox 1545 1570 1674 1640; x_wconf 80' lang='lat' dir='ltr'>possent</span> <span class='ocrx_word' id='word_1_100' title='bbox 1720 1558 1780 1620; x_wconf 80' lang='lat' dir='ltr'>Sed</span> 
     </span>
     <span class='ocr_line' id='line_1_10' title="bbox 426 1643 1566 1729; baseline 0.003 -24"><span class='ocrx_word' id='word_1_101' title='bbox 426 1643 569 1723; x_wconf 70' lang='lat' dir='ltr'>graduum</span> <span class='ocrx_word' id='word_1_102' title='bbox 591 1664 697 1710; x_wconf 87' lang='lat' dir='ltr'>nomen</span> <span class='ocrx_word' id='word_1_103' title='bbox 718 1649 757 1710; x_wconf 88' lang='lat' dir='ltr'>ab</span> <span class='ocrx_word' id='word_1_104' title='bbox 780 1666 836 1711; x_wconf 91' lang='lat' dir='ltr'>usu</span> <span class='ocrx_word' id='word_1_105' title='bbox 859 1651 968 1712; x_wconf 87' lang='lat' dir='ltr'>iactum</span> <span class='ocrx_word' id='word_1_106' title='bbox 990 1659 1036 1712; x_wconf 90' lang='lat' dir='ltr'>est</span> <span class='ocrx_word' id='word_1_107' title='bbox 1058 1667 1211 1711; x_wconf 91' lang='lat' dir='ltr'>commune</span> <span class='ocrx_word' id='word_1_108' title='bbox 1233 1667 1286 1729; x_wconf 90' lang='lat' dir='ltr'>per</span> <span class='ocrx_word' id='word_1_109' title='bbox 1308 1666 1408 1710; x_wconf 85' lang='lat' dir='ltr'>omues</span> <span class='ocrx_word' id='word_1_110' title='bbox 1432 1648 1566 1711; x_wconf 89' lang='lat' dir='ltr'>circulos.</span> 
     </span>
    </p>

    <p class='ocr_par' dir='ltr' id='par_1_4' title="bbox 424 1734 1783 2598">
     <span class='ocr_line' id='line_1_11' title="bbox 516 1734 1782 1813; baseline -0.003 -16"><span class='ocrx_word' id='word_1_111' title='bbox 516 1734 587 1812; x_wconf 80' lang='lat' dir='ltr'>Quo</span> <span class='ocrx_word' id='word_1_112' title='bbox 610 1753 682 1798; x_wconf 82' lang='lat' dir='ltr'>ocra</span> <span class='ocrx_word' id='word_1_113' title='bbox 702 1741 777 1798; x_wconf 83' lang='lat' dir='ltr'>serie</span> <span class='ocrx_word' id='word_1_114' title='bbox 804 1756 1007 1800; x_wconf 77' lang='lat' dir='ltr'>numerorum</span> <span class='ocrx_word' id='word_1_115' title='bbox 1031 1739 1208 1798; x_wconf 76' lang='lat' dir='ltr'>scribunntr</span> <span class='ocrx_word' id='word_1_116' title='bbox 1236 1738 1293 1796; x_wconf 84' lang='lat' dir='ltr'>boe</span> <span class='ocrx_word' id='word_1_117' title='bbox 1315 1745 1418 1812; x_wconf 83' lang='lat' dir='ltr'>portae</span> <span class='ocrx_word' id='word_1_118' title='bbox 1446 1740 1481 1796; x_wconf 86' lang='lat' dir='ltr'>ia</span> <span class='ocrx_word' id='word_1_119' title='bbox 1503 1736 1700 1813; x_wconf 82' lang='lat' dir='ltr'>unoquolibet</span> <span class='ocrx_word' id='word_1_120' title='bbox 1721 1737 1782 1794; x_wconf 86' lang='lat' dir='ltr'>cir·</span> 
     </span>
     <span class='ocr_line' id='line_1_12' title="bbox 426 1820 1781 1901; baseline -0.001 -19"><span class='ocrx_word' id='word_1_121' title='bbox 426 1820 518 1882; x_wconf 77' lang='lat' dir='ltr'>suto?</span> <span class='ocrx_word' id='word_1_122' title='bbox 543 1821 579 1882; x_wconf 91' lang='lat' dir='ltr'>Iu</span> <span class='ocrx_word' id='word_1_123' title='bbox 600 1833 761 1901; x_wconf 85' lang='lat' dir='ltr'>aequatore</span> <span class='ocrx_word' id='word_1_124' title='bbox 784 1832 814 1886; x_wconf 93' lang='lat' dir='ltr'>et</span> <span class='ocrx_word' id='word_1_125' title='bbox 835 1825 958 1887; x_wconf 79' lang='lat' dir='ltr'>zodiaco</span> <span class='ocrx_word' id='word_1_126' title='bbox 981 1825 1013 1885; x_wconf 88' lang='lat' dir='ltr'>fit</span> <span class='ocrx_word' id='word_1_127' title='bbox 1036 1828 1150 1885; x_wconf 90' lang='lat' dir='ltr'>initium</span> <span class='ocrx_word' id='word_1_128' title='bbox 1173 1844 1192 1885; x_wconf 90' lang='lat' dir='ltr'>a</span> <span class='ocrx_word' id='word_1_129' title='bbox 1214 1825 1361 1884; x_wconf 89' lang='lat' dir='ltr'>communi</span> <span class='ocrx_word' id='word_1_130' title='bbox 1383 1842 1483 1885; x_wconf 89' lang='lat' dir='ltr'>eorum</span> <span class='ocrx_word' id='word_1_131' title='bbox 1505 1827 1636 1884; x_wconf 74' lang='lat' dir='ltr'><strong>sectione</strong></span> <span class='ocrx_word' id='word_1_132' title='bbox 1660 1820 1781 1895; x_wconf 82' lang='lat' dir='ltr'>vernali,</span> 
     </span>
     <span class='ocr_line' id='line_1_13' title="bbox 427 1907 1781 1991; baseline 0.001 -24"><span class='ocrx_word' id='word_1_133' title='bbox 427 1915 455 1968; x_wconf 91' lang='lat' dir='ltr'>et</span> <span class='ocrx_word' id='word_1_134' title='bbox 480 1910 596 1986; x_wconf 77' lang='lat' dir='ltr'>priores</span> <span class='ocrx_word' id='word_1_135' title='bbox 626 1919 830 1988; x_wconf 75' lang='lat' dir='ltr'>numerantur,</span> <span class='ocrx_word' id='word_1_136' title='bbox 860 1932 937 1990; x_wconf 93' lang='lat' dir='ltr'>quae</span> <span class='ocrx_word' id='word_1_137' title='bbox 965 1916 1045 1991; x_wconf 87' lang='lat' dir='ltr'>prius</span> <span class='ocrx_word' id='word_1_138' title='bbox 1074 1915 1205 1987; x_wconf 82' lang='lat' dir='ltr'>oriuntur</span> <span class='ocrx_word' id='word_1_139' title='bbox 1239 1913 1267 1970; x_wconf 90' lang='lat' dir='ltr'>iu</span> <span class='ocrx_word' id='word_1_140' title='bbox 1299 1913 1382 1971; x_wconf 82' lang='lat' dir='ltr'>zonis</span> <span class='ocrx_word' id='word_1_141' title='bbox 1409 1913 1578 1989; x_wconf 88' lang='lat' dir='ltr'>temperatis</span> <span class='ocrx_word' id='word_1_142' title='bbox 1606 1919 1636 1970; x_wconf 91' lang='lat' dir='ltr'>et</span> <span class='ocrx_word' id='word_1_143' title='bbox 1663 1907 1781 1984; x_wconf 87' lang='lat' dir='ltr'>torrida,</span> 
     </span>
     <span class='ocr_line' id='line_1_14' title="bbox 427 1998 1781 2078; baseline -0.001 -23"><span class='ocrx_word' id='word_1_144' title='bbox 427 1999 603 2072; x_wconf 86' lang='lat' dir='ltr'>posteriores</span> <span class='ocrx_word' id='word_1_145' title='bbox 628 2000 657 2058; x_wconf 91' lang='lat' dir='ltr'>in</span> <span class='ocrx_word' id='word_1_146' title='bbox 680 2000 803 2061; x_wconf 81' lang='lat' dir='ltr'>zodiaco</span> <span class='ocrx_word' id='word_1_147' title='bbox 827 1999 911 2076; x_wconf 88' lang='lat' dir='ltr'>illae,</span> <span class='ocrx_word' id='word_1_148' title='bbox 944 2003 972 2059; x_wconf 91' lang='lat' dir='ltr'>in</span> <span class='ocrx_word' id='word_1_149' title='bbox 996 2017 1071 2078; x_wconf 86' lang='lat' dir='ltr'>quas</span> <span class='ocrx_word' id='word_1_150' title='bbox 1093 1998 1145 2059; x_wconf 87' lang='lat' dir='ltr'>Sol</span> <span class='ocrx_word' id='word_1_151' title='bbox 1169 2002 1313 2076; x_wconf 84' lang='lat' dir='ltr'>posterius</span> <span class='ocrx_word' id='word_1_152' title='bbox 1337 2001 1427 2059; x_wconf 85' lang='lat' dir='ltr'>veuit.</span> <span class='ocrx_word' id='word_1_153' title='bbox 1471 1999 1505 2057; x_wconf 91' lang='lat' dir='ltr'>ln</span> <span class='ocrx_word' id='word_1_154' title='bbox 1529 2005 1689 2076; x_wconf 87' lang='lat' dir='ltr'>aequatore</span> <span class='ocrx_word' id='word_1_155' title='bbox 1711 1998 1781 2076; x_wconf 87' lang='lat' dir='ltr'>qui·</span> 
     </span>
     <span class='ocr_line' id='line_1_15' title="bbox 426 2080 1781 2163; baseline 0.001 -20"><span class='ocrx_word' id='word_1_156' title='bbox 426 2080 490 2143; x_wconf 65' lang='lat' dir='ltr'>mm</span> <span class='ocrx_word' id='word_1_157' title='bbox 513 2084 552 2144; x_wconf 82' lang='lat' dir='ltr'>ab</span> <span class='ocrx_word' id='word_1_158' title='bbox 575 2102 634 2146; x_wconf 88' lang='lat' dir='ltr'>una</span> <span class='ocrx_word' id='word_1_159' title='bbox 655 2087 694 2146; x_wconf 87' lang='lat' dir='ltr'>ad</span> <span class='ocrx_word' id='word_1_160' title='bbox 718 2089 782 2148; x_wconf 86' lang='grc'>360</span> <span class='ocrx_word' id='word_1_161' title='bbox 803 2087 836 2147; x_wconf 88' lang='lat' dir='ltr'>fit</span> <span class='ocrx_word' id='word_1_162' title='bbox 866 2091 1029 2149; x_wconf 88' lang='lat' dir='ltr'>numeratio</span> <span class='ocrx_word' id='word_1_163' title='bbox 1058 2088 1197 2148; x_wconf 86' lang='lat' dir='ltr'>contiuua</span> <span class='ocrx_word' id='word_1_164' title='bbox 1228 2103 1281 2163; x_wconf 88' lang='lat' dir='ltr'>per</span> <span class='ocrx_word' id='word_1_165' title='bbox 1303 2093 1396 2146; x_wconf 91' lang='lat' dir='ltr'>totum</span> <span class='ocrx_word' id='word_1_166' title='bbox 1420 2085 1574 2159; x_wconf 86' lang='lat' dir='ltr'>circulum,</span> <span class='ocrx_word' id='word_1_167' title='bbox 1605 2088 1635 2143; x_wconf 91' lang='lat' dir='ltr'>in</span> <span class='ocrx_word' id='word_1_168' title='bbox 1658 2083 1781 2144; x_wconf 81' lang='lat' dir='ltr'>zodiaco</span> 
     </span>
     <span class='ocr_line' id='line_1_16' title="bbox 427 2170 1781 2252; baseline 0 -22"><span class='ocrx_word' id='word_1_169' title='bbox 427 2187 494 2231; x_wconf 86' lang='lat' dir='ltr'>rere</span> <span class='ocrx_word' id='word_1_170' title='bbox 510 2172 549 2231; x_wconf 92' lang='lat' dir='ltr'>ab</span> <span class='ocrx_word' id='word_1_171' title='bbox 572 2190 631 2233; x_wconf 91' lang='lat' dir='ltr'>nna</span> <span class='ocrx_word' id='word_1_172' title='bbox 653 2174 690 2234; x_wconf 92' lang='lat' dir='ltr'>ad</span> <span class='ocrx_word' id='word_1_173' title='bbox 714 2176 841 2252; x_wconf 78' lang='lat' dir='ltr'>triginta,</span> <span class='ocrx_word' id='word_1_174' title='bbox 865 2178 916 2252; x_wconf 92' lang='lat' dir='ltr'>qui</span> <span class='ocrx_word' id='word_1_175' title='bbox 938 2175 1075 2236; x_wconf 87' lang='lat' dir='ltr'>modulus</span> <span class='ocrx_word' id='word_1_176' title='bbox 1090 2192 1181 2234; x_wconf 87' lang='lat' dir='ltr'>unum</span> <span class='ocrx_word' id='word_1_177' title='bbox 1198 2173 1463 2234; x_wconf 90' lang='lat' dir='ltr'>dodecatemorium</span> <span class='ocrx_word' id='word_1_178' title='bbox 1485 2174 1571 2249; x_wconf 82' lang='lat' dir='ltr'>iacit3</span> <span class='ocrx_word' id='word_1_179' title='bbox 1595 2170 1661 2233; x_wconf 90' lang='lat' dir='ltr'>inde</span> <span class='ocrx_word' id='word_1_180' title='bbox 1676 2188 1781 2232; x_wconf 85' lang='lat' dir='ltr'>nume·</span> 
     </span>
     <span class='ocr_line' id='line_1_17' title="bbox 426 2259 1783 2338; baseline 0.002 -22"><span class='ocrx_word' id='word_1_181' title='bbox 426 2262 499 2318; x_wconf 87' lang='lat' dir='ltr'>ratio</span> <span class='ocrx_word' id='word_1_182' title='bbox 522 2259 598 2320; x_wconf 91' lang='lat' dir='ltr'>redit</span> <span class='ocrx_word' id='word_1_183' title='bbox 624 2259 662 2321; x_wconf 87' lang='lat' dir='ltr'>ad</span> <span class='ocrx_word' id='word_1_184' title='bbox 685 2264 800 2322; x_wconf 91' lang='lat' dir='ltr'>initium</span> <span class='ocrx_word' id='word_1_185' title='bbox 822 2279 875 2323; x_wconf 93' lang='lat' dir='ltr'>sen</span> <span class='ocrx_word' id='word_1_186' title='bbox 899 2267 1051 2338; x_wconf 86' lang='lat' dir='ltr'>unitatem,</span> <span class='ocrx_word' id='word_1_187' title='bbox 1075 2261 1169 2322; x_wconf 88' lang='lat' dir='ltr'>donec</span> <span class='ocrx_word' id='word_1_188' title='bbox 1189 2261 1313 2322; x_wconf 88' lang='lat' dir='ltr'>alterum</span> <span class='ocrx_word' id='word_1_189' title='bbox 1337 2260 1603 2322; x_wconf 86' lang='lat' dir='ltr'>dodecatemorium</span> <span class='ocrx_word' id='word_1_190' title='bbox 1625 2267 1669 2321; x_wconf 91' lang='lat' dir='ltr'>est</span> <span class='ocrx_word' id='word_1_191' title='bbox 1691 2261 1783 2321; x_wconf 91' lang='lat' dir='ltr'>abso-</span> 
     </span>
     <span class='ocr_line' id='line_1_18' title="bbox 425 2344 1783 2427; baseline 0.001 -23"><span class='ocrx_word' id='word_1_192' title='bbox 425 2344 528 2419; x_wconf 85' lang='lat' dir='ltr'>lutam,</span> <span class='ocrx_word' id='word_1_193' title='bbox 552 2354 583 2407; x_wconf 90' lang='lat' dir='ltr'>et</span> <span class='ocrx_word' id='word_1_194' title='bbox 600 2350 644 2408; x_wconf 91' lang='lat' dir='ltr'>sie</span> <span class='ocrx_word' id='word_1_195' title='bbox 665 2347 832 2411; x_wconf 79' lang='lat' dir='ltr'>duodecies.</span> <span class='ocrx_word' id='word_1_196' title='bbox 877 2351 996 2411; x_wconf 85' lang='lat' dir='ltr'>Etcum</span> <span class='ocrx_word' id='word_1_197' title='bbox 1018 2351 1182 2427; x_wconf 87' lang='lat' dir='ltr'>numeratio</span> <span class='ocrx_word' id='word_1_198' title='bbox 1198 2349 1246 2408; x_wconf 87' lang='lat' dir='ltr'>vel</span> <span class='ocrx_word' id='word_1_199' title='bbox 1270 2357 1366 2408; x_wconf 90' lang='lat' dir='ltr'>motus</span> <span class='ocrx_word' id='word_1_200' title='bbox 1387 2348 1444 2409; x_wconf 91' lang='lat' dir='ltr'>hoc</span> <span class='ocrx_word' id='word_1_201' title='bbox 1466 2349 1567 2409; x_wconf 89' lang='lat' dir='ltr'>ordine</span> <span class='ocrx_word' id='word_1_202' title='bbox 1582 2346 1723 2425; x_wconf 86' lang='lat' dir='ltr'>procedit,</span> <span class='ocrx_word' id='word_1_203' title='bbox 1746 2363 1783 2407; x_wconf 84' lang='lat' dir='ltr'>ea</span> 
     </span>
     <span class='ocr_line' id='line_1_19' title="bbox 424 2432 1782 2514; baseline 0 -21"><span class='ocrx_word' id='word_1_204' title='bbox 424 2432 529 2493; x_wconf 88' lang='lat' dir='ltr'>dicitur</span> <span class='ocrx_word' id='word_1_205' title='bbox 555 2436 705 2512; x_wconf 77' lang='lat' dir='ltr'>signorum</span> <span class='ocrx_word' id='word_1_206' title='bbox 734 2442 962 2514; x_wconf 89' lang='lat' dir='ltr'>consequentia;</span> <span class='ocrx_word' id='word_1_207' title='bbox 996 2438 1143 2499; x_wconf 87' lang='lat' dir='ltr'>contrarie</span> <span class='ocrx_word' id='word_1_208' title='bbox 1172 2436 1260 2495; x_wconf 91' lang='lat' dir='ltr'>modo</span> <span class='ocrx_word' id='word_1_209' title='bbox 1291 2435 1396 2496; x_wconf 88' lang='lat' dir='ltr'>dicitur</span> <span class='ocrx_word' id='word_1_210' title='bbox 1427 2438 1591 2498; x_wconf 86' lang='lat' dir='ltr'>numeratio</span> <span class='ocrx_word' id='word_1_211' title='bbox 1614 2435 1664 2496; x_wconf 84' lang='lat' dir='ltr'>rel</span> <span class='ocrx_word' id='word_1_212' title='bbox 1685 2441 1782 2495; x_wconf 92' lang='lat' dir='ltr'>motus</span> 
     </span>
     <span class='ocr_line' id='line_1_20' title="bbox 426 2516 1022 2598; baseline 0.012 -19"><span class='ocrx_word' id='word_1_213' title='bbox 426 2520 583 2598; x_wconf 89' lang='lat' dir='ltr'>procedere</span> <span class='ocrx_word' id='word_1_214' title='bbox 606 2524 634 2581; x_wconf 91' lang='lat' dir='ltr'>ln</span> <span class='ocrx_word' id='word_1_215' title='bbox 658 2525 870 2588; x_wconf 86' lang='lat' dir='ltr'>antecedentia.</span> <span class='ocrx_word' id='word_1_216' title='bbox 1020 2516 1022 2525; x_wconf 80' lang='lat'>&#39;</span> 
     </span>
    </p>

    <p class='ocr_par' dir='ltr' id='par_1_5' title="bbox 425 2608 1786 3123">
     <span class='ocr_line' id='line_1_21' title="bbox 515 2608 1784 2690; baseline -0.001 -22"><span class='ocrx_word' id='word_1_217' title='bbox 515 2608 550 2668; x_wconf 91' lang='lat' dir='ltr'>lu</span> <span class='ocrx_word' id='word_1_218' title='bbox 575 2611 611 2670; x_wconf 89' lang='lat' dir='ltr'>iis</span> <span class='ocrx_word' id='word_1_219' title='bbox 633 2628 704 2671; x_wconf 80' lang='lat' dir='ltr'>vero</span> <span class='ocrx_word' id='word_1_220' title='bbox 727 2613 851 2687; x_wconf 89' lang='lat' dir='ltr'>circulis,</span> <span class='ocrx_word' id='word_1_221' title='bbox 875 2614 926 2690; x_wconf 93' lang='lat' dir='ltr'>qui</span> <span class='ocrx_word' id='word_1_222' title='bbox 949 2620 1101 2672; x_wconf 87' lang='lat' dir='ltr'>transeunt</span> <span class='ocrx_word' id='word_1_223' title='bbox 1122 2626 1175 2687; x_wconf 87' lang='lat' dir='ltr'>per</span> <span class='ocrx_word' id='word_1_224' title='bbox 1196 2608 1283 2686; x_wconf 89' lang='lat' dir='ltr'>polos</span> <span class='ocrx_word' id='word_1_225' title='bbox 1305 2609 1423 2684; x_wconf 90' lang='lat' dir='ltr'>mundi,</span> <span class='ocrx_word' id='word_1_226' title='bbox 1447 2611 1561 2669; x_wconf 90' lang='lat' dir='ltr'>initium</span> <span class='ocrx_word' id='word_1_227' title='bbox 1584 2608 1621 2669; x_wconf 87' lang='lat' dir='ltr'>sb</span> <span class='ocrx_word' id='word_1_228' title='bbox 1646 2624 1784 2684; x_wconf 86' lang='lat' dir='ltr'>unoquo-</span> 
     </span>
     <span class='ocr_line' id='line_1_22' title="bbox 425 2695 1786 2777; baseline 0.001 -23"><span class='ocrx_word' id='word_1_229' title='bbox 425 2695 497 2758; x_wconf 90' lang='lat' dir='ltr'>libet</span> <span class='ocrx_word' id='word_1_230' title='bbox 517 2696 654 2774; x_wconf 91' lang='lat' dir='ltr'>polemm</span> <span class='ocrx_word' id='word_1_231' title='bbox 676 2698 708 2758; x_wconf 88' lang='lat' dir='ltr'>tit</span> <span class='ocrx_word' id='word_1_232' title='bbox 730 2698 847 2777; x_wconf 85' lang='lat' dir='ltr'>duplex,</span> <span class='ocrx_word' id='word_1_233' title='bbox 871 2700 996 2762; x_wconf 88' lang='lat' dir='ltr'>alterurn</span> <span class='ocrx_word' id='word_1_234' title='bbox 1019 2700 1057 2759; x_wconf 84' lang='lat' dir='ltr'>ab</span> <span class='ocrx_word' id='word_1_235' title='bbox 1081 2714 1141 2758; x_wconf 91' lang='lat' dir='ltr'>uno</span> <span class='ocrx_word' id='word_1_236' title='bbox 1162 2698 1363 2770; x_wconf 78' lang='lat' dir='ltr'>semicirculo,</span> <span class='ocrx_word' id='word_1_237' title='bbox 1395 2696 1541 2774; x_wconf 88' lang='lat' dir='ltr'>reliquum</span> <span class='ocrx_word' id='word_1_238' title='bbox 1564 2697 1593 2755; x_wconf 88' lang='lat' dir='ltr'>lrr</span> <span class='ocrx_word' id='word_1_239' title='bbox 1616 2696 1724 2774; x_wconf 71' lang='lat' dir='ltr'>altero,</span> <span class='ocrx_word' id='word_1_240' title='bbox 1753 2701 1786 2761; x_wconf 86' lang='lat' dir='ltr'>et</span> 
     </span>
     <span class='ocr_line' id='line_1_23' title="bbox 426 2782 1782 2865; baseline -0.002 -21"><span class='ocrx_word' id='word_1_241' title='bbox 426 2783 594 2860; x_wconf 78' lang='lat' dir='ltr'>perducitur</span> <span class='ocrx_word' id='word_1_242' title='bbox 616 2786 641 2843; x_wconf 95' lang='lat' dir='ltr'>is</span> <span class='ocrx_word' id='word_1_243' title='bbox 663 2804 800 2847; x_wconf 86' lang='lat' dir='ltr'>uumerus</span> <span class='ocrx_word' id='word_1_244' title='bbox 822 2805 916 2865; x_wconf 89' lang='lat' dir='ltr'>usque</span> <span class='ocrx_word' id='word_1_245' title='bbox 939 2786 977 2847; x_wconf 88' lang='lat' dir='ltr'>ad</span> <span class='ocrx_word' id='word_1_246' title='bbox 1001 2789 1052 2862; x_wconf 83' lang='lat'>90,</span> <span class='ocrx_word' id='word_1_247' title='bbox 1076 2786 1188 2845; x_wconf 87' lang='lat' dir='ltr'>scilieet</span> <span class='ocrx_word' id='word_1_248' title='bbox 1210 2785 1250 2844; x_wconf 89' lang='lat' dir='ltr'>ad</span> <span class='ocrx_word' id='word_1_249' title='bbox 1272 2785 1399 2845; x_wconf 88' lang='lat' dir='ltr'>medium</span> <span class='ocrx_word' id='word_1_250' title='bbox 1422 2784 1563 2844; x_wconf 90' lang='lat' dir='ltr'>circulum</span> <span class='ocrx_word' id='word_1_251' title='bbox 1584 2785 1660 2844; x_wconf 91' lang='lat' dir='ltr'>inter</span> <span class='ocrx_word' id='word_1_252' title='bbox 1681 2782 1782 2860; x_wconf 73' lang='lat' dir='ltr'>polos,</span> 
     </span>
     <span class='ocr_line' id='line_1_24' title="bbox 426 2871 1784 2951; baseline 0 -22"><span class='ocrx_word' id='word_1_253' title='bbox 426 2873 466 2932; x_wconf 86' lang='lat' dir='ltr'>ita</span> <span class='ocrx_word' id='word_1_254' title='bbox 495 2879 624 2948; x_wconf 90' lang='lat' dir='ltr'>quatuor</span> <span class='ocrx_word' id='word_1_255' title='bbox 651 2882 721 2933; x_wconf 84' lang='lat' dir='ltr'>srrnt</span> <span class='ocrx_word' id='word_1_256' title='bbox 752 2877 834 2934; x_wconf 89' lang='lat' dir='ltr'>initia</span> <span class='ocrx_word' id='word_1_257' title='bbox 862 2878 891 2934; x_wconf 92' lang='lat' dir='ltr'>in</span> <span class='ocrx_word' id='word_1_258' title='bbox 921 2881 1047 2951; x_wconf 85' lang='lat' dir='ltr'>quatuor</span> <span class='ocrx_word' id='word_1_259' title='bbox 1078 2874 1221 2950; x_wconf 90' lang='lat' dir='ltr'>cujusque</span> <span class='ocrx_word' id='word_1_260' title='bbox 1252 2872 1476 2950; x_wconf 88' lang='lat' dir='ltr'>quadrantibus.</span> <span class='ocrx_word' id='word_1_261' title='bbox 1536 2871 1595 2931; x_wconf 81' lang='lat' dir='ltr'>Alii</span> <span class='ocrx_word' id='word_1_262' title='bbox 1626 2873 1740 2934; x_wconf 89' lang='lat' dir='ltr'>initium</span> <span class='ocrx_word' id='word_1_263' title='bbox 1764 2889 1784 2929; x_wconf 90' lang='lat' dir='ltr'>a</span> 
     </span>
     <span class='ocr_line' id='line_1_25' title="bbox 427 2957 1783 3039; baseline -0.001 -21"><span class='ocrx_word' id='word_1_264' title='bbox 427 2957 523 3021; x_wconf 89' lang='lat' dir='ltr'>medio</span> <span class='ocrx_word' id='word_1_265' title='bbox 547 2958 657 3020; x_wconf 90' lang='lat' dir='ltr'>circulo</span> <span class='ocrx_word' id='word_1_266' title='bbox 680 2960 792 3022; x_wconf 86' lang='lat' dir='ltr'>iaciunt</span> <span class='ocrx_word' id='word_1_267' title='bbox 814 2970 844 3022; x_wconf 94' lang='lat' dir='ltr'>et</span> <span class='ocrx_word' id='word_1_268' title='bbox 866 2965 894 3021; x_wconf 89' lang='lat' dir='ltr'>in</span> <span class='ocrx_word' id='word_1_269' title='bbox 917 2961 994 3039; x_wconf 89' lang='lat' dir='ltr'>polis</span> <span class='ocrx_word' id='word_1_270' title='bbox 1017 2962 1132 3022; x_wconf 88' lang='lat' dir='ltr'>finiunt.</span> <span class='ocrx_word' id='word_1_271' title='bbox 1176 2960 1253 3021; x_wconf 88' lang='lat' dir='ltr'>Sunt</span> <span class='ocrx_word' id='word_1_272' title='bbox 1275 2961 1327 3037; x_wconf 92' lang='lat' dir='ltr'>qul</span> <span class='ocrx_word' id='word_1_273' title='bbox 1350 2966 1503 3037; x_wconf 86' lang='lat' dir='ltr'>utramque</span> <span class='ocrx_word' id='word_1_274' title='bbox 1530 2961 1635 3020; x_wconf 86' lang='lat' dir='ltr'>seriem</span> <span class='ocrx_word' id='word_1_275' title='bbox 1659 2958 1783 3034; x_wconf 88' lang='lat' dir='ltr'>conjun-</span> 
     </span>
     <span class='ocr_line' id='line_1_26' title="bbox 426 3049 1081 3123; baseline -0.002 -16"><span class='ocrx_word' id='word_1_276' title='bbox 426 3054 496 3123; x_wconf 73' lang='lat' dir='ltr'>gant</span> <span class='ocrx_word' id='word_1_277' title='bbox 517 3054 571 3107; x_wconf 88' lang='lat' dir='ltr'>aut</span> <span class='ocrx_word' id='word_1_278' title='bbox 596 3049 749 3108; x_wconf 87' lang='lat' dir='ltr'>misceant.</span> <span class='ocrx_word' id='word_1_279' title='bbox 1078 3054 1081 3063; x_wconf 82' lang='grc'><em>’</em></span> 
     </span>
    </p>

    <p class='ocr_par' dir='ltr' id='par_1_6' title="bbox 426 3133 1783 3387">
     <span class='ocr_line' id='line_1_27' title="bbox 512 3133 1783 3215; baseline -0.002 -21"><span class='ocrx_word' id='word_1_280' title='bbox 512 3134 547 3194; x_wconf 90' lang='lat' dir='ltr'>ln</span> <span class='ocrx_word' id='word_1_281' title='bbox 570 3133 719 3212; x_wconf 77' lang='lat' dir='ltr'>parallelis</span> <span class='ocrx_word' id='word_1_282' title='bbox 742 3153 828 3211; x_wconf 87' lang='lat' dir='ltr'>vero,</span> <span class='ocrx_word' id='word_1_283' title='bbox 860 3154 901 3198; x_wconf 91' lang='lat' dir='ltr'>sc.</span> <span class='ocrx_word' id='word_1_284' title='bbox 925 3138 955 3195; x_wconf 92' lang='lat' dir='ltr'>in</span> <span class='ocrx_word' id='word_1_285' title='bbox 978 3138 1098 3214; x_wconf 83' lang='lat' dir='ltr'>tropicis</span> <span class='ocrx_word' id='word_1_286' title='bbox 1122 3143 1152 3196; x_wconf 92' lang='lat' dir='ltr'>et</span> <span class='ocrx_word' id='word_1_287' title='bbox 1173 3135 1342 3215; x_wconf 88' lang='lat' dir='ltr'>polaribus,</span> <span class='ocrx_word' id='word_1_288' title='bbox 1372 3152 1431 3195; x_wconf 89' lang='lat' dir='ltr'>non</span> <span class='ocrx_word' id='word_1_289' title='bbox 1462 3143 1597 3196; x_wconf 89' lang='lat' dir='ltr'>censetur</span> <span class='ocrx_word' id='word_1_290' title='bbox 1617 3136 1783 3196; x_wconf 84' lang='lat' dir='ltr'>necessarie</span> 
     </span>
     <span class='ocr_line' id='line_1_28' title="bbox 427 3209 1783 3304; baseline -0.001 -21"><span class='ocrx_word' id='word_1_291' title='bbox 427 3221 542 3295; x_wconf 81' lang='lat' dir='ltr'>divisio,</span> <span class='ocrx_word' id='word_1_292' title='bbox 566 3226 637 3300; x_wconf 87' lang='lat' dir='ltr'>quie</span> <span class='ocrx_word' id='word_1_293' title='bbox 659 3231 727 3284; x_wconf 91' lang='lat' dir='ltr'>suut</span> <span class='ocrx_word' id='word_1_294' title='bbox 750 3226 892 3285; x_wconf 90' lang='lat' dir='ltr'>minorum</span> <span class='ocrx_word' id='word_1_295' title='bbox 919 3242 935 3285; x_wconf 92' lang='lat' dir='ltr'>e</span> <span class='ocrx_word' id='word_1_296' title='bbox 958 3241 1089 3298; x_wconf 89' lang='lat' dir='ltr'>numero,</span> <span class='ocrx_word' id='word_1_297' title='bbox 1113 3232 1143 3284; x_wconf 90' lang='lat' dir='ltr'>et</span> <span class='ocrx_word' id='word_1_298' title='bbox 1165 3223 1279 3284; x_wconf 88' lang='lat' dir='ltr'>medius</span> <span class='ocrx_word' id='word_1_299' title='bbox 1303 3241 1416 3304; x_wconf 91' lang='lat' dir='ltr'>eorum,</span> <span class='ocrx_word' id='word_1_300' title='bbox 1438 3209 1598 3301; x_wconf 77' lang='lat' dir='ltr'>aequator‘,</span> <span class='ocrx_word' id='word_1_301' title='bbox 1630 3224 1694 3283; x_wconf 86' lang='lat' dir='ltr'>vice</span> <span class='ocrx_word' id='word_1_302' title='bbox 1717 3238 1783 3282; x_wconf 91' lang='lat' dir='ltr'>om·</span> 
     </span>
     <span class='ocr_line' id='line_1_29' title="bbox 426 3310 667 3387; baseline -0.004 -17"><span class='ocrx_word' id='word_1_303' title='bbox 426 3312 505 3370; x_wconf 78' lang='lat' dir='ltr'>mum</span> <span class='ocrx_word' id='word_1_304' title='bbox 528 3310 667 3387; x_wconf 78' lang='lat' dir='ltr'>iungitur.</span> 
     </span>
    </p>

    <p class='ocr_par' dir='ltr' id='par_1_7' title="bbox 425 3397 1782 3826">
     <span class='ocr_line' id='line_1_30' title="bbox 512 3397 1782 3476; baseline -0.002 -19"><span class='ocrx_word' id='word_1_305' title='bbox 512 3397 547 3457; x_wconf 93' lang='lat' dir='ltr'>ln</span> <span class='ocrx_word' id='word_1_306' title='bbox 579 3398 731 3458; x_wconf 87' lang='lat' dir='ltr'>boriaonte</span> <span class='ocrx_word' id='word_1_307' title='bbox 760 3416 879 3476; x_wconf 89' lang='lat' dir='ltr'>quoque</span> <span class='ocrx_word' id='word_1_308' title='bbox 910 3398 1070 3460; x_wconf 85' lang='lat' dir='ltr'>dividendo</span> <span class='ocrx_word' id='word_1_309' title='bbox 1102 3398 1228 3459; x_wconf 84' lang='lat' dir='ltr'>artifices</span> <span class='ocrx_word' id='word_1_310' title='bbox 1250 3414 1308 3458; x_wconf 93' lang='lat' dir='ltr'>non</span> <span class='ocrx_word' id='word_1_311' title='bbox 1332 3414 1421 3458; x_wconf 84' lang='lat' dir='ltr'>unam</span> <span class='ocrx_word' id='word_1_312' title='bbox 1444 3404 1608 3474; x_wconf 88' lang='lat' dir='ltr'>sequuntur</span> <span class='ocrx_word' id='word_1_313' title='bbox 1628 3399 1782 3457; x_wconf 85' lang='lat' dir='ltr'>rationem.</span> 
     </span>
     <span class='ocr_line' id='line_1_31' title="bbox 426 3484 1780 3558; baseline -0.001 -13"><span class='ocrx_word' id='word_1_314' title='bbox 426 3484 499 3545; x_wconf 72' lang='lat' dir='ltr'>ilum</span> <span class='ocrx_word' id='word_1_315' title='bbox 522 3487 601 3545; x_wconf 87' lang='lat' dir='ltr'>enim</span> <span class='ocrx_word' id='word_1_316' title='bbox 624 3485 803 3546; x_wconf 86' lang='lat' dir='ltr'>meridianus</span> <span class='ocrx_word' id='word_1_317' title='bbox 825 3486 940 3547; x_wconf 83' lang='lat' dir='ltr'>dividat</span> <span class='ocrx_word' id='word_1_318' title='bbox 950 3485 1132 3546; x_wconf 79' lang='lat' dir='ltr'>horizontem</span> <span class='ocrx_word' id='word_1_319' title='bbox 1155 3488 1185 3545; x_wconf 92' lang='lat' dir='ltr'>in</span> <span class='ocrx_word' id='word_1_320' title='bbox 1209 3485 1283 3546; x_wconf 92' lang='lat' dir='ltr'>duos</span> <span class='ocrx_word' id='word_1_321' title='bbox 1297 3484 1505 3558; x_wconf 87' lang='lat' dir='ltr'>semicirculos,</span> <span class='ocrx_word' id='word_1_322' title='bbox 1530 3488 1657 3546; x_wconf 87' lang='lat' dir='ltr'>ortivum</span> <span class='ocrx_word' id='word_1_323' title='bbox 1675 3491 1706 3544; x_wconf 91' lang='lat' dir='ltr'>et</span> <span class='ocrx_word' id='word_1_324' title='bbox 1727 3499 1780 3543; x_wconf 91' lang='lat' dir='ltr'>oc·</span> 
     </span>
     <span class='ocr_line' id='line_1_32' title="bbox 425 3570 1782 3656; baseline -0.004 -23"><span class='ocrx_word' id='word_1_325' title='bbox 425 3572 550 3647; x_wconf 87' lang='lat' dir='ltr'>cidnum,</span> <span class='ocrx_word' id='word_1_326' title='bbox 574 3573 799 3649; x_wconf 88' lang='lat' dir='ltr'>aequinoctialis</span> <span class='ocrx_word' id='word_1_327' title='bbox 822 3575 852 3631; x_wconf 92' lang='lat' dir='ltr'>in</span> <span class='ocrx_word' id='word_1_328' title='bbox 874 3575 1133 3652; x_wconf 77' lang='lat' dir='ltr'>septentrionalem</span> <span class='ocrx_word' id='word_1_329' title='bbox 1157 3581 1187 3635; x_wconf 90' lang='lat' dir='ltr'>et</span> <span class='ocrx_word' id='word_1_330' title='bbox 1202 3575 1411 3645; x_wconf 89' lang='lat' dir='ltr'>meridianum,</span> <span class='ocrx_word' id='word_1_331' title='bbox 1436 3572 1557 3649; x_wconf 86' lang='lat' dir='ltr'>qnidam</span> <span class='ocrx_word' id='word_1_332' title='bbox 1571 3592 1590 3633; x_wconf 89' lang='lat' dir='ltr'>s</span> <span class='ocrx_word' id='word_1_333' title='bbox 1603 3570 1782 3656; x_wconf 84' lang='lat' dir='ltr'>sectionibus</span> 
     </span>
     <span class='ocr_line' id='line_1_33' title="bbox 425 3657 1782 3737; baseline -0.004 -16"><span class='ocrx_word' id='word_1_334' title='bbox 425 3661 488 3737; x_wconf 63' lang='lat' dir='ltr'>dus</span> <span class='ocrx_word' id='word_1_335' title='bbox 510 3676 579 3720; x_wconf 90' lang='lat' dir='ltr'>cum</span> <span class='ocrx_word' id='word_1_336' title='bbox 602 3660 778 3734; x_wconf 88' lang='lat' dir='ltr'>meridiano,</span> <span class='ocrx_word' id='word_1_337' title='bbox 811 3661 930 3737; x_wconf 88' lang='lat' dir='ltr'>quidam</span> <span class='ocrx_word' id='word_1_338' title='bbox 954 3678 972 3720; x_wconf 85' lang='lat' dir='ltr'>a</span> <span class='ocrx_word' id='word_1_339' title='bbox 995 3664 1176 3722; x_wconf 88' lang='lat' dir='ltr'>sectionibus</span> <span class='ocrx_word' id='word_1_340' title='bbox 1205 3661 1270 3736; x_wconf 90' lang='lat' dir='ltr'>ejus</span> <span class='ocrx_word' id='word_1_341' title='bbox 1300 3679 1365 3720; x_wconf 88' lang='lat' dir='ltr'>cum</span> <span class='ocrx_word' id='word_1_342' title='bbox 1395 3668 1570 3737; x_wconf 87' lang='lat' dir='ltr'>aequatore,</span> <span class='ocrx_word' id='word_1_343' title='bbox 1602 3659 1721 3736; x_wconf 87' lang='lat' dir='ltr'>quidam</span> <span class='ocrx_word' id='word_1_344' title='bbox 1744 3657 1782 3717; x_wconf 91' lang='lat' dir='ltr'>ab</span> 
     </span>
     <span class='ocr_line' id='line_1_34' title="bbox 425 3745 1782 3826; baseline -0.003 -19"><span class='ocrx_word' id='word_1_345' title='bbox 425 3750 557 3824; x_wconf 89' lang='lat' dir='ltr'>utrisque</span> <span class='ocrx_word' id='word_1_346' title='bbox 576 3748 728 3826; x_wconf 90' lang='lat' dir='ltr'>incipiunt,</span> <span class='ocrx_word' id='word_1_347' title='bbox 751 3757 781 3808; x_wconf 94' lang='lat' dir='ltr'>et</span> <span class='ocrx_word' id='word_1_348' title='bbox 797 3749 845 3808; x_wconf 86' lang='lat' dir='ltr'>vel</span> <span class='ocrx_word' id='word_1_349' title='bbox 868 3750 906 3808; x_wconf 89' lang='lat' dir='ltr'>ab</span> <span class='ocrx_word' id='word_1_350' title='bbox 928 3753 940 3807; x_wconf 94' lang='lat' dir='ltr'>i</span> <span class='ocrx_word' id='word_1_351' title='bbox 959 3747 997 3807; x_wconf 86' lang='lat' dir='ltr'>ed</span> <span class='ocrx_word' id='word_1_352' title='bbox 1016 3750 1077 3808; x_wconf 90' lang='lat'>180</span> <span class='ocrx_word' id='word_1_353' title='bbox 1100 3748 1326 3826; x_wconf 80' lang='lat' dir='ltr'>progrediuntur</span> <span class='ocrx_word' id='word_1_354' title='bbox 1342 3752 1486 3823; x_wconf 89' lang='lat' dir='ltr'>utrinque,</span> <span class='ocrx_word' id='word_1_355' title='bbox 1511 3747 1558 3808; x_wconf 83' lang='lat' dir='ltr'>sel</span> <span class='ocrx_word' id='word_1_356' title='bbox 1582 3747 1620 3807; x_wconf 83' lang='lat' dir='ltr'>ab</span> <span class='ocrx_word' id='word_1_357' title='bbox 1645 3745 1715 3805; x_wconf 86' lang='lat' dir='ltr'>lad</span> <span class='ocrx_word' id='word_1_358' title='bbox 1732 3746 1782 3805; x_wconf 88' lang='grc'>90.</span> 
     </span>
    </p>

    <p class='ocr_par' dir='ltr' id='par_1_8' title="bbox 420 3835 1785 4877">
     <span class='ocr_line' id='line_1_35' title="bbox 512 3835 1783 3913; baseline -0.004 -18"><span class='ocrx_word' id='word_1_359' title='bbox 512 3835 673 3913; x_wconf 80' lang='lat' dir='ltr'>Quereris</span> <span class='ocrx_word' id='word_1_360' title='bbox 695 3844 860 3912; x_wconf 84' lang='lat' dir='ltr'>aequatura</span> <span class='ocrx_word' id='word_1_361' title='bbox 881 3844 909 3895; x_wconf 88' lang='lat' dir='ltr'>et</span> <span class='ocrx_word' id='word_1_362' title='bbox 930 3835 1053 3895; x_wconf 82' lang='lat' dir='ltr'>zodiaco</span> <span class='ocrx_word' id='word_1_363' title='bbox 1074 3837 1109 3913; x_wconf 71' lang='lat' dir='ltr'>tit</span> <span class='ocrx_word' id='word_1_364' title='bbox 1130 3838 1354 3896; x_wconf 81' lang='lat' dir='ltr'>numerationis</span> <span class='ocrx_word' id='word_1_365' title='bbox 1376 3838 1501 3894; x_wconf 85' lang='lat' dir='ltr'>initium</span> <span class='ocrx_word' id='word_1_366' title='bbox 1523 3853 1543 3894; x_wconf 88' lang='lat' dir='ltr'>a</span> <span class='ocrx_word' id='word_1_367' title='bbox 1565 3837 1691 3894; x_wconf 84' lang='lat' dir='ltr'>sectione</span> <span class='ocrx_word' id='word_1_368' title='bbox 1713 3850 1783 3891; x_wconf 86' lang='lat' dir='ltr'>oer-</span> 
     </span>
     <span class='ocr_line' id='line_1_36' title="bbox 423 3918 1784 3999; baseline -0.004 -17"><span class='ocrx_word' id='word_1_369' title='bbox 423 3922 513 3982; x_wconf 80' lang='lat' dir='ltr'>nali?</span> <span class='ocrx_word' id='word_1_370' title='bbox 543 3923 578 3982; x_wconf 91' lang='lat' dir='ltr'>Iu</span> <span class='ocrx_word' id='word_1_371' title='bbox 608 3922 717 3984; x_wconf 88' lang='lat' dir='ltr'>circulo</span> <span class='ocrx_word' id='word_1_372' title='bbox 746 3918 863 3999; x_wconf 83' lang='lat' dir='ltr'>quide&#39;m</span> <span class='ocrx_word' id='word_1_373' title='bbox 892 3941 947 3982; x_wconf 89' lang='lat' dir='ltr'>sus</span> <span class='ocrx_word' id='word_1_374' title='bbox 968 3930 1073 3984; x_wconf 85' lang='lat' dir='ltr'>ustura</span> <span class='ocrx_word' id='word_1_375' title='bbox 1095 3940 1150 3983; x_wconf 87' lang='lat' dir='ltr'>nec</span> <span class='ocrx_word' id='word_1_376' title='bbox 1171 3924 1287 3980; x_wconf 90' lang='lat' dir='ltr'>initium</span> <span class='ocrx_word' id='word_1_377' title='bbox 1310 3930 1355 3981; x_wconf 90' lang='lat' dir='ltr'>est</span> <span class='ocrx_word' id='word_1_378' title='bbox 1377 3939 1432 3982; x_wconf 92' lang='lat' dir='ltr'>nec</span> <span class='ocrx_word' id='word_1_379' title='bbox 1460 3921 1536 3982; x_wconf 87' lang='lat' dir='ltr'>finis.</span> <span class='ocrx_word' id='word_1_380' title='bbox 1581 3920 1659 3997; x_wconf 90' lang='lat' dir='ltr'>Quia</span> <span class='ocrx_word' id='word_1_381' title='bbox 1686 3926 1784 3980; x_wconf 86' lang='lat' dir='ltr'>tamen</span> 
     </span>
     <span class='ocr_line' id='line_1_37' title="bbox 423 4008 1784 4086; baseline -0.003 -18"><span class='ocrx_word' id='word_1_382' title='bbox 423 4011 538 4069; x_wconf 89' lang='lat' dir='ltr'>initium</span> <span class='ocrx_word' id='word_1_383' title='bbox 571 4012 691 4070; x_wconf 90' lang='lat' dir='ltr'>omuino</span> <span class='ocrx_word' id='word_1_384' title='bbox 714 4010 879 4070; x_wconf 88' lang='lat' dir='ltr'>iaciendum</span> <span class='ocrx_word' id='word_1_385' title='bbox 903 4019 948 4075; x_wconf 86' lang='lat' dir='ltr'>est</span> <span class='ocrx_word' id='word_1_386' title='bbox 971 4008 1111 4086; x_wconf 84' lang='lat' dir='ltr'>aliquod,</span> <span class='ocrx_word' id='word_1_387' title='bbox 1142 4008 1342 4086; x_wconf 82' lang='lat' dir='ltr'>naturaduce</span> <span class='ocrx_word' id='word_1_388' title='bbox 1365 4008 1404 4068; x_wconf 90' lang='lat' dir='ltr'>ad</span> <span class='ocrx_word' id='word_1_389' title='bbox 1426 4025 1516 4068; x_wconf 90' lang='lat' dir='ltr'>unum</span> <span class='ocrx_word' id='word_1_390' title='bbox 1539 4025 1556 4068; x_wconf 95' lang='lat' dir='ltr'>e</span> <span class='ocrx_word' id='word_1_391' title='bbox 1578 4008 1694 4085; x_wconf 90' lang='lat' dir='ltr'>punctis</span> <span class='ocrx_word' id='word_1_392' title='bbox 1717 4022 1784 4065; x_wconf 89' lang='lat' dir='ltr'>ear·</span> 
     </span>
     <span class='ocr_line' id='line_1_38' title="bbox 423 4095 1784 4175; baseline -0.004 -18"><span class='ocrx_word' id='word_1_393' title='bbox 423 4096 573 4158; x_wconf 87' lang='lat' dir='ltr'>diualibus</span> <span class='ocrx_word' id='word_1_394' title='bbox 605 4098 792 4170; x_wconf 85' lang='lat' dir='ltr'>devenimus,</span> <span class='ocrx_word' id='word_1_395' title='bbox 824 4099 933 4175; x_wconf 88' lang='lat' dir='ltr'>qnippe</span> <span class='ocrx_word' id='word_1_396' title='bbox 955 4114 1032 4175; x_wconf 87' lang='lat' dir='ltr'>quae</span> <span class='ocrx_word' id='word_1_397' title='bbox 1055 4099 1104 4157; x_wconf 83' lang='lat' dir='ltr'>vel</span> <span class='ocrx_word' id='word_1_398' title='bbox 1128 4096 1307 4158; x_wconf 88' lang='lat' dir='ltr'>sectionibus</span> <span class='ocrx_word' id='word_1_399' title='bbox 1329 4095 1377 4156; x_wconf 82' lang='lat' dir='ltr'>vei</span> <span class='ocrx_word' id='word_1_400' title='bbox 1401 4097 1586 4157; x_wconf 87' lang='lat' dir='ltr'>contactibus</span> <span class='ocrx_word' id='word_1_401' title='bbox 1609 4095 1784 4168; x_wconf 89' lang='lat' dir='ltr'>colurorum,</span> 
     </span>
     <span class='ocr_line' id='line_1_39' title="bbox 421 4179 1784 4264; baseline -0.004 -18"><span class='ocrx_word' id='word_1_402' title='bbox 421 4186 651 4262; x_wconf 88' lang='lat' dir='ltr'>aequinoctialis</span> <span class='ocrx_word' id='word_1_403' title='bbox 674 4191 703 4245; x_wconf 88' lang='lat' dir='ltr'>et</span> <span class='ocrx_word' id='word_1_404' title='bbox 726 4186 903 4262; x_wconf 84' lang='lat' dir='ltr'>tropicarum</span> <span class='ocrx_word' id='word_1_405' title='bbox 925 4193 1125 4245; x_wconf 89' lang='lat' dir='ltr'>monstrantur</span> <span class='ocrx_word' id='word_1_406' title='bbox 1139 4188 1228 4261; x_wconf 90' lang='lat' dir='ltr'>inque</span> <span class='ocrx_word' id='word_1_407' title='bbox 1251 4182 1381 4245; x_wconf 83' lang='lat' dir='ltr'>evidenti</span> <span class='ocrx_word' id='word_1_408' title='bbox 1395 4193 1432 4264; x_wconf 84' lang='lat' dir='ltr'>et</span> <span class='ocrx_word' id='word_1_409' title='bbox 1454 4186 1613 4263; x_wconf 89' lang='lat' dir='ltr'>conspicuo</span> <span class='ocrx_word' id='word_1_410' title='bbox 1630 4182 1697 4243; x_wconf 91' lang='lat' dir='ltr'>loco</span> <span class='ocrx_word' id='word_1_411' title='bbox 1721 4179 1784 4242; x_wconf 91' lang='lat' dir='ltr'>col·</span> 
     </span>
     <span class='ocr_line' id='line_1_40' title="bbox 422 4271 1784 4351; baseline -0.002 -18"><span class='ocrx_word' id='word_1_412' title='bbox 422 4273 566 4335; x_wconf 81' lang='lat' dir='ltr'>locantur.</span> <span class='ocrx_word' id='word_1_413' title='bbox 612 4271 683 4333; x_wconf 83' lang='lat' dir='ltr'>Jarn</span> <span class='ocrx_word' id='word_1_414' title='bbox 706 4280 816 4349; x_wconf 86' lang='lat' dir='ltr'>puncta</span> <span class='ocrx_word' id='word_1_415' title='bbox 837 4274 950 4351; x_wconf 89' lang='lat' dir='ltr'>tropica</span> <span class='ocrx_word' id='word_1_416' title='bbox 973 4272 1126 4334; x_wconf 85' lang='lat' dir='ltr'>obscurius</span> <span class='ocrx_word' id='word_1_417' title='bbox 1142 4275 1260 4350; x_wconf 79' lang='lat' dir='ltr'>signata</span> <span class='ocrx_word' id='word_1_418' title='bbox 1274 4280 1344 4331; x_wconf 91' lang='lat' dir='ltr'>suut</span> <span class='ocrx_word' id='word_1_419' title='bbox 1364 4272 1517 4349; x_wconf 89' lang='lat' dir='ltr'>latentque</span> <span class='ocrx_word' id='word_1_420' title='bbox 1541 4273 1570 4330; x_wconf 91' lang='lat' dir='ltr'>in</span> <span class='ocrx_word' id='word_1_421' title='bbox 1585 4272 1687 4348; x_wconf 87' lang='lat' dir='ltr'>aliqua</span> <span class='ocrx_word' id='word_1_422' title='bbox 1700 4276 1784 4347; x_wconf 88' lang='lat' dir='ltr'>parte</span> 
     </span>
     <span class='ocr_line' id='line_1_41' title="bbox 422 4358 1785 4439; baseline -0.004 -15"><span class='ocrx_word' id='word_1_423' title='bbox 422 4360 533 4435; x_wconf 65' lang='lat' dir='ltr'>meoli,</span> <span class='ocrx_word' id='word_1_424' title='bbox 556 4377 609 4439; x_wconf 94' lang='lat' dir='ltr'>per</span> <span class='ocrx_word' id='word_1_425' title='bbox 631 4377 721 4437; x_wconf 84' lang='lat' dir='ltr'>quem</span> <span class='ocrx_word' id='word_1_426' title='bbox 743 4362 922 4421; x_wconf 88' lang='lat' dir='ltr'>insensibilis</span> <span class='ocrx_word' id='word_1_427' title='bbox 939 4369 984 4421; x_wconf 90' lang='lat' dir='ltr'>est</span> <span class='ocrx_word' id='word_1_428' title='bbox 1006 4363 1131 4421; x_wconf 85' lang='lat' dir='ltr'>mutatio</span> <span class='ocrx_word' id='word_1_429' title='bbox 1151 4360 1356 4422; x_wconf 84' lang='lat' dir='ltr'>declinationis</span> <span class='ocrx_word' id='word_1_430' title='bbox 1379 4359 1467 4421; x_wconf 85' lang='lat' dir='ltr'>Solis.</span> <span class='ocrx_word' id='word_1_431' title='bbox 1513 4361 1555 4421; x_wconf 77' lang='lat' dir='ltr'>lix</span> <span class='ocrx_word' id='word_1_432' title='bbox 1579 4358 1785 4437; x_wconf 90' lang='lat' dir='ltr'>aequinoctia·</span> 
     </span>
     <span class='ocr_line' id='line_1_42' title="bbox 421 4447 1785 4525; baseline -0.003 -16"><span class='ocrx_word' id='word_1_433' title='bbox 421 4449 499 4510; x_wconf 89' lang='lat' dir='ltr'>libus</span> <span class='ocrx_word' id='word_1_434' title='bbox 523 4465 594 4509; x_wconf 83' lang='lat' dir='ltr'>sero</span> <span class='ocrx_word' id='word_1_435' title='bbox 618 4447 647 4506; x_wconf 88' lang='lat' dir='ltr'>id</span> <span class='ocrx_word' id='word_1_436' title='bbox 670 4447 782 4524; x_wconf 87' lang='lat' dir='ltr'>placuit</span> <span class='ocrx_word' id='word_1_437' title='bbox 803 4450 904 4525; x_wconf 87' lang='lat' dir='ltr'>primis</span> <span class='ocrx_word' id='word_1_438' title='bbox 927 4450 1124 4509; x_wconf 86' lang='lat' dir='ltr'>astronomiae</span> <span class='ocrx_word' id='word_1_439' title='bbox 1147 4450 1359 4522; x_wconf 84' lang='lat' dir='ltr'>inventoribus,</span> <span class='ocrx_word' id='word_1_440' title='bbox 1382 4447 1462 4525; x_wconf 91' lang='lat' dir='ltr'>quod</span> <span class='ocrx_word' id='word_1_441' title='bbox 1482 4449 1558 4525; x_wconf 86' lang='lat' dir='ltr'>ipsis</span> <span class='ocrx_word' id='word_1_442' title='bbox 1579 4447 1609 4506; x_wconf 92' lang='lat' dir='ltr'>in</span> <span class='ocrx_word' id='word_1_443' title='bbox 1631 4463 1687 4506; x_wconf 91' lang='lat' dir='ltr'>sua</span> <span class='ocrx_word' id='word_1_444' title='bbox 1708 4462 1785 4506; x_wconf 83' lang='lat' dir='ltr'>aona</span> 
     </span>
     <span class='ocr_line' id='line_1_43' title="bbox 420 4534 1783 4614; baseline -0.002 -19"><span class='ocrx_word' id='word_1_445' title='bbox 420 4537 516 4598; x_wconf 88' lang='lat' dir='ltr'>lucem</span> <span class='ocrx_word' id='word_1_446' title='bbox 541 4542 570 4597; x_wconf 92' lang='lat' dir='ltr'>et</span> <span class='ocrx_word' id='word_1_447' title='bbox 592 4534 722 4595; x_wconf 85' lang='lat' dir='ltr'>calorem</span> <span class='ocrx_word' id='word_1_448' title='bbox 738 4535 897 4597; x_wconf 83' lang='lat' dir='ltr'>reducebat</span> <span class='ocrx_word' id='word_1_449' title='bbox 920 4545 948 4597; x_wconf 90' lang='lat' dir='ltr'>et</span> <span class='ocrx_word' id='word_1_450' title='bbox 963 4538 1137 4614; x_wconf 88' lang='lat' dir='ltr'>principium</span> <span class='ocrx_word' id='word_1_451' title='bbox 1152 4537 1229 4595; x_wconf 80' lang='lat' dir='ltr'>neris</span> <span class='ocrx_word' id='word_1_452' title='bbox 1246 4535 1407 4613; x_wconf 86' lang='lat' dir='ltr'>aperiebat,</span> <span class='ocrx_word' id='word_1_453' title='bbox 1431 4535 1549 4613; x_wconf 87' lang='lat' dir='ltr'>quando</span> <span class='ocrx_word' id='word_1_454' title='bbox 1565 4534 1673 4595; x_wconf 82' lang='lat' dir='ltr'>Terrae</span> <span class='ocrx_word' id='word_1_455' title='bbox 1695 4550 1783 4593; x_wconf 92' lang='lat' dir='ltr'>reno·</span> 
     </span>
     <span class='ocr_line' id='line_1_44' title="bbox 422 4620 1785 4700; baseline -0.005 -14"><span class='ocrx_word' id='word_1_456' title='bbox 422 4633 508 4686; x_wconf 85' lang='lat' dir='ltr'>ratur</span> <span class='ocrx_word' id='word_1_457' title='bbox 536 4622 627 4683; x_wconf 87' lang='lat' dir='ltr'>iacies</span> <span class='ocrx_word' id='word_1_458' title='bbox 655 4625 864 4700; x_wconf 84' lang='lat' dir='ltr'>reviviscitque</span> <span class='ocrx_word' id='word_1_459' title='bbox 894 4633 1007 4687; x_wconf 88' lang='lat' dir='ltr'>natura.</span> <span class='ocrx_word' id='word_1_460' title='bbox 1056 4625 1210 4684; x_wconf 87' lang='lat' dir='ltr'>Contraria</span> <span class='ocrx_word' id='word_1_461' title='bbox 1241 4627 1317 4683; x_wconf 90' lang='lat' dir='ltr'>enim</span> <span class='ocrx_word' id='word_1_462' title='bbox 1342 4625 1442 4683; x_wconf 90' lang='lat' dir='ltr'>omnia</span> <span class='ocrx_word' id='word_1_463' title='bbox 1464 4630 1594 4700; x_wconf 86' lang='lat' dir='ltr'>tempore</span> <span class='ocrx_word' id='word_1_464' title='bbox 1620 4620 1785 4682; x_wconf 84' lang='lat' dir='ltr'>antumnali</span> 
     </span>
     <span class='ocr_line' id='line_1_45' title="bbox 422 4709 1784 4789; baseline -0.005 -15"><span class='ocrx_word' id='word_1_465' title='bbox 422 4731 487 4774; x_wconf 89' lang='lat' dir='ltr'>cum</span> <span class='ocrx_word' id='word_1_466' title='bbox 517 4711 674 4784; x_wconf 86' lang='lat' dir='ltr'>eveniant,</span> <span class='ocrx_word' id='word_1_467' title='bbox 708 4712 867 4772; x_wconf 87' lang='lat' dir='ltr'>sectionem</span> <span class='ocrx_word' id='word_1_468' title='bbox 899 4710 994 4786; x_wconf 87' lang='lat' dir='ltr'>illam,</span> <span class='ocrx_word' id='word_1_469' title='bbox 1023 4727 1113 4789; x_wconf 88' lang='lat' dir='ltr'>quam</span> <span class='ocrx_word' id='word_1_470' title='bbox 1136 4711 1187 4773; x_wconf 83' lang='lat' dir='ltr'>Sol</span> <span class='ocrx_word' id='word_1_471' title='bbox 1211 4712 1343 4771; x_wconf 88' lang='lat' dir='ltr'>autumni</span> <span class='ocrx_word' id='word_1_472' title='bbox 1365 4719 1496 4788; x_wconf 87' lang='lat' dir='ltr'>tempore</span> <span class='ocrx_word' id='word_1_473' title='bbox 1519 4709 1595 4786; x_wconf 87' lang='lat' dir='ltr'>adit,</span> <span class='ocrx_word' id='word_1_474' title='bbox 1626 4710 1732 4770; x_wconf 90' lang='lat' dir='ltr'>minori</span> <span class='ocrx_word' id='word_1_475' title='bbox 1754 4710 1784 4767; x_wconf 91' lang='lat' dir='ltr'>iu</span> 
     </span>
     <span class='ocr_line' id='line_1_46' title="bbox 424 4797 1430 4877; baseline -0.004 -17"><span class='ocrx_word' id='word_1_476' title='bbox 424 4802 518 4877; x_wconf 84' lang='lat' dir='ltr'>pretio</span> <span class='ocrx_word' id='word_1_477' title='bbox 544 4797 699 4859; x_wconf 85' lang='lat' dir='ltr'>collocant</span> <span class='ocrx_word' id='word_1_478' title='bbox 1426 4805 1430 4812; x_wconf 87' lang='lat'>&#39;</span> 
     </span>
    </p>

    <p class='ocr_par' dir='ltr' id='par_1_9' title="bbox 424 4885 1784 5226">
     <span class='ocr_line' id='line_1_47' title="bbox 510 4885 1784 4965; baseline -0.003 -18"><span class='ocrx_word' id='word_1_479' title='bbox 510 4885 669 4964; x_wconf 78' lang='lat' dir='ltr'>Quomodo</span> <span class='ocrx_word' id='word_1_480' title='bbox 690 4904 766 4962; x_wconf 87' lang='lat' dir='ltr'>pars</span> <span class='ocrx_word' id='word_1_481' title='bbox 791 4886 971 4962; x_wconf 71' lang='lat' dir='ltr'>ostoradus</span> <span class='ocrx_word' id='word_1_482' title='bbox 994 4904 1076 4946; x_wconf 86' lang='lat' dir='ltr'>uuus</span> <span class='ocrx_word' id='word_1_483' title='bbox 1097 4886 1326 4947; x_wconf 78' lang='lat' dir='ltr'>subdividitur?</span> <span class='ocrx_word' id='word_1_484' title='bbox 1347 4886 1381 4944; x_wconf 91' lang='lat' dir='ltr'>In</span> <span class='ocrx_word' id='word_1_485' title='bbox 1405 4890 1504 4965; x_wconf 86' lang='lat' dir='ltr'>partes</span> <span class='ocrx_word' id='word_1_486' title='bbox 1529 4886 1579 4960; x_wconf 88' lang='grc'>60,</span> <span class='ocrx_word' id='word_1_487' title='bbox 1602 4902 1678 4962; x_wconf 87' lang='lat' dir='ltr'>quus</span> <span class='ocrx_word' id='word_1_488' title='bbox 1699 4900 1784 4944; x_wconf 88' lang='lat' dir='ltr'>sern-</span> 
     </span>
     <span class='ocr_line' id='line_1_48' title="bbox 424 4972 1784 5052; baseline -0.003 -17"><span class='ocrx_word' id='word_1_489' title='bbox 424 4972 492 5052; x_wconf 84' lang='lat' dir='ltr'>pula</span> <span class='ocrx_word' id='word_1_490' title='bbox 519 4974 570 5035; x_wconf 77' lang='lat' dir='ltr'>rel</span> <span class='ocrx_word' id='word_1_491' title='bbox 599 4975 729 5046; x_wconf 89' lang='lat' dir='ltr'>minuta,</span> <span class='ocrx_word' id='word_1_492' title='bbox 759 4990 863 5051; x_wconf 76' lang='lat' dir='ltr'>graece</span> <span class='ocrx_word' id='word_1_493' title='bbox 895 4975 986 5033; x_wconf 79' lang='lat' dir='ltr'>isara</span> <span class='ocrx_word' id='word_1_494' title='bbox 1015 4973 1155 5049; x_wconf 88' lang='lat' dir='ltr'>dicimus;</span> <span class='ocrx_word' id='word_1_495' title='bbox 1186 4982 1216 5035; x_wconf 91' lang='lat' dir='ltr'>et</span> <span class='ocrx_word' id='word_1_496' title='bbox 1241 4975 1386 5035; x_wconf 90' lang='lat' dir='ltr'>minutum</span> <span class='ocrx_word' id='word_1_497' title='bbox 1413 4990 1503 5034; x_wconf 89' lang='lat' dir='ltr'>unum</span> <span class='ocrx_word' id='word_1_498' title='bbox 1535 4974 1564 5030; x_wconf 91' lang='lat' dir='ltr'>io</span> <span class='ocrx_word' id='word_1_499' title='bbox 1597 4973 1638 5032; x_wconf 93' lang='grc'>60</span> <span class='ocrx_word' id='word_1_500' title='bbox 1669 4974 1784 5031; x_wconf 86' lang='lat' dir='ltr'>minuta</span> 
     </span>
     <span class='ocr_line' id='line_1_49' title="bbox 424 5058 1784 5138; baseline -0.002 -17"><span class='ocrx_word' id='word_1_501' title='bbox 424 5060 567 5135; x_wconf 83' lang='lat' dir='ltr'>secunda,</span> <span class='ocrx_word' id='word_1_502' title='bbox 600 5059 761 5122; x_wconf 90' lang='lat' dir='ltr'>secundum</span> <span class='ocrx_word' id='word_1_503' title='bbox 786 5079 874 5121; x_wconf 89' lang='lat' dir='ltr'>unum</span> <span class='ocrx_word' id='word_1_504' title='bbox 897 5062 925 5119; x_wconf 90' lang='lat' dir='ltr'>in</span> <span class='ocrx_word' id='word_1_505' title='bbox 953 5062 993 5120; x_wconf 88' lang='grc'>60</span> <span class='ocrx_word' id='word_1_506' title='bbox 1016 5064 1118 5136; x_wconf 90' lang='lat' dir='ltr'>tertia,</span> <span class='ocrx_word' id='word_1_507' title='bbox 1153 5069 1182 5123; x_wconf 92' lang='lat' dir='ltr'>et</span> <span class='ocrx_word' id='word_1_508' title='bbox 1203 5063 1247 5122; x_wconf 90' lang='lat' dir='ltr'>sic</span> <span class='ocrx_word' id='word_1_509' title='bbox 1271 5062 1423 5138; x_wconf 84' lang='lat' dir='ltr'>deinceps,</span> <span class='ocrx_word' id='word_1_510' title='bbox 1456 5077 1610 5138; x_wconf 86' lang='lat' dir='ltr'>quousque</span> <span class='ocrx_word' id='word_1_511' title='bbox 1633 5059 1689 5119; x_wconf 84' lang='lat' dir='ltr'>hec</span> <span class='ocrx_word' id='word_1_512' title='bbox 1711 5058 1784 5119; x_wconf 91' lang='lat' dir='ltr'>sub·</span> 
     </span>
     <span class='ocr_line' id='line_1_50' title="bbox 425 5149 705 5226; baseline -0.004 -17"><span class='ocrx_word' id='word_1_513' title='bbox 425 5149 528 5211; x_wconf 85' lang='lat' dir='ltr'>tilitate</span> <span class='ocrx_word' id='word_1_514' title='bbox 553 5166 628 5226; x_wconf 90' lang='lat' dir='ltr'>opus</span> <span class='ocrx_word' id='word_1_515' title='bbox 652 5155 705 5209; x_wconf 88' lang='lat' dir='ltr'>est.</span> 
     </span>
    </p>

    <p class='ocr_par' dir='ltr' id='par_1_10' title="bbox 511 5235 1785 5320">
     <span class='ocr_line' id='line_1_51' title="bbox 511 5235 1785 5320; baseline -0.004 -20"><span class='ocrx_word' id='word_1_516' title='bbox 511 5237 600 5320; x_wconf 77' lang='lat' dir='ltr'>Quor</span> <span class='ocrx_word' id='word_1_517' title='bbox 628 5243 669 5299; x_wconf 80' lang='lat' dir='ltr'>aa</span> <span class='ocrx_word' id='word_1_518' title='bbox 700 5238 867 5301; x_wconf 82' lang='lat' dir='ltr'>notationis</span> <span class='ocrx_word' id='word_1_519' title='bbox 894 5254 1001 5298; x_wconf 85' lang='lat' dir='ltr'>aarum</span> <span class='ocrx_word' id='word_1_520' title='bbox 1034 5235 1138 5301; x_wconf 79' lang='lat' dir='ltr'>rotie?</span> <span class='ocrx_word' id='word_1_521' title='bbox 1169 5236 1305 5300; x_wconf 88' lang='lat' dir='ltr'>Numeris</span> <span class='ocrx_word' id='word_1_522' title='bbox 1337 5238 1465 5315; x_wconf 78' lang='lat' dir='ltr'>integras</span> <span class='ocrx_word' id='word_1_523' title='bbox 1488 5243 1588 5318; x_wconf 85' lang='lat' dir='ltr'>partas</span> <span class='ocrx_word' id='word_1_524' title='bbox 1611 5235 1785 5297; x_wconf 82' lang='lat' dir='ltr'>nouunbus</span> 
     </span>
    </p>
   </div>
   <div class='ocr_carea' id='block_1_3' title="bbox 0 0 2234 6275">
    <p class='ocr_par' dir='ltr' id='par_1_11' title="bbox 0 0 2234 6275">
     <span class='ocr_line' id='line_1_52' title="bbox 0 0 2234 6275; baseline 0 0"><span class='ocrx_word' id='word_1_525' title='bbox 0 0 2234 6275; x_wconf 95' lang='lat' dir='ltr'> </span> 
     </span>
    </p>
   </div>
  </div>
 </body>
</html>
