4459 6275
892 773 974 831 Liber
993 773 1109 851 Tertius.
1147 773 1213 829 Pars
1231 744 1343 844 Quarta
1550 814 1553 819 -
1601 851 1605 857 1
1696 780 1788 863 ‚eti

433 955 498 1034 ejus
519 961 665 1017 remotum
688 952 801 1014 obtinet
823 951 947 1031 gradum
969 954 1008 1013 ab
1030 952 1210 1028 aequalitate
1234 960 1263 1013 et
1285 952 1483 1013 accidentaria
1510 951 1725 1030 quodammodo
1749 962 1794 1012 ast

433 1040 672 1121 quisdamngulo
700 1046 734 1101 ut
761 1039 814 1100 tali
844 1043 1022 1118 propriaque
1050 1043 1150 1116 potins
1173 1040 1319 1116 trinngnlo
1342 1048 1371 1100 et
1399 1040 1636 1118 quinquangulo,
1669 1057 1792 1117 quarum

432 1130 593 1209 ίςιιηῐυω
608 1131 637 1188 vl
654 1136 684 1188 et
705 1128 934 1207 proprietatibus
956 1126 1109 1206 expeditur
1132 1128 1206 1188 baec
1221 1129 1438 1201 demonstratio,
1463 1128 1531 1188 vide
1545 1146 1634 1206 supra
1648 1127 1700 1189 fol.
1716 1130 1789 1187 loe.
1816 1202 1824 1209 Ι

434 1217 569 1295 Quem
605 1214 749 1295 liquidem
765 1215 838 1275 haec
854 1223 994 1275 extranca
1015 1214 1233 1291 quodammodo
1248 1214 1456 1274 demonstratio
1472 1215 1543 1274 nibil
1559 1214 1794 1292 quindceangnlo

434 1303 556 1383 prodest
577 1301 616 1362 ad
639 1303 880 1381 compositionem
904 1304 1033 1380 corporis
1055 1302 1212 1378 regularis,
1244 1319 1310 1362 cnm
1340 1311 1454 1364 ceterae
1475 1302 1586 1379 figurae
1609 1302 1793 1363 demonstra·

435 1393 510 1455 biles
539 1391 617 1452 bane
644 1390 885 1468 compositionem
917 1399 946 1450 et
974 1411 1203 1466 oopctouotqon
1229 1390 1334 1465 juvent
1357 1392 1445 1450 varic.
1490 1389 1682 1451 Pulclrritudo
1705 1391 1794 1466 igitur

434 1479 593 1559 &marum
608 1475 700 1538 alium
722 1477 812 1537 lrabet
834 1477 940 1549 locum,
963 1485 993 1537 et
1007 1478 1178 1536 nominatim
1195 1480 1223 1534 in
1240 1477 1468 1538 conformatione
1484 1479 1598 1537 orbium
1613 1477 1793 1557 coelestium,

436 1570 464 1626 ln
487 1565 693 1626 distributione
717 1580 856 1623 sonorum
879 1581 950 1623 usus
974 1567 1166 1644 animantum,
1189 1581 1265 1641 qnae
1288 1564 1368 1623 illam
1392 1564 1563 1625 incolitnrae
1586 1574 1682 1639 eraut,
1706 1582 1793 1642 prae·

434 1653 539 1716 cedere
568 1644 678 1713 debuit.
724 1652 769 1711 Dc
800 1650 850 1710 illo
882 1667 951 1711 vero
986 1669 1039 1719 usu
1065 1653 1129 1728 jam
1159 1660 1205 1712 est
1232 1651 1357 1724 dictum,
1390 1655 1553 1730 oportuisse
1576 1670 1641 1712 esse
1664 1651 1793 1729 aliquam

436 1743 611 1803 vuietstem
632 1747 663 1799 ct
687 1738 926 1799 vicissitudinem.
973 1738 1047 1799 Cum
1069 1740 1147 1798 enim
1161 1737 1212 1824 Sol
1236 1738 1362 1800 calorem
1382 1740 1499 1812 habeat,
1523 1739 1612 1800 Terra
1635 1741 1734 1816 trigue,
1758 1756 1796 1800 ex

435 1837 543 1890 nature
564 1826 718 1900 materiae,
742 1828 781 1885 sit
804 1842 873 1886 vero
897 1842 1001 1904 corpus
1024 1843 1149 1905 opacum
1170 1826 1402 1904 rotundumque,
1433 1826 1484 1888 Sol
1508 1834 1601 1900 certe,
1633 1828 1689 1886 nisi
1713 1834 1794 1886 motu

436 1914 651 1988 intercedente,
683 1911 824 1974 callacere
847 1920 938 1973 totam
962 1930 997 1973 cx
1022 1916 1099 1973 omni
1122 1912 1212 1974 latere
1235 1917 1392 1992 nequibat,
1416 1922 1627 1994 proptereaque
1650 1913 1795 1975 revolutio

436 2001 567 2065 Telluris
590 2002 667 2063 circa
689 2017 774 2060 uem
797 1999 902 2059 diurna
916 2000 1032 2060 decreta
1054 2019 1119 2061 ease
1136 1999 1260 2075 videtur,
1286 2010 1316 2062 ut
1338 2019 1426 2079 snpra
1447 2001 1522 2062 libro
1545 2004 1638 2080 primo
1660 2001 1796 2079 disputa·

436 2101 508 2152 tum
541 2089 679 2162 Rumum,
703 2089 773 2164 qnia
788 2086 881 2148 'l'erre
901 2087 999 2147 lutura
1015 2096 1078 2149 erat
1100 2087 1280 2148 domicilium
1300 2087 1532 2167 generandorum
1556 2097 1586 2151 et
1607 2106 1795 2168 corrumpen-

437 2178 558 2254 domm,
590 2192 649 2236 nun
677 2177 806 2253 oportuit
834 2177 922 2250 igitur
944 2182 1043 2252 partos
1066 2175 1173 2236 Terrae
1196 2176 1326 2252 singulas
1350 2176 1544 2254 aequabiliter
1566 2179 1644 2237 omni
1667 2184 1796 2255 tempore
1869 2188 1873 2195 ·

437 2285 457 2326 a
477 2263 550 2326 Sole
572 2262 664 2338 allici,
687 2278 740 2342 pro
761 2278 816 2322 sno
839 2279 987 2339 quamque
1009 2262 1138 2323 modulo.
1184 2263 1249 2336 Sic,
1281 2267 1359 2341 quia
1372 2282 1423 2344 per
1445 2265 1658 2325 revolutionem
1680 2263 1797 2343 simpli-

438 2370 513 2427 cem,
537 2368 593 2412 axe
616 2349 654 2410 ad
677 2348 829 2426 eclipticas
852 2348 972 2426 planum
994 2358 1082 2425 recto,
1107 2349 1167 2429 poli
1191 2360 1220 2411 et
1241 2350 1307 2412 loca
1329 2352 1404 2430 polis
1429 2354 1525 2413 vicina
1549 2352 1642 2413 deseri
1665 2352 1796 2412 acalorc
1873 2375 1884 2387 ·

440 2439 593 2514 ridentur,
625 2439 754 2516 oportuit
775 2435 908 2496 inclinari
930 2455 1031 2510 mem,
1060 2445 1093 2497 nt
1120 2437 1189 2498 illac
1219 2434 1316 2516 partes
1338 2439 1457 2501 alternis
1479 2438 1542 2500 Soli
1567 2440 1796 2500 obverterentur.

440 2528 578 2604 Denique
600 2523 783 2586 revolutione
806 2523 930 2602 simplici
953 2531 983 2584 et
1004 2542 1061 2585 axe
1081 2533 1171 2598 recto,
1194 2535 1338 2603 utsupra
1361 2525 1485 2600 dictum,
1508 2527 1600 2603 frigus
1622 2529 1651 2585 in
1678 2526 1793 2587 duobus

439 2614 546 2675 mitem
568 2614 685 2691 punctis
706 2611 902 2690 spectabatur,
926 2607 1005 2673 calor
1028 2615 1056 2671 in
1079 2615 1167 2674 unica
1182 2614 1278 2673 solum
1300 2612 1386 2688 linea,
1410 2632 1487 2690 quae
1509 2613 1621 2673 nullam
1636 2613 1727 2675 habet
1748 2613 1797 2673 la-

440 2700 612 2763 titudinem:
641 2707 706 2759 tots
726 2699 869 2777 sphaeras
891 2699 1060 2777 superficies
1081 2702 1154 2760 sine¹
1168 2701 1323 2761 manifesta
1346 2701 1530 2762 distinctione
1553 2701 1689 2761 contusas
1712 2700 1798 2760 bebi-¹

441 2799 508 2850 tnra
530 2790 635 2848 inisset
653 2785 762 2847 caloris
783 2790 813 2844 ct
834 2785 949 2862 trigoris
972 2795 1075 2848 metas.
1123 2788 1163 2847 At
1184 2787 1296 2867 placuit
1318 2790 1469 2862 conditori,
1493 2788 1673 2867 distinguere
1696 2795 1727 2848 ut
1750 2786 1799 2847 ln·

441 2894 505 2938 cem
528 2896 547 2937 a
570 2873 708 2948 tenebris,
730 2874 773 2933 sic
795 2879 889 2943 metas
912 2875 1000 2934 etiam
1015 2882 1044 2936 et
1067 2876 1201 2951 regiones
1215 2882 1384 2954 tractusque
1405 2877 1480 2938 lucis
1495 2883 1525 2937 et
1540 2876 1669 2950 umbrae,
1692 2875 1799 2937 caloris

442 2971 472 3025 et
493 2964 631 3040 frigoris.¹
663 2959 720 3020 His
743 2960 779 3020 de
802 2961 900 3020 causis
923 2965 1052 3039 oportuit
1074 2980 1160 3023 axem
1182 2963 1324 3024 inclinari.

529 3049 633 3111 Tertio
657 3066 722 3108 cum
745 3045 793 3107 vel
816 3046 939 3125 simplex
962 3049 1076 3109 volntlo
1091 3049 1229 3131 Telluris,
1253 3070 1308 3113 axe
1330 3058 1408 3111 recto
1431 3049 1472 3110 ad
1491 3050 1611 3130 planum
1635 3050 1797 3133 eclipticas,

441 3142 530 3218 signa
552 3135 699 3216 quaedam
721 3144 811 3214 ponat
833 3135 932 3211 frigori
955 3138 1011 3197 snb
1034 3138 1110 3197 binis
1134 3138 1226 3217 polis,
1258 3148 1289 3199 et
1309 3139 1398 3200 calori
1421 3139 1477 3200 sub
1499 3147 1667 3217 aequatore,
1692 3146 1801 3199 tractus

443 3230 533 3305 igitur
562 3242 702 3285 sonarum
724 3223 893 3300 trigidamm
915 3224 1009 3302 polis,
1042 3225 1170 3287 torridae
1193 3229 1343 3303 aequaturi
1367 3227 1542 3304 circnmjiei,
1572 3226 1692 3304 frigidas
1716 3224 1799 3299 duas,

442 3323 562 3395 propter
584 3311 670 3393 polos
693 3310 776 3387 dnos,
799 3310 939 3374 torridam
963 3331 1050 3374 unam
1072 3313 1134 3374 beri
1158 3318 1295 3393 oportuit.

531 3399 755 3477 Quarto,icum
785 3397 896 3458 bonum
922 3416 982 3459 non
1004 3408 1098 3477 esset,
1129 3410 1258 3464 extreme
1276 3403 1361 3480 jungi
1385 3404 1447 3463 alne
1470 3401 1580 3475 medio,
1612 3398 1686 3462 duas
1714 3403 1802 3479 igitur

442 3496 621 3569 temperatas
643 3485 825 3547 intercedere
845 3488 983 3562 oportuit.

530 3574 649 3653 Quinto,
674 3575 719 3634 bis
741 3574 779 3633 ab
804 3589 858 3632 usn
879 3572 1019 3634 desumtis
1039 3575 1103 3652 jam
1126 3575 1350 3654 pulchritudinis
1365 3584 1513 3655 respectus
1537 3575 1730 3655 colophonem
1746 3578 1802 3636 im·
1841 3562 1849 3576 ⁸
1911 3569 1915 3578 '

440 3671 542 3746 ponat
588 3660 668 3722 Nlbil
690 3663 768 3723 enim
791 3660 884 3737 magis
907 3663 935 3719 in
958 3666 1118 3739 geometria
1143 3663 1294 3743 pulchrum
1319 3663 1580 3742 esteaequalitate,
1610 3667 1636 3722 si
1665 3663 1737 3723 nibil
1761 3664 1802 3723 illi

441 3752 549 3813 obstet.
594 3749 660 3810 Non
690 3757 735 3811 est
758 3749 858 3827 itaque
880 3747 1022 3811 dissimile
1045 3752 1124 3826 reri,
1157 3751 1323 3813 Creatorem
1347 3753 1385 3811 nb
1408 3754 1491 3813 initio
1515 3747 1684 3812 latitudines
1709 3769 1800 3812 aona-

440 3857 505 3900 rum
544 3838 676 3915 quinque
709 3834 850 3913 aequales

444 3924 607 3986 ordinasse.
652 3922 725 3985 Cum
750 3929 849 3984 autem

440 4012 621 4076 meridianus
664 4028 717 4091 per
764 4009 850 4090 polos

440 4099 595 4172 uaductus
617 4107 697 4160 secet
711 4095 850 4159 torridam

441 4195 470 4251 et
496 4193 677 4268 temperatas
697 4184 771 4246 loeis
794 4202 850 4264 op·

439 4277 563 4356 positis,
593 4273 663 4335 binc
683 4273 758 4333 liunt
779 4287 850 4351 por-

440 4367 538 4426 tiones
546 4359 700 4422 meridiani
710 4377 771 4434 sex,
783 4361 850 4436 qni·
943 4423 951 4429 ,

440 4452 496 4514 bns
535 4448 681 4511 accedunt
716 4446 851 4525 singulae

441 4536 625 4616 singularum
680 4532 851 4612 frigidarum

440 4627 604 4699 medeam,
634 4622 766 4700 fiuntque
793 4639 851 4681 nu·

443 4729 525 4775 mero
541 4719 609 4773 octo
626 4712 784 4790 portiones.
817 4709 850 4767 ln

440 4800 593 4863 schemate
621 4797 685 4873 ΟΕ,
715 4797 769 4870 ΕΙ,
793 4795 851 4869 ΙΜ,

440 4887 510 4964 liti,
534 4885 605 4961 ult,
628 4885 687 4960 RS,
711 4884 769 4958 S'l',
792 4883 852 4943 ΤΟ.

441 4974 497 5036 ffia
521 4976 611 5053 igitur
640 4971 808 5044 elementis,
841 4986 901 5029 non
929 4984 999 5028 vcro
1027 4975 1161 5047 respectu
1193 4965 1293 5043 aliquo
1317 4964 1542 5046 pulchritudiuis
1570 4968 1600 5023 in
1626 4967 1690 5043 ipsa
1713 4949 1807 5037 figura
1920 5019 1924 5030 ,

441 5060 643 5140 oeteugulerl,
673 5078 732 5121 non
755 5058 942 5136 inscriptione
965 5056 1029 5132 ejus
1051 5057 1080 5113 in
1105 5055 1311 5129 meridianum,
1337 5062 1416 5141 'puto
1440 5055 1608 5114 constitisse
1632 5051 1807 5114 divisionem

440 5149 596 5212 meridiani
619 5148 763 5209 terrestris
785 5147 983 5217 octonariam,
1013 5151 1046 5201 ut
1073 5151 1150 5204 essct
1173 5145 1335 5205 communis
1364 5141 1493 5201 omnium
1517 5156 1657 5200 sonarum
1680 5134 1806 5197 latitudo

409 5290 416 5304 .
441 5234 509 5314 45⁰,
531 5235 700 5298 millimlum
721 5234 955 5315 gannanicorum
980 5232 1052 5316 tib,
1076 5229 1236 5293 declinatio
1258 5228 1412 5309 eclipticas
1436 5228 1493 5288 22⁰
1518 5229 1580 5288 30‘.
