4459 6275
529 790 594 853 tat
1034 784 1179 855 Epitorues
1195 783 1389 841 Astrormmiae

533 961 862 1035 ennealraedeeaiiteris,
892 960 984 1023 Arato
1015 950 1188 1036 celebrata,
1203 963 1318 1039 longior
1343 965 1383 1023 ld
1405 978 1563 1038 annornm,
1593 982 1672 1041 qnae
1700 964 1756 1025 init
1776 964 1885 1043 calippt

531 1050 684 1130 periodus3
714 1049 885 1125 longissima
915 1058 944 1108 et
973 1052 1194 1124 accuratissima
1215 1049 1376 1128 Hipparchi
1405 1060 1530 1129 quatuor
1553 1048 1725 1133 Calippicaa
1748 1054 1886 1131 complec-

531 1143 617 1213 titur,
649 1144 694 1198 est
725 1140 801 1197 enim
830 1153 973 1197 annorum
1004 1139 1084 1211 304,
1116 1155 1192 1215 qnos
1221 1140 1297 1198 intra
1326 1138 1389 1198 dies
1423 1157 1483 1198 una
1514 1138 1550 1199 de
1581 1141 1750 1201 rationibus
1779 1140 1887 1217 Culippi

539 1226 673 1287 demitur.
1297 1228 1301 1235 '

622 1310 696 1370 Cum
710 1328 780 1371 nero
797 1310 1109 1372 euneakuedeca'e'teris
1132 1330 1186 1373 seu
1209 1312 1347 1390 periodus
1369 1311 1521 1388 Calippica
1545 1316 1585 1374 lli
1609 1332 1755 1374 annorum
1776 1332 1887 1373 accom-

534 1399 669 1461 modatur
691 1398 869 1457 ordinationi
891 1401 960 1458 anni
981 1398 1095 1458 Juliani
1119 1408 1148 1459 et
1172 1401 1372 1461 observationi
1394 1398 1514 1460 Judnici
1538 1401 1626 1478 cycli,
1658 1401 1774 1461 dierum
1796 1412 1888 1479 septe·

532 1505 601 1546 num
624 1487 764 1564 perpetui,
788 1484 923 1562 equidem
938 1485 1062 1547 doliana
1083 1490 1158 1545 ratio
1181 1505 1286 1565 perse
1310 1490 1441 1548 continet
1462 1489 1577 1565 cyclum
1600 1506 1747 1549 annorum
1759 1500 1888 1565 quatuor.

532 1591 607 1651 quos
630 1576 721 1645 intra,
750 1580 893 1650 utsupra
916 1575 945 1631 in
968 1573 1082 1633 theoria
1104 1572 1182 1633 Solis
1205 1583 1234 1634 ct
1257 1574 1331 1634 libro
1355 1574 1411 1633 lll.
1434 1586 1479 1635 est
1503 1576 1623 1647 dietum,
1645 1593 1725 1636 unus
1749 1578 1887 1637 bisacutus

534 1659 731 1731 intercalatur,
756 1662 807 1736 qni
830 1667 955 1737 quatuor
978 1664 1066 1721 sumti
1080 1663 1199 1739 septies,
1223 1671 1264 1729 ut,
1278 1679 1338 1721 una
1353 1669 1382 1721 ct
1405 1662 1551 1723 bissextus
1567 1672 1596 1722 et
1619 1664 1694 1723 seria
1715 1667 1888 1743 septimanae

535 1766 588 1809 seu
610 1748 695 1808 litera
718 1747 901 1813 dominicalia
924 1747 1035 1822 redeat,
1058 1749 1214 1809 conficiunt
1229 1750 1307 1811 Solis
1330 1749 1444 1826 cyclum
1469 1749 1578 1810 dictum
1600 1768 1747 1811 annorum
1771 1754 1823 1809 23.
1858 1752 1885 1809 15

535 1836 611 1897 lranc
642 1838 731 1911 igitur
760 1848 902 1895 summam
937 1835 1042 1895 deictus
1073 1854 1210 1895 numerus
1240 1853 1383 1895 annorum
1412 1838 1631 1912 novemdecim,
1662 1840 1767 1916 cyclus
1798 1838 1889 1897 Lunae

535 1924 639 1995 dictus,
663 1922 780 1983 coniicit
802 1921 953 2001 periodum
977 1940 1120 1982 armornm
1145 1926 1205 1983 532
1230 1924 1397 2002 politicum,
1426 1944 1445 1983 a
1467 1926 1610 2003 Dionysio
1634 1926 1755 1985 Abbute
1778 1934 1888 1984 anctore

535 2011 772 2085 denominatum
796 2017 863 2088 post
883 2020 1003 2071 exactos
1026 2009 1146 2071 totidem
1164 2028 1257 2072 arrnos
1279 2029 1380 2072 omnes
1403 2020 1432 2071 et
1448 2014 1568 2072 bissexti
1592 2020 1622 2072 et
1644 2014 1737 2073 leriae
1752 2026 1783 2073 ct
1808 2016 1888 2071 inter·

536 2099 648 2160 calores
671 2115 785 2157 menses
810 2097 912 2158 codem
937 2098 1035 2157 ordine
1058 2098 1190 2171 redeunt,
1214 2116 1383 2179 quanquam
1406 2098 1453 2158 hic
1475 2100 1574 2176 cyclus
1598 2102 1726 2159 uitiosus
1748 2112 1805 2173 est,
1827 2104 1888 2177 quia

534 2189 663 2247 rationes
679 2183 845 2262 calippicas
869 2192 957 2257 tenet,
981 2184 1115 2260 neglecta
1139 2188 1318 2248 correctione
1335 2184 1507 2265 Hipparchi,
1531 2187 1607 2247 unde
1630 2188 1698 2266 plus
1721 2205 1812 2264 quom
1833 2206 1888 2247 aes·

537 2273 634 2351 quidie
657 2273 785 2331 rationes
806 2271 907 2332 Lunae
930 2273 1053 2343 excedit,
1077 2276 1206 2333 rationes
1229 2291 1300 2334 vcro
1323 2273 1402 2333 Solis
1425 2273 1597 2351 quadriduo.

630 2359 710 2435 Quid
727 2362 920 2434 potissimum
942 2361 1168 2420 obseruandum
1190 2369 1233 2419 est
1253 2366 1336 2421 circo
1349 2360 1431 2420 bunc
1453 2363 1570 2439 cyclum
1583 2380 1737 2438 moynum
1762 2364 1824 2421 532
1836 2382 1888 2421 nn·

538 2447 673 2509 norum?
700 2446 796 2523 Hujus
821 2449 917 2507 vitiosi
942 2448 1016 2525 cycli
1041 2449 1246 2509 observatione
1268 2448 1378 2508 iactum
1401 2456 1454 2522 est,
1478 2458 1511 2509 ut
1533 2453 1608 2509 intra
1635 2452 1720 2510 1600
1743 2468 1838 2511 annos
1856 2452 1887 2508 ab

537 2537 722 2614 aequinoctio
758 2550 827 2595 vero
862 2534 1003 2593 aberrarit
1037 2535 1123 2595 sedes
1153 2538 1210 2614 ipsi
1238 2535 1384 2596 destinate
1413 2538 1440 2593 iu
1470 2536 1637 2596 calendario
1667 2555 1721 2616 per
1751 2537 1816 2598 dies
1847 2540 1887 2606 12,

538 2624 679 2700 Lunaque
704 2621 863 2681 calendarii
885 2620 1002 2681 chuno
1024 2623 1098 2683 coeli
1122 2641 1173 2701 per
1195 2623 1257 2682 dies
1282 2624 1309 2681 5.
1356 2624 1442 2699 Quod
1463 2641 1536 2698 curn,
1560 2642 1620 2700 qua
1635 2624 1773 2699 dabatur,
1796 2642 1887 2685 ernen-

539 2711 633 2771 derint
655 2727 746 2785 regua
768 2717 797 2769 st
819 2710 988 2786 provinciae
1012 2710 1169 2786 plurimae,
1203 2709 1270 2771 inde
1293 2710 1342 2782 fit,
1374 2718 1406 2770 ut
1428 2713 1502 2771 inter
1530 2712 1597 2771 illos
1620 2721 1649 2771 et
1671 2712 1821 2787 reliquos,
1845 2714 1887 2787 qni

536 2807 635 2859 tenent
656 2799 784 2857 rationes
806 2798 956 2874 antiquas,
981 2797 1081 2856 crebro
1105 2797 1258 2857 discrimen
1282 2798 1430 2873 paschatis
1451 2799 1625 2873 intercedat,
1649 2802 1750 2871 unius,
1773 2812 1888 2877 quatuor

538 2887 584 2948 vel
609 2887 878 2962 dseptimauarum
904 2886 974 2961 quia
996 2884 1106 2961 pascha
1129 2887 1243 2944 rronnisi
1268 2886 1413 2945 dominica
1436 2894 1504 2963 post
1528 2887 1641 2947 Lunam
1664 2886 1888 2965 decimamqnin·

537 2984 606 3050 tarn,
630 2976 791 3050 proximam
814 2980 881 3048 post
904 2973 1130 3047 aequinoctium,
1155 2971 1295 3032 celebrari
1317 2980 1425 3049 potest.

631 3060 772 3136 Quidem
795 3077 908 3120 aurem
930 3059 1099 3119 numerus?
1136 3058 1245 3136 cyclus
1261 3060 1371 3134 Lunae,
1395 3077 1447 3120 seu
1470 3062 1582 3120 numeri
1604 3062 1822 3135 novemdecim,
1842 3062 1888 3120 ad·

537 3151 636 3226 scripti
659 3155 720 3209 arte
750 3148 891 3224 singulari
920 3147 958 3206 ad
989 3147 1051 3207 dies
1074 3146 1231 3208 calendarii
1248 3146 1361 3207 Juliaui
1386 3148 1477 3208 literis
1500 3152 1613 3224 aureis3
1638 3151 1694 3211 boc
1716 3169 1825 3212 nomen
1845 3167 1889 3210 at·

539 3245 677 3315 ceperunt
699 3237 737 3295 ah
760 3237 824 3312 ipso
847 3237 932 3311 primi
964 3237 1092 3294 auctoris
1113 3235 1202 3295 lacto.
1247 3235 1321 3294 Sunt
1350 3245 1449 3295 autem
1473 3239 1491 3294 ii
1516 3239 1627 3295 numeri
1662 3239 1777 3298 indices
1801 3239 1890 3298 Lunae

541 3328 651 3402 primae
675 3341 732 3383 non
756 3341 870 3398 semper
889 3323 1068 3396 verissimae,
1092 3322 1143 3382 sed
1167 3323 1258 3383 usalis
1281 3340 1333 3383 seu
1356 3322 1526 3396 artificialis,
1549 3326 1673 3399 quilibet
1695 3329 1724 3385 in
1750 3327 1802 3387 illo
1823 3343 1889 3384 arim

543 3413 627 3491 cycli,
652 3429 738 3487 quem
763 3413 824 3486 ipse
846 3408 957 3468 indicat
981 3409 1081 3469 ordine
1104 3427 1168 3469 suo.

635 3503 720 3573 Quae
740 3501 821 3557 ratio
842 3498 919 3573 fuit,
948 3515 1049 3556 unum
1080 3516 1200 3556 annum
1228 3517 1307 3572 prae
1330 3499 1392 3558 olio
1413 3502 1551 3573 primum
1574 3503 1608 3557 in
1631 3500 1891 3560 decemnovennali

540 3588 620 3663 cyclo
649 3585 871 3646 constituendi?
909 3583 1118 3660 Propinquitas
1148 3586 1292 3643 novilunii
1322 3584 1360 3643 ud
1392 3589 1608 3661 aequinoctium
1640 3588 1720 3645 illius
1753 3591 1891 3664 temporis.

540 3692 598 3752 quo
621 3673 695 3733 haec
718 3672 871 3733 ordinatio·
885 3672 941 3730 tuit
962 3673 1056 3743 sacta,
1080 3672 1192 3733 scilicet
1216 3682 1284 3732 urite
1309 3682 1440 3748 tempora
1456 3674 1639 3733 Constantini
1654 3675 1759 3748 llnpni
1784 3687 1811 3735 et
1834 3689 1892 3733 anu

540 3780 647 3822 aunum
672 3760 777 3820 Christi
803 3761 882 3832 300,
907 3768 976 3818 tunc
998 3762 1075 3818 euim
1098 3763 1316 3836 aequinoctium
1339 3762 1394 3819 suit
1417 3764 1445 3818 in
1469 3765 1519 3819 22.
1543 3762 1643 3820 Martii
1666 3762 1801 3826 Juliani:
1831 3779 1892 3834 erge

540 3867 598 3927 quo
631 3866 708 3908 anrro
744 3846 881 3907 coincidit
913 3847 1096 3906 novilunium
1128 3851 1157 3906 in
1188 3867 1312 3925 vespera
1343 3848 1401 3908 diei
1432 3853 1483 3907 22.
1514 3849 1627 3923 blumii,
1661 3864 1698 3909 co
1730 3869 1810 3910 anno
1838 3851 1893 3908 ilice

541 3941 593 3998 23.
617 3937 716 3996 hlurtii
741 3934 835 3994 dictus
857 3936 912 3993 luit
935 3934 1018 3993 Luna
1042 3937 1136 4013 prima
1160 3938 1242 4011 isque
1265 3953 1358 3995 onnus
1381 3937 1437 3994 luit
1460 3935 1578 3996 habitus
1600 3954 1652 4014 pro
1677 3940 1792 4014 pruno,
1820 3939 1893 3997 ideo·

543 4043 599 4102 que
624 4025 660 4084 ud
685 4026 737 4083 23.
762 4023 860 4081 Martii
885 4029 943 4080 stat
967 4040 1074 4082 eureus
1098 4040 1235 4082 numerus
1259 4023 1282 4080 I.

632 4112 709 4172 Chm
739 4118 841 4170 nutem
865 4111 906 4167 28
929 4110 1003 4186 cycli
1025 4112 1310 4169 decemnovennales
1332 4114 1518 4170 constituant
1547 4129 1647 4171 unum
1672 4114 1792 4188 cyclum
1816 4131 1893 4186 nmy·

539 4219 626 4273 num,
650 4218 709 4275 quo
731 4198 844 4257 delectu
866 4201 987 4271 primus
1009 4206 1050 4256 cat
1071 4206 1198 4266 sumtus,
1223 4189 1292 4256 crem
1316 4199 1440 4274 quilibet
1459 4203 1604 4273 potuisset
1627 4217 1685 4258 esse
1708 4205 1851 4275 primm?
1871 4199 1892 4255 le

541 4288 641 4364 cyclus
666 4285 940 4345 decemnovennalis
963 4286 1016 4342 luit
1039 4287 1149 4360 primns
1165 4295 1286 4357 sumtus,
1312 4289 1360 4361 qui
1386 4285 1423 4345 ud
1439 4304 1545 4344 aurium
1570 4289 1620 4343 42.
1644 4290 1760 4362 imperii
1779 4289 1892 4354 intueti

543 4379 661 4451 propius
686 4375 808 4432 accessit
840 4390 904 4430 cunr
935 4390 989 4430 suo
1020 4375 1117 4432 initio:
1151 4376 1221 4448 quia
1249 4390 1312 4432 cum
1337 4373 1471 4432 Christus
1501 4391 1577 4432 urrrro
1605 4377 1652 4431 15.
1680 4375 1792 4433 Tiberii
1820 4375 1892 4434 luerit

544 4465 627 4536 qnasi
653 4462 694 4519 30
717 4477 876 4531 annorum,
906 4477 974 4534 ergo
1006 4458 1110 4519 demtis
1137 4461 1183 4518 his
1214 4464 1250 4519 15
1275 4463 1374 4535 primis
1397 4461 1507 4520 Tiberii
1538 4471 1567 4520 et
1599 4461 1712 4520 ultimis
1740 4467 1779 4520 15
1804 4462 1838 4520 de
1860 4463 1891 4518 ii

544 4551 655 4625 imperii
681 4549 806 4620 Augusti
832 4549 948 4605 venitur
969 4546 1008 4604 ad
1031 4550 1082 4605 42.
1108 4565 1216 4606 eranum
1245 4550 1357 4622 imperii
1382 4549 1508 4622 Augusti
1539 4565 1591 4623 pro
1615 4552 1773 4608 nativitate
1797 4549 1889 4607 siricii

543 4644 804 4711 praeterpropter.
851 4635 953 4692 Annus
977 4643 1083 4708 nutem,
1108 4638 1157 4710 qni
1182 4635 1228 4693 die
1253 4639 1302 4692 22,
1320 4635 1419 4694 blurtii
1443 4634 1625 4694 novilunium
1647 4637 1780 4698 baberet.
1804 4639 1889 4712 proni·

458 4747 462 4766 ι
542 4739 606 4780 mus
629 4720 697 4780 huic
721 4724 857 4794 termino,
890 4723 943 4780 luit
967 4724 1018 4779 45.
1042 4719 1182 4781 Julianus
1205 4740 1256 4781 seu
1281 4725 1331 4780 44.
1358 4724 1494 4798 Augusti.
1541 4722 1598 4780 llio
1624 4726 1714 4796 igitur
1744 4727 1889 4782 laetrrseu

542 4816 631 4887 caput
651 4809 726 4886 cycli
749 4812 847 4884 oregni
872 4809 1045 4885 lliorrysiani
1068 4827 1210 4868 annorum
1232 4812 1311 4880 532,
1342 4811 1508 4886 acciditque
1530 4810 1652 4885 pulchro
1678 4829 1767 4888 casu,
1791 4827 1820 4869 ur
1842 4815 1890 4886 ipse

543 4906 621 4957 esset
644 4899 730 4956 etiarn
764 4897 822 4972 (vol
848 4915 911 4955 csse
934 4897 1080 4964 debuerit)
1111 4897 1287 4956 bissextilis:
1316 4904 1347 4955 ut
1376 4901 1416 4957 itu
1444 4900 1576 4973 proximo
1607 4915 1708 4958 mense
1737 4913 1804 4975 post
1826 4901 1887 4956 dreru

544 4983 745 5046 intercalatum
774 4986 912 5058 inciperet
935 5001 1029 5044 annus
1053 4983 1171 5054 lunaris,
1196 4984 1307 5044 scilicet
1330 4985 1368 5042 ab
1393 4987 1589 5060 acquinoctio.

632 5073 697 5131 Pru
719 5073 801 5147 cyclo
827 5071 934 5130 Lunae
955 5071 1074 5130 actardo
1091 5073 1201 5144 jubent
1225 5072 1267 5129 ml
1288 5089 1388 5130 aristot
1412 5072 1524 5131 Christi
1545 5074 1668 5130 uenales
1691 5073 1804 5132 uilrlrrc
1830 5075 1886 5127 555·

546 5167 645 5232 tutem,
671 5177 834 5219 asumma
858 5160 986 5222 abiicere
1001 5177 1104 5218 omncs
1127 5161 1222 5234 cyclos
1238 5159 1396 5232 Lernaeam
1420 5178 1543 5235 quaero,
1567 5161 1650 5219 urrrie
1666 5169 1788 5222 constet.
1814 5159 1885 5216 fln-

543 5253 622 5306 stum
646 5253 757 5308 notum
773 5263 858 5308 enno
881 5251 909 5306 2.
933 5247 1016 5326 cycli,
1038 5246 1174 5308 Juliano
1187 5247 1239 5306 4⁶.
1260 5253 1290 5306 ct
1305 5265 1385 5324 quoe
1398 5251 1481 5308 circu
1495 5249 1550 5310 boo
1564 5248 1780 5308 obseruando?
1801 5249 1884 5306 Anna
