4459 6275
949 1920 1150 2114 iren
1192 1918 1437 2069 runnu

1032 2187 1136 2250 PARS
1158 2185 1354 2249 SECUNDA.

558 2380 614 2463 DE
647 2370 1060 2478 tinnimentum
1097 2372 1458 2479 niscsnsltntnut
1485 2373 1701 2461 SlGNllllUll
1735 2372 1822 2461 Sffl

925 2497 1181 2584 rnncttntilt
1197 2498 1456 2581 nttlt'tlttti

601 2854 757 2913 Hactmua
778 2856 814 2912 in
841 2855 949 2928 ocrim
977 2851 1014 2910 de
1035 2850 1266 2928 quidnamque
1282 2853 1408 2926 pennu
1427 2849 1575 2926 minanda
1595 2849 1722 2912 dictum
1775 2849 1873 2909 Velim

515 2943 771 3015 nunciatapoeic
801 2939 917 3010 doceri,
948 2938 1024 3016 quaid
1052 2937 1875 3014 mmmmmccpereolipticocpanctiaetarcacbw

515 3029 706 3101 mancianum
730 3026 945 3103 manirercnt?
988 3027 1173 3086 Astroucmis
1205 3024 1243 3084 ad
1273 3032 1373 3100 partes
1398 3024 1488 3101 hujus
1518 3023 1669 3086 doctrinas
1699 3023 1874 3103 rpltacrlcat

516 3124 673 3190 mquenne
694 3114 915 3191 pertractandas
936 3115 1078 3191 imprimis
1100 3128 1175 3189 opus
1197 3120 1242 3173 est
1259 3120 1433 3191 punctorum
1455 3110 1608 3189 eclipticas
1624 3110 1874 3176 declinationib·

517 3211 547 3261 at
568 3203 790 3262 ascensionibus
811 3210 872 3263 tum
894 3204 980 3262 rectis
1003 3217 1091 3278 quern
1114 3199 1259 3275 obliquis,
1290 3199 1466 3277 angulisque
1496 3216 1572 3276 qnos
1601 3201 1708 3261 format
1736 3199 1874 3279 scillula

516 3288 596 3365 apud
618 3288 671 3348 illa
693 3299 803 3365 puncta
824 3306 890 3349 cum
914 3290 1064 3356 horizonte
1087 3287 1209 3363 obliquo
1231 3286 1280 3348 vel
1301 3295 1390 3360 recto,
1414 3286 1444 3345 id
1467 3296 1511 3345 est
1532 3287 1705 3348 meridiano.

606 3375 694 3453 Quane
715 3394 810 3436 curua
832 3385 883 3452 art,
905 3394 962 3436 erar
981 3378 1174 3451 potnmmatm
1196 3374 1384 3433 considerent
1397 3375 1589 3449 eclipticam?
1621 3376 1650 3451 l)
1674 3373 1757 3450 Quia
1771 3389 1873 3435 carruca

516 3462 655 3538 planctae
684 3467 725 3524 cls
758 3473 787 3525 et
816 3466 892 3523 ultra
923 3462 1003 3521 illam
1026 3472 1167 3539 perpetuo
1201 3470 1368 3535 versantur,
1401 3460 1431 3539 2)
1454 3465 1482 3519 iu
1505 3464 1603 3539 specie
1626 3479 1698 3522 vero
1720 3461 1793 3535 Sol,
1822 3477 1873 3520 rex

381 3607 388 3615 .
517 3547 698 3626 placentum
726 3560 887 3628 auctorque
914 3559 1093 3627 temporum,
1126 3554 1224 3608 centro
1247 3565 1302 3607 auo
1324 3550 1380 3607 sub
1403 3547 1455 3607 illa
1477 3558 1619 3627 perpetuo
1642 3551 1756 3609 versari
1779 3549 1873 3610 carni-

518 3644 573 3710 tur,
598 3638 630 3713 3)
654 3637 787 3714 denique,
812 3642 882 3715 quia
904 3654 1006 3698 omnes
1030 3639 1119 3697 etiam
1140 3635 1214 3694 fixas
1236 3636 1338 3695 stellas
1360 3633 1398 3694 ad
1420 3636 1587 3714 eclipticam
1609 3638 1772 3699 reierimua.

790 3812 1089 3873 Declinatioues
1116 3816 1346 3887 punctorum
1374 3811 1594 3889 eclipticae.

606 3968 689 4046 Quid
709 3972 833 4029 mnitur
854 3970 1069 4029 dcdirnationcr
1089 3978 1276 4043 punctomtm
1298 3970 1474 4044 eclipticcc?
1495 3968 1678 4029 ltarldiauua
1699 3970 1731 4026 in
1746 3969 1871 4046 sphaera

519 4058 613 4115 ricem
642 4065 775 4133 praesta
805 4060 934 4117 omnium
963 4056 1167 4117 declinationis
1197 4056 1383 4128 circulorum,
1418 4074 1473 4116 uec
1501 4059 1598 4115 miuus
1629 4066 1658 4117 et
1688 4056 1813 4117 horiaou
1843 4060 1871 4117 ia

516 4142 643 4219 sphaera
670 4150 759 4204 recta„
802 4143 917 4203 Puncto
945 4146 1050 4219 igitur,
1083 4144 1168 4218 cujus
1200 4144 1356 4204 declinatio
1390 4146 1553 4220 quaeritur,
1587 4143 1626 4203 ad
1657 4143 1712 4203 llos
1747 4144 1872 4206 clrctrloa

517 4230 675 4305 applicato,
697 4239 780 4308 patet
799 4230 839 4289 ad
862 4230 994 4303 oculum,
1022 4239 1149 4307 quantus
1171 4234 1285 4291 intersit
1307 4248 1392 4291 arcus
1414 4234 1488 4291 iuter
1510 4241 1700 4308 aequatoreru
1723 4241 1755 4292 et
1776 4249 1872 4310 punc·

519 4325 581 4376 tuuu
604 4316 676 4375 illud
699 4317 861 4393 eclipticae.

606 4402 691 4462 ll'ram
717 4407 809 4463 etiam
839 4405 956 4465 colcrtio
982 4411 1109 4479 potam
1136 4408 1312 4481 intestinas-i
1342 4405 1555 4466 dccliaurtionca
1582 4409 1656 4464 istae
1680 4415 1873 4481 punam

517 4493 670 4566 eclipticoc
691 4499 720 4551 ct
741 4510 778 4552 ex
801 4493 911 4567 onibus
930 4491 1113 4567 principiis?
1145 4490 1218 4551 Cum
1241 4490 1497 4569 praesuppositn'm
1517 4495 1557 4552 sit
1579 4494 1766 4554 verissimum
1789 4496 1874 4571 ipan-

518 4596 576 4653 que
599 4596 653 4637 usu
675 4577 840 4654 probatum,
864 4577 1028 4655 eclipticam
1050 4597 1114 4639 esse
1136 4581 1295 4655 perfectum
1318 4580 1457 4639 circulum
1480 4583 1653 4653 maximum,
1685 4597 1746 4641 nou
1774 4584 1873 4642 minua

518 4683 605 4740 quatu
627 4673 834 4742 aequmreur:
865 4665 935 4742 data
958 4668 1047 4741 igitur
1069 4669 1197 4726 maxima
1219 4668 1283 4741 ejus
1305 4666 1498 4727 declinatione
1521 4668 1560 4727 al)
1582 4677 1763 4743 aequatore,
1794 4687 1873 4747 quaa

518 4762 562 4812 est
585 4769 721 4812 mensura
743 4751 860 4829 anguli,
883 4771 942 4828 quo
965 4771 997 4813 se
1020 4763 1122 4813 mutuo
1143 4767 1245 4813 secant
1267 4763 1389 4830 uterque
1411 4754 1552 4826 circirlus,
1579 4757 1754 4831 investigari
1776 4765 1874 4836 potu

518 4840 661 4916 cujusque
685 4840 838 4915 eclipticae
861 4844 961 4915 puncti
984 4840 1151 4912 declinatio,
1175 4840 1315 4900 beneficio
1338 4840 1486 4902 doctrinae
1508 4843 1731 4917 triangulorum.

607 4936 690 5013 Quid
712 4940 836 4994 metitur
857 4941 1027 4996 musinium
1050 4939 1202 5016 eclipticuc
1215 4937 1445 4996 declinationem
1469 4942 1501 4996 in
1522 4942 1617 5013 cpecic
1631 4947 1760 5013 praeter
1779 4945 1873 5001 mai·

517 5023 650 5082 dianam
678 5030 705 5081 et
734 5023 920 5081 horizontem
950 5025 1089 5083 rectum?
1126 5022 1251 5083 Colurus
1274 5024 1479 5096 solstitiorum,
1510 5029 1618 5101 quippe
1646 5026 1800 5088 traductus
1822 5047 1873 5105 per

518 5108 671 5185 eclipticae
701 5118 730 5168 et
757 5112 927 5184 aequaturis
948 5110 1043 5186 polos.
1089 5109 1207 5184 Quanta
1238 5113 1316 5171 enim
1338 5120 1383 5171 eat
1406 5112 1545 5172 distantia
1567 5115 1704 5189 utrinque
1725 5116 1873 5191 polorum,

517 5203 601 5257 tauta
623 5205 669 5255 cat
691 5198 779 5255 etiarn
803 5196 876 5257 hacc
899 5196 1056 5258 declinatio
1078 5199 1217 5273 ipsorum.
