4459 6275
943 792 1081 849 Praelatio
1098 800 1129 849 et
1144 792 1299 865 Epistulae.
1735 795 1798 855 tau

435 968 559 1029 mudum
581 969 698 1030 lectioni
721 979 828 1045 statue,
851 974 924 1032 satis
946 989 1091 1050 superque
1114 973 1226 1035 habeus
1249 976 1281 1033 in
1303 972 1459 1044 thesauris,
1483 978 1513 1033 et
1536 970 1602 1048 plus
1625 986 1722 1046 quam·
1736 985 1797 1027 nun

436 1065 553 1116 mortum
576 1057 732 1134 eloquaris,
755 1059 807 1119 sed
831 1061 918 1120 etium
941 1060 1098 1137 cogitando
1122 1079 1305 1139 percenseas.
1351 1060 1466 1136 Prsgaa
1490 1053 1578 1143 bjlb.
1603 1057 1674 1135 hpr.
1701 1056 1795 1116 lusu.

544 1156 783 1228 Berneggerus
807 1159 967 1228 Kepleru.
1011 1162 1061 1216 Vir
1084 1164 1200 1218 summat
1233 1162 1296 1216 Nun
1325 1167 1473 1225 statuerem
1503 1157 1537 1212 ad
1566 1156 1797 1226 pruxirnastuas.

435 1234 545 1304 Pragae
561 1252 654 1292 mense
673 1237 760 1307 Aprili
779 1239 865 1306 datas,
883 1240 959 1309 prius
976 1240 1156 1310 respondere,
1181 1257 1261 1311 quam
1280 1240 1315 1296 da
1331 1235 1541 1305 hunebmgensi
1564 1227 1712 1289 uonoarriu
1730 1227 1798 1282 certi

435 1314 504 1383 qnid
530 1314 682 1385 significare
707 1332 829 1386 pussem3
857 1316 906 1373 sod
929 1318 1008 1373 nimis
1030 1318 1141 1387 longum
1165 1318 1298 1387 idfuerit
1321 1317 1470 1382 silentium,
1497 1332 1541 1371 res
1568 1317 1641 1376 lente
1664 1321 1798 1391 procedit.

434 1394 535 1463 Nuper
551 1397 671 1452 ostendit
688 1397 753 1451 mihi
764 1396 797 1452 D.
817 1393 994 1452 Clutenius'a
1012 1413 1060 1451 suu
1078 1396 1201 1467 principe
1220 1397 1321 1467 literas,
1339 1394 1438 1464 quihus
1456 1394 1574 1450 nundum
1592 1399 1644 1452 sibi
1661 1399 1798 1454 redditum

437 1470 549 1539 librum,
568 1491 628 1533 cnm
648 1476 782 1532 desiderio
801 1482 891 1530 umen
904 1483 1101 1544 exspectatum,
1119 1474 1266 1543 significan
1286 1490 1375 1542 spero,
1395 1472 1506 1541 dignum
1518 1473 1607 1544 dante,
1626 1476 1736 1544 dignum
1754 1491 1797 1531 ae·

439 1553 561 1621 cipiuntc
584 1555 746 1622 praemium,
775 1563 803 1610 et
825 1555 986 1609 monitorem
1010 1569 1040 1607 se
1058 1554 1092 1608 D.
1113 1552 1254 1607 Clutenius
1273 1551 1362 1606 uffart.
1397 1551 1439 1605 De
1460 1551 1573 1619 reliquis
1598 1554 1817 1624 exemplaribus.

431 1631 473 1687 D.
492 1632 577 1687 Remu
596 1650 681 1689 anam
703 1634 765 1690 dedi
788 1635 907 1701 itemque
924 1648 1007 1686 unum
1025 1632 1051 1686 J.
1070 1631 1139 1687 Lud.
1159 1631 1285 1696 Surdae,
1309 1630 1446 1699 quaesturi
1469 1631 1536 1700 reip.
1557 1640 1675 1701 nostrae,
1693 1634 1799 1689 mathe-

437 1718 542 1769 matum
561 1714 631 1769 bene
649 1730 735 1782 gnaro
752 1721 914 1782 tuorumque
932 1706 1078 1781 praecipue
1097 1710 1259 1778 scripturum
1278 1708 1444 1763 admiraturi.
1479 1710 1555 1765 Vidit
1572 1712 1644 1781 apud
1663 1730 1706 1769 me
1723 1724 1798 1767 tuam

435 1790 627 1854 Harmonioerr,
647 1792 726 1860 cujus
744 1789 869 1860 exempla
887 1806 943 1844 non
962 1795 1072 1843 exstant
1094 1789 1123 1841 in
1140 1786 1304 1857 bibliopoliis
1329 1787 1437 1842 nostris.
1474 1786 1531 1844 Fac
1550 1791 1797 1860 quaesusumus,

435 1868 511 1922 unde
529 1870 552 1922 ia
569 1869 667 1925 librum
686 1878 828 1940 tantopere
841 1870 990 1938 expetitum
1001 1867 1051 1922 sibi
1064 1880 1222 1934 comparare
1240 1866 1336 1935 possit.
1372 1865 1544 1922 Francufnrti
1558 1869 1614 1923 sciu
1632 1870 1704 1938 apud
1717 1870 1797 1926 Tam-

437 1948 568 2015 pachium
587 1958 711 2019 prostare
729 1956 776 2004 tua
793 1948 937 2018 pleraque,
957 1944 1004 1999 sed
1023 1945 1056 1999 de
1074 1944 1246 2009 Harmonice,
1265 1944 1366 2012 quippe
1383 1944 1470 1999 Lincii
1494 1961 1608 2015 excusa,
1633 1947 1796 2004 dubitamus.

437 2025 494 2081 set
512 2028 775 2083 celebrarentur
793 2026 935 2081 remissum
954 2024 1057 2093 pridem
1077 2022 1217 2091 exemplar
1234 2022 1390 2077 tabularum
1402 2030 1512 2091 praeter
1531 2025 1684 2091 opinionem
1702 2029 1797 2097 (credo

436 2106 514 2175 qnod
532 2106 705 2162 Francninrti
717 2121 771 2160 non
789 2103 901 2159 minoris
919 2104 971 2156 erni
990 2102 1139 2169 didicisset)
1156 2115 1244 2170 nuper
1260 2100 1378 2168 repetiit.
1414 2101 1458 2156 Ita
1474 2110 1601 2171 superest
1612 2104 1702 2161 adhuc
1714 2123 1796 2161 uuum

435 2183 589 2253 exemplar,
608 2183 682 2253 quud
699 2185 733 2240 D.
752 2182 911 2252 Espiehium
930 2188 1080 2248 exspectat.

542 2264 725 2319 Dedicatiunis
743 2263 945 2318 Braheanurum
968 2258 1134 2328 exemplaria
1156 2258 1191 2313 ab
1208 2256 1412 2313 Hebeustreittu
1438 2265 1531 2313 nostru
1556 2266 1630 2314 recte
1652 2260 1746 2329 accepi
1770 2268 1798 2315 et

435 2338 501 2394 dedi
520 2340 618 2409 quibus
636 2342 763 2411 oportuit.
798 2341 840 2396 De
858 2339 940 2394 trium
958 2335 1066 2391 illurnm
1085 2335 1291 2405 exemplarium,
1315 2352 1385 2403 quau
1408 2336 1476 2407 dixi,
1502 2339 1591 2407 pretio
1615 2338 1631 2394 6
1655 2355 1694 2395 sc.
1713 2340 1798 2408 impe·

438 2418 563 2486 rialihus,
582 2421 679 2490 scripsi
697 2436 751 2474 nun
769 2420 808 2474 ita
826 2417 931 2486 pridem
948 2416 984 2470 ad
1001 2416 1084 2470 tiliam
1103 2416 1131 2469 in
1142 2415 1302 2471 Durlauensi
1320 2430 1456 2484 gynaeceo
1474 2417 1629 2485 monuique,
1648 2433 1698 2487 per
1716 2434 1796 2486 quem
1857 2452 1863 2461 -

433 2512 485 2554 eus
503 2498 611 2554 mittere
633 2498 716 2555 rellet
733 2496 895 2552 ostenderet.
934 2495 987 2550 Sed
1005 2494 1073 2550 nihil
1096 2493 1161 2548 dum
1178 2493 1273 2563 accepi
1290 2494 1421 2565 responsi.
1452 2494 1539 2550 Filius
1560 2498 1592 2551 12>
1610 2496 1675 2565 imp.
1693 2498 1799 2566 accepit

433 2578 510 2647 ipse,
536 2593 600 2633 mm
622 2575 655 2631 de
674 2574 840 2631 Sehiekardu
862 2575 939 2643 priua
966 2573 1144 2644 significatum
1169 2573 1290 2642 uportrrit
1303 2613 1396 2629 .....
1414 2573 1492 2630 Vale.
1527 2575 1639 2646 Arguat.
1663 2575 1689 2631 d.
1710 2578 1797 2645 15125.

437 2654 517 2710 Juuii
535 2672 608 2711 annu
626 2655 702 2711 1028.

541 2735 783 2805 Berneggerus
806 2730 960 2800 lteplero
983 2730 1011 2786 S.
1034 2730 1064 2784 P.
1090 2730 1123 2783 D.
1168 2729 1216 2784 Vir
1241 2730 1475 2785 excellentissime.
1511 2728 1604 2787 Habes
1628 2731 1673 2787 hic
1697 2749 1714 2786 a
1739 2733 1797 2788 filia

435 2804 542 2881 lituras,
560 2814 604 2867 cui
622 2829 710 2883 nuper
727 2812 881 2882 imperiales
898 2812 917 2867 8
933 2812 995 2865 misi
1012 2809 1170 2876 Durlacum‚
1189 2809 1314 2865 redactus
1332 2826 1348 2865 e
1367 2810 1429 2865 libri
1447 2810 1486 2865 tui
1504 2810 1643 2867 distructis
1661 2814 1796 2881 exempla·

435 2891 515 2948 ribus
533 2890 660 2947 omnibus
675 2892 798 2962 rehquis.
834 2891 903 2945 Nam
921 2890 1041 2958 priorum
1058 2889 1176 2958 pretium
1194 2888 1263 2957 filiu,
1288 2899 1319 2945 ut
1336 2890 1405 2958 scis,
1423 2898 1594 2943 numeratum
1613 2894 1664 2945 est
1699 2891 1797 2946 Eidem

435 2969 498 3026 filiu
516 2971 560 3025 vel
577 2970 668 3039 potius
685 2970 772 3038 ipsius
791 2968 898 3023 numine
917 2966 1084 3023 Sehiclrardu
1103 2966 1164 3021 misi
1181 2983 1270 3037 nuper
1286 2968 1322 3023 20
1341 2969 1412 3029 flur..
1433 2982 1501 3034 quus
1519 2966 1623 3021 monitu
1643 2966 1717 3022 filiae
1735 2977 1797 3025 tuae

436 3064 456 3105 a
470 3049 504 3105 D.
517 3049 609 3104 Fridiu
628 3049 733 3118 repetii,
752 3049 798 3117 qui
817 3046 889 3112 dicit,
908 3061 938 3101 se
950 3045 1054 3116 pridem
1073 3061 1132 3101 eam
1146 3047 1291 3113 pecuniam
1309 3046 1476 3101 redditurum
1489 3044 1582 3111 inisse,
1600 3045 1652 3099 nisi
1671 3054 1797 3113 putasset

434 3127 652 3198 exspectandum
674 3126 881 3199 chirographum
900 3131 991 3194 tuum,
1016 3141 1070 3193 quu
1092 3124 1209 3181 traditae
1232 3125 1283 3180 sibi
1307 3126 1438 3196 pecuniae
1462 3124 1542 3181 iidem
1564 3124 1614 3180 tibi
1632 3124 1705 3183 fecit.
1742 3124 1796 3181 Sed

434 3205 577 3274 acquievit
594 3207 621 3260 in
641 3208 747 3278 apocha
764 3221 825 3262 mes
841 3206 1027 3273 manuscripta
1041 3244 1048 3258 .
1062 3245 1068 3257 .
1084 3243 1091 3258 .
1105 3242 1134 3270 .,
1162 3205 1195 3257 D.
1214 3205 1238 3257 1.
1258 3204 1331 3274 Sept
1350 3205 1427 3260 1628.

543 3285 787 3355 Bernepperua
806 3285 958 3354 lieplero
977 3284 1004 3340 S.
1022 3284 1054 3338 P.
1073 3283 1106 3336 D.
1143 3283 1192 3337 Vir
1209 3298 1322 3338 summe.
1358 3285 1421 3338 Nun
1437 3283 1548 3352 dubito,
1573 3283 1678 3352 pridem
1696 3285 1796 3338 erneis

437 3379 474 3420 ae
490 3371 600 3418 tuorum
616 3363 702 3418 literis
720 3365 879 3432 cognovisse
897 3370 925 3417 te
943 3363 977 3418 de
996 3362 1112 3432 pecunia
1130 3360 1270 3417 eTabulis
1282 3363 1352 3417 itud.
1370 3361 1482 3417 redacta
1498 3369 1626 3431 recteque
1643 3363 1742 3432 parh'm
1761 3364 1795 3418 ad

432 3443 536 3509 tilium,
555 3442 655 3512 partim
672 3442 707 3496 ad
725 3442 808 3498 filiam
827 3451 929 3510 curato,
948 3442 1000 3495 nisi
1018 3441 1091 3510 quud
1110 3456 1133 3494 a
1145 3441 1177 3493 D.
1197 3439 1320 3495 Cluteniu
1337 3440 1445 3495 nurnine
1463 3437 1593 3508 principis
1612 3439 1796 3510 Luneburgiei

435 3519 588 3577 nihildum
607 3520 714 3590 accepi3
738 3521 807 3576 nihil
825 3523 906 3578 etiam
926 3535 942 3573 a
959 3521 993 3575 D.
1011 3519 1123 3587 Ageriu,
1151 3518 1198 3586 qui
1221 3532 1272 3573 nos
1295 3517 1382 3586 primo
1406 3519 1500 3588 rejecit
1522 3517 1556 3572 ad
1574 3518 1735 3580 convicieris
1754 3520 1797 3574 sui

434 3606 543 3669 patrem
563 3598 727 3668 Ulmensem‚
746 3601 839 3656 nescio
858 3614 946 3668 quem,
967 3597 1045 3665 cujus
1064 3595 1266 3650 frustrationem
1286 3612 1317 3651 ac
1335 3596 1585 3664 tergiversationem
1598 3616 1659 3653 curu
1678 3599 1703 3654 ei
1715 3598 1797 3668 signi·

436 3674 565 3731 ficassem
578 3692 760 3747 crassumque,
779 3677 844 3731 mihi
862 3677 1045 3731 committeret
1057 3674 1130 3730 illam
1143 3676 1286 3743 pecuniam
1297 3676 1371 3731 filiae
1388 3684 1452 3731 tuae
1461 3677 1629 3746 mittendam,
1647 3676 1797 3745 respondit,

434 3756 515 3826 prius
533 3755 722 3824 inquirendum
740 3757 800 3825 sibi,
819 3773 883 3811 nuru
900 3754 966 3824 quid
985 3753 1120 3809 Ulmensis
1138 3753 1186 3808 ille
1204 3769 1254 3808 suu
1271 3756 1379 3811 numine
1396 3756 1561 3824 exposuerit,
1580 3771 1611 3810 se
1623 3756 1694 3809 enirn
1708 3755 1796 3810 denuo

434 3849 500 3890 eum
522 3834 557 3888 de
582 3833 717 3889 solutione
741 3835 901 3904 appellasse
938 3833 1008 3888 Utat
1025 3833 1075 3899 sit,
1100 3847 1155 3886 nun
1180 3831 1319 3899 estquod
1343 3832 1377 3887 de
1400 3833 1536 3889 solutione
1553 3834 1669 3889 dubites.
1704 3834 1797 3888 Etiam

434 3913 472 3968 D.
492 3911 634 3967 Clutenins
652 3927 729 3982 spem
746 3912 883 3967 honorarii
900 3910 966 3965 iecit
983 3911 999 3965 6
1017 3910 1112 3979 imper.
1135 3925 1190 3963 nun
1207 3910 1332 3977 minoris,
1350 3913 1481 3980 proximis
1498 3913 1629 3983 principis
1651 3914 1693 3968 sui
1710 3913 1797 3969 literis

434 3987 621 4060 significandi;
640 4006 702 4044 nam
721 3997 880 4059 exspectare
898 4004 927 4042 se
946 3988 1104 4042 mandatum
1122 3996 1234 4044 certum.
1271 3989 1340 4045 Octu
1358 3991 1410 4045 hus
1427 3992 1582 4060 imperiales
1600 3993 1713 4058 interea,
1732 3990 1796 4044 dnm

434 4067 574 4131 rescribis,
593 4069 636 4122 cui
655 4068 719 4123 dare
738 4067 858 4136 debeam,
877 4070 1016 4138 accipiam,
1034 4068 1074 4123 uti
1093 4084 1173 4137 spero
1188 4111 1194 4124 .
1209 4111 1216 4125 .
1230 4111 1257 4125 ..
1289 4071 1323 4127 D.
1342 4073 1454 4140 Argeas.
1473 4073 1563 4140 13123.
1582 4073 1643 4128 Jan.
1666 4073 1743 4128 tatu.

525 4167 723 4245 Keplerus
752 4170 1004 4247 Berneggaru
1034 4168 1066 4229 S.
1090 4169 1125 4229 P.
1148 4170 1186 4229 D.
1233 4170 1270 4230 lit
1297 4170 1436 4247 prodesse
1464 4169 1568 4231 solunt
1595 4181 1625 4231 at
1647 4170 1794 4232 delectare

437 4258 556 4334 potitae.
602 4256 648 4316 'Pa
671 4272 788 4333 quoque
812 4256 856 4317 Cl.
879 4257 942 4331 Vir,
966 4258 1059 4317 amice
1082 4258 1241 4330 carissime,
1263 4260 1395 4334 impenso
1419 4265 1470 4317 tuo
1492 4257 1591 4317 studio
1613 4258 1685 4317 mihi
1712 4276 1796 4319 cum-

433 4342 577 4404 mudandi
607 4343 665 4403 diui
693 4361 752 4403 nun
775 4351 873 4421 potest
903 4353 1045 4422 quantum
1069 4363 1114 4404 mo
1138 4348 1168 4404 iu
1190 4344 1247 4405 hac
1269 4344 1438 4406 turbulenta
1460 4363 1527 4405 mea
1552 4344 1710 4405 solitudine
1731 4363 1796 4406 reu-

437 4448 515 4493 rees.
559 4429 701 4489 Nimirum
725 4439 755 4490 et
776 4431 905 4492 solitudo
929 4442 981 4505 est,
1005 4449 1082 4507 quae
1105 4449 1152 4492 mu
1174 4435 1335 4510 sepositum
1358 4434 1397 4493 ab
1419 4434 1541 4493 urbibus
1564 4433 1682 4509 Imperii
1704 4436 1796 4511 angit,

434 4535 504 4578 eum
526 4518 605 4578 lenta
637 4528 666 4577 et
696 4535 762 4578 curu
784 4529 882 4578 sumtu
904 4537 1012 4595 magau
1031 4528 1200 4579 commeant
1221 4520 1339 4590 literae,
1373 4529 1404 4579 at
1434 4522 1537 4580 turbae
1567 4520 1794 4592 reiurmatiunis,

420 4623 485 4666 me
509 4605 627 4683 quidem
651 4607 759 4666 intacto
783 4614 815 4665 at
837 4625 896 4665 nun
918 4624 1012 4682 aeque
1035 4607 1171 4683 neglecto
1194 4610 1224 4665 in
1246 4609 1372 4678 occultu,
1396 4608 1531 4684 exempla
1553 4616 1651 4667 tamen
1675 4617 1705 4668 et
1718 4610 1795 4666 ima·

436 4695 522 4770 gines
546 4695 642 4753 tristes
665 4702 799 4752 statuunt
821 4695 859 4754 ub
883 4695 993 4766 oculus,
1018 4693 1086 4752 duru
1110 4697 1181 4768 noti,
1205 4698 1300 4769 amici,
1322 4696 1447 4772 proximi
1470 4695 1695 4770 subvertuntur,
1726 4695 1796 4755 dum

434 4782 581 4840 sermonis
604 4782 808 4840 commercium
832 4798 898 4841 eum
920 4783 1134 4857 perterrefactis
1158 4791 1236 4842 metu
1259 4784 1439 4858 intercipitur
1462 4791 1516 4842 etc.

526 4867 670 4928 Revertor
691 4875 786 4928 tecum
809 4868 848 4928 ad
870 4872 1019 4945 pecunias,
1043 4877 1075 4928 ut
1094 4873 1154 4942 ais,
1175 4888 1266 4931 maes.
1311 4870 1389 4929 Pntu
1407 4870 1471 4945 Jsm
1492 4868 1679 4929 Bartschium
1700 4870 1795 4945 scrip-

434 4957 606 5033 sisse-quo
621 4954 738 5015 Pridius
761 4958 859 5032 quiete
881 4965 1082 5034 componatur.
1126 4955 1313 5033 Rescripsera
1335 4960 1403 5029 mei,
1426 4974 1478 5017 eos
1501 4959 1544 5017 20
1566 4958 1628 5016 flur.
1652 4973 1717 5016 ussa
1740 4956 1794 5016 de·

434 5042 558 5102 volutus
588 5045 616 5100 in
644 5051 790 5119 pastorem
815 5043 960 5118 quendam
982 5043 1138 5121 Tabingae
1162 5048 1304 5117 vicinum,
1333 5047 1383 5119 qui
1405 5044 1554 5105 soluturus
1576 5046 1615 5103 sit
1635 5041 1793 5115 residuum,

436 5131 540 5190 naemu
562 5130 690 5207 quando.
735 5129 873 5207 Intelligu
895 5131 973 5206 hinc,
996 5149 1078 5191 meus
1101 5142 1271 5210 acceptasse
1290 5132 1392 5210 procul
1415 5132 1505 5193 dubiu
1521 5131 1697 5191 solutionem
1719 5130 1795 5190 hanc

436 5233 534 5294 euque
556 5217 687 5278 Pridium
710 5236 774 5279 esse
796 5218 930 5279 liberum.
976 5220 1021 5279 De
1044 5218 1167 5295 reliquo,
1190 5219 1274 5296 cujus
1296 5238 1379 5304 spem
1400 5219 1482 5295 iacis,
1504 5237 1563 5280 nun
1585 5227 1630 5280 est
1652 5236 1703 5300 cur
1725 5228 1794 5278 anta

492 5318 588 5372 wart
602 5318 684 5371 Opera
713 5319 752 5362 vl.
1541 5327 1583 5382 40
