4459 6275
853 787 896 844 Ds
919 785 1045 857 Epitoms
1068 784 1264 842 astronomiae.
1567 797 1576 813 ¹
1688 792 1729 855 69

476 968 681 1047 Kaplcrus:
711 968 757 1030 Ds
779 966 875 1046 pretio¹
894 964 1075 1026 Tabularum
1106 973 1140 1024 nt
1161 972 1190 1025 et
1214 963 1250 1025 ds
1273 964 1464 1043 Ephemeride
1486 971 1540 1025 etc.
1569 965 1636 1026 vide
1657 966 1734 1026 lianc

383 1057 560 1135 impressam
578 1060 803 1135 responsionem.
846 1053 893 1113 De
916 1052 1130 1131 exemplaribus
1152 1054 1271 1113 nescitis
1294 1052 1365 1130 quid
1387 1054 1501 1130 petatis,
1527 1051 1595 1113 dum
1618 1071 1653 1113 ea
1674 1053 1732 1114 Ss-

385 1161 467 1220 gano
496 1139 571 1204 mitti
599 1145 740 1225 postulas.
785 1140 868 1217 Quae
895 1142 919 1201 si
949 1140 1087 1200 haberem
1117 1139 1313 1212 abundantia,
1344 1149 1441 1200 tamen
1463 1138 1586 1200 alterum
1609 1143 1733 1219 pretium

388 1239 470 1291 emet
491 1229 673 1291 soluendum.
716 1231 844 1290 Tenetur
866 1227 1078 1306 Tampacbins,
1101 1229 1179 1285 omni
1201 1228 1332 1287 studioso
1355 1230 1442 1300 artie,
1470 1243 1575 1288 nomen
1597 1245 1681 1286 surum
1704 1236 1733 1288 et

388 1316 529 1379 schedam
552 1320 650 1378 cumi
667 1315 863 1396 imperialibus
877 1315 1012 1388 mittenti,
1037 1313 1105 1373 dare
1120 1315 1285 1391 exemplar3
1308 1313 1490 1375 divitioribus
1513 1318 1622 1375 ratione
1639 1316 1732 1375 honae
1810 1364 1814 1373 ,

386 1406 493 1487 papyri
514 1404 659 1466 accedunt
680 1406 722 1465 40
745 1403 883 1465 cruciieri.
928 1401 1044 1462 Videbo
1068 1409 1181 1473 tarnsn,
1215 1403 1362 1478 quomodo
1384 1404 1560 1479 Argentinae
1585 1403 1732 1462 consulam

388 1511 445 1571 per
467 1510 511 1565 ea,
536 1510 612 1570 quae
635 1491 835 1556 custodiuntur
856 1490 928 1548 mihi
949 1484 1071 1561 Ulmus,
1093 1491 1229 1566 quamvis
1251 1489 1378 1549 nondum
1401 1492 1552 1566 integrata,
1583 1490 1732 1551 deliciante

392 1579 568 1641 emblemata
592 1579 795 1659 praeliminari.
841 1575 1075 1654 Longomon'tani
1097 1575 1244 1656 exemplar
1264 1577 1358 1637 habco
1381 1580 1506 1636 unicum.

479 1666 607 1719 Remus:
626 1668 655 1716 ln
673 1664 839 1729 Rudolphinis
856 1676 901 1726 per
918 1664 1040 1721 incuriam
1058 1666 1164 1711 erratum
1185 1668 1222 1712 est
1238 1665 1266 1711 in
1283 1663 1338 1712 loco
1353 1660 1418 1714 Solis
1436 1663 1563 1727 Bndolphi
1580 1666 1731 1728 temporibus

393 1737 531 1801 natalitiis,
548 1737 616 1785 unda
634 1737 712 1785 muita
729 1742 816 1798 postca
832 1735 961 1784 immutata
978 1736 1062 1791 sunt„
1166 1760 1169 1765 -

480 1805 679 1884 Keplerus:
710 1807 756 1867 De
778 1822 871 1866 errore
894 1803 972 1881 quod
995 1818 1110 1875 mones,
1142 1802 1170 1862 id
1194 1802 1325 1879 candide,
1348 1803 1399 1864 sed
1422 1821 1487 1865 sero
1510 1811 1539 1864 et
1560 1821 1660 1887 parce:
1684 1808 1731 1865 vi-

389 1891 475 1954 debis
497 1892 664 1972 catalogum
684 1894 759 1955 bane
781 1893 899 1970 longum
922 1890 960 1951 ad
982 1888 1151 1969 sportulam.

471 1979 599 2032 Remus:
620 1978 762 2029 Parsllaxin
780 1981 848 2028 orbis
865 1978 1019 2041 planctuum
1038 1990 1081 2039 per
1098 1977 1241 2025 secantium
1256 1976 1294 2025 rei
1313 1977 1469 2037 tangentium
1481 1976 1640 2035 logsritbmoe
1659 1975 1726 2026 dicto

383 2050 460 2099 eitius
478 2049 599 2115 expedio,
622 2064 668 2099 nae
684 2054 723 2098 tot
740 2050 905 2112 positionibus
928 2060 990 2109 opus
1013 2053 1057 2094 est.
1093 2046 1235 2095 Diamntros
1259 2045 1419 2095 luminarium
1443 2046 1490 2094 tibi
1507 2048 1578 2094 brevi
1596 2046 1726 2095 exactissi-

383 2132 438 2169 mas
457 2120 647 2168 communicabo
664 2131 708 2181 per
725 2120 813 2168 tubum
831 2119 980 2168 observatas.
1015 2115 1121 2164 Unicum
1141 2117 1232 2165 obuiae
1251 2122 1317 2180 peto,
1335 2123 1371 2181 nt,
1389 2117 1451 2180 qnia
1469 2115 1537 2165 rides
1556 2115 1729 2177 conuenienti,

385 2189 448 2237 milri
469 2188 555 2238 mittas
572 2187 748 2250 prameridas
766 2192 820 2237 tuas
836 2192 895 2249 post
911 2200 932 2235 a.
953 2187 1018 2235 1000
1036 2187 1197 2248 incipientes,
1217 2188 1239 2234 si
1257 2201 1319 2252 quas
1336 2180 1470 2248 perfecisti,
1492 2192 1517 2235 et
1534 2186 1642 2236 mesinae
1660 2187 1728 2235 illam

383 2272 429 2320 pro
447 2272 471 2308 a.
495 2260 569 2307 1030.
604 2259 689 2306 Debeo
713 2260 778 2307 enim
802 2258 852 2307 Sar.
875 2255 1002 2320 Leopoldo
1029 2258 1134 2317 singulis
1159 2259 1232 2305 arinis
1256 2270 1372 2317 magnam
1395 2256 1535 2319 ephemerin
1557 2259 1590 2305 ts
1613 2255 1729 2305 loliorum

383 2329 557 2393 conscribere,
582 2329 647 2376 unda
665 2341 705 2376 me
722 2328 864 2377 sublevabis
885 2329 917 2376 ab
936 2341 1009 2376 onere
1028 2324 1117 2376 calculi
1139 2332 1236 2375 tuarum
1255 2327 1484 2392 Rudolphinarunr3
1507 2326 1614 2375 libenter
1636 2324 1730 2375 eolram

385 2412 437 2446 una
455 2411 513 2446 cunr
529 2398 643 2461 reliquis.

470 2467 675 2546 Ksplsrus=
708 2468 824 2528 Novum
855 2467 943 2527 etiam
973 2482 1182 2527 commemoras
1210 2465 1327 2526 modum
1351 2465 1625 2545 prosthapbaersses
1650 2467 1726 2527 orbis

385 2554 551 2632 inquirendi
581 2573 633 2633 per
661 2562 809 2630 secantem
840 2567 907 2613 nam
929 2571 981 2632 par
1001 2561 1155 2628 tangentes
1186 2571 1275 2613 unum
1297 2556 1374 2628 scio,
1407 2570 1587 2614 communem
1619 2556 1647 2612 in
1670 2553 1726 2615 boc

382 2657 492 2720 genere
522 2642 673 2718 trianguli,
706 2650 736 2702 et
762 2643 861 2701 monui
890 2644 920 2699 in
942 2642 1104 2719 praeceptis
1127 2646 1357 2712 (nunotpntnarum)
1379 2657 1431 2716 per
1451 2640 1723 2717 meeologaritlrmos

384 2731 504 2790 nutari
527 2746 614 2807 posse
640 2736 669 2788 et
691 2746 743 2808 per
762 2727 961 2807 logarithmoa.
1004 2728 1035 2787 is
1057 2743 1127 2787 vero
1150 2727 1297 2787 celeritate
1319 2745 1507 2804 nequaquam
1539 2735 1583 2788 est
1604 2745 1723 2806 compa·

383 2816 495 2877 nudus
517 2833 582 2876 cum
605 2817 808 2894 positionibus,
831 2833 905 2894 quas
927 2832 981 2892 ego
1004 2817 1155 2875 serissime
1170 2814 1262 2874 verbo
1278 2813 1355 2874 dicto
1370 2817 1455 2875 citius
1477 2815 1609 2893 expedio.
1647 2814 1724 2891 Quid

382 2903 486 2964 eninr-i
525 2902 611 2963 Duae
634 2901 790 2964 distantiae
819 2903 929 2964 sSoia
952 2901 1164 2980 excerpendae,
1199 2919 1297 2962 carum
1318 2902 1451 2964 iacienda
1473 2920 1585 2962 summu
1616 2908 1645 2961 et
1668 2902 1724 2961 dii·
1810 2965 1812 2970 ,

381 2993 516 3062 larentia,
540 2990 643 3051 hmnsu
666 2999 790 3068 utraque
811 2989 991 3051 immittenda
1012 2992 1042 3049 in
1065 3007 1206 3049 canonem
1228 2991 1352 3061 sinuum,
1376 2989 1546 3068 excerpendi
1569 3008 1585 3050 a
1606 2991 1722 3066 regione

382 3077 568 3157 logsritlrmi,
599 3077 677 3139 lilius
698 3078 737 3139 ab
759 3077 847 3155 hujus
868 3076 1096 3152 subtrahendus,
1119 3077 1219 3156 anguli
1242 3081 1474 3138 commutationis
1496 3075 1653 3139 sumendus
1674 3094 1722 3136 se·

384 3168 493 3241 missis,
516 3165 716 3226 immittendus
744 3166 794 3226 bic
813 3169 842 3224 in
865 3184 1005 3227 mironem
1036 3164 1367 3242 meeologarithmorum,
1397 3174 1549 3244 excerptus
1572 3164 1613 3224 iili
1636 3164 1722 3241 loga-

381 3254 553 3314 ritbmornm
575 3252 692 3313 residuo
714 3252 874 3331 addendus,
897 3270 1009 3315 summa
1030 3259 1064 3312 ut
1084 3239 1355 3328 masologu'rithmus
1378 3254 1556 3314 immittenda
1579 3255 1608 3311 in
1631 3269 1722 3313 curro·

382 3359 465 3416 nem,
497 3339 695 3417 excarpeudns
717 3357 815 3416 arem,
844 3342 870 3401 is
892 3338 1099 3418 duplicandue:
1126 3348 1159 3399 ut
1179 3343 1222 3401 sic
1243 3339 1360 3400 tandem
1381 3340 1525 3402 habeatur
1547 3343 1719 3419 quaesitum.

381 3428 428 3488 'l'n
451 3446 523 3504 ergo
544 3444 592 3488 nre
615 3426 687 3489 doce
708 3427 877 3489 methodum
897 3436 979 3487 tuam
999 3427 1199 3487 brevissimam
1220 3444 1272 3506 per
1294 3436 1443 3488 secuntum
1464 3430 1663 3506 lugaritbmos.

470 3515 517 3575 De
531 3514 722 3593 prcmerids
743 3515 812 3577 sida
827 3514 980 3595 epistolam
1003 3522 1032 3574 et
1054 3514 1121 3574 lave
1137 3514 1264 3592 linguae,
1285 3532 1323 3574 na
1341 3518 1547 3593 perturbemur,
1570 3519 1619 3577 vix
1635 3518 1721 3577 erecti

383 3601 554 3663 incedentes
576 3618 627 3679 per
648 3609 744 3662 motus
770 3603 919 3680 publicos,
947 3619 1022 3664 nere
1043 3609 1182 3680 patronus
1209 3619 1263 3662 nos
1285 3601 1432 3663 destituat.
1475 3603 1584 3666 Besbis
1605 3622 1667 3677 ma,
1697 3606 1721 3662 si

384 3688 556 3750 rnetbodum
584 3687 733 3764 docueris,
768 3708 843 3767 quae
872 3693 911 3751 sit
937 3692 1073 3749 immunis
1103 3691 1140 3750 ab
1169 3691 1320 3749 erroribus.
1366 3690 1439 3749 Nam
1462 3691 1540 3768 quod
1569 3697 1649 3751 tuam
1672 3709 1722 3768 per

382 3783 521 3838 secantes
542 3778 656 3850 attinet,
680 3784 733 3836 ant
753 3785 786 3837 tu
809 3780 910 3839 errasti
931 3778 961 3835 in
984 3778 1140 3853 specimine
1163 3780 1286 3854 saepius,
1310 3783 1361 3837 aut
1383 3778 1551 3839 Bartschius
1573 3796 1663 3839 meus.

471 3864 598 3912 Remus:
615 3862 744 3924 Speclmsn
763 3867 812 3913 mei
830 3864 921 3913 calculi
938 3878 969 3911 ex
985 3864 1036 3911 tuis
1049 3863 1154 3912 Tabulis
1171 3862 1269 3911 videbis
1285 3864 1312 3911 in
1325 3865 1374 3911 nne
1385 3864 1460 3923 huius
1472 3866 1633 3926 Prognostlci,
1652 3867 1722 3924 anus

378 3933 536 3995 exemplaria
553 3932 602 3994 dno
621 3933 668 3980 tibi
686 3934 765 3999 mitto,
783 3948 859 3996 unum
877 3947 922 3996 pro
940 3938 972 3999 ta,
990 3933 1095 3981 altarum
1112 3947 1156 3995 pro
1174 3932 1264 3982 illustr.
1283 3933 1353 3983 Duce
1370 3933 1535 4001 Fridiandiee,
1555 3937 1599 4000 qui
1617 3935 1722 3986 saiznn·

378 4004 436 4065 gisa
455 4004 536 4052 instar
553 4000 668 4050 casana
685 4016 700 4049 a
716 4006 777 4053 mois
795 4006 881 4062 amieis
897 4004 1074 4052 humanissima
1092 4008 1210 4051 tractatus
1228 4008 1266 4052 est
1288 4008 1313 4052 et
1330 4004 1440 4053 vicissim
1458 4006 1523 4053 cisse
1540 4006 1723 4067 perhumaniter

380 4075 414 4121 ab
433 4072 523 4122 eodem
541 4070 583 4123 111.
596 4074 625 4137 ,οι
641 4071 737 4123 Exceii.
753 4073 833 4125 Duce.
850 4069 936 4133 (Dicin
953 4068 1041 4125 Deitas
1060 4070 1184 4133 florentius
1203 4067 1355 4138 liuldbotbt,
1374 4072 1420 4126 mit
1437 4072 1488 4127 urit
1506 4071 1723 4140 detumuerint,

379 4139 411 4199 iit
434 4142 478 4193 bes
496 4141 620 4209 Dmgogtn
638 4138 825 4206 60111ῐηὶῇοτὶῑὼ
853 4140 981 4209 gemeltis.)
1015 4143 1073 4193 Scio
1096 4144 1176 4207 enlm,
1199 4142 1270 4191 illum
1294 4143 1409 4193 delectari
1431 4145 1536 4193 mathesi
1562 4148 1586 4193 et
1610 4146 1677 4210 quod
1696 4154 1722 4195 tu

378 4214 482 4276 asapius
500 4225 557 4261 cnm
575 4225 605 4260 eo
623 4214 784 4263 commoreris
820 4212 952 4277 (luperam,
975 4214 1047 4262 illum
1065 4214 1117 4262 iore
1135 4213 1271 4278 aliquando
1298 4214 1423 4263 dominum
1441 4222 1578 4264 nostrarum
1596 4220 1723 4276 terrarum,

381 4282 452 4345 quod
474 4280 550 4331 iscile
573 4282 627 4331 ilari
648 4282 752 4345 poterit,
775 4285 855 4333 nostri
878 4284 943 4331 enim
961 4284 1044 4333 Duces
1067 4297 1117 4332 non
1139 4284 1232 4333 hebent
1255 4284 1371 4333 haeredes
1388 4283 1537 4345 (Goburgum
1562 4290 1587 4333 st
1610 4286 1724 4336 lenaeum

383 4351 508 4417 summai,
525 4365 556 4401 ex
573 4350 722 4401 liberalitate
739 4354 905 4415 imperatorie.

456 4422 533 4472 iilece
556 4423 620 4471 bene
637 4422 694 4470 raia
715 4427 741 4470 et
757 4427 799 4471 tna
815 4426 918 4472 inventa
945 4424 1017 4471 etiarn
1036 4423 1097 4472 mihi
1116 4424 1276 4473 communica.
1312 4424 1508 4487 Hyperaspisteu
1526 4429 1596 4473 tnnrn
1614 4425 1722 4486 nondum

387 4491 472 4542 ridere
489 4492 572 4555 licuit,
590 4504 663 4555 quern
680 4492 754 4539 etism
773 4499 898 4555 exspecto.
933 4493 1024 4541 Deticlt
1040 4494 1114 4541 stiam
1132 4494 1194 4541 mihi
1210 4492 1275 4541 liber
1291 4491 1335 4544 lV.
1349 4495 1474 4557 Epitomes
1492 4496 1625 4543 solitarius.
1661 4495 1722 4542 Dib-

387 4562 497 4625 liopolss
516 4561 649 4623 separatim
666 4562 771 4610 rendere
787 4562 877 4611 nolunt
894 4568 920 4614 et
936 4577 981 4624 ego
1000 4567 1081 4612 tamen
1093 4564 1188 4626 priores
1205 4568 1230 4610 et
1240 4565 1388 4625 posteriores
1400 4562 1477 4613 libros
1489 4564 1555 4615 solos
1569 4564 1722 4626 comparavi:

388 4646 483 4694 quma
503 4637 527 4680 et
544 4628 617 4682 illum
634 4632 726 4681 mittan
761 4634 892 4683 Dabuntur
908 4634 1037 4693 Rubeaqui
1057 4632 1097 4702 ᾗ.
1116 4634 1177 4686 Dec.
1198 4634 1272 4683 teia.

435 4712 437 4721 ·
698 4701 767 4753 'inne
786 4703 817 4752 sd
837 4706 918 4753 omnis
937 4705 1105 4767 paratissimus

1166 4769 1289 4826 Joonnes
1306 4769 1407 4827 &msto
1425 4770 1586 4843 Quietum-s,

975 4886 977 4889 .
1108 4842 1229 4905 Leopoldl
1247 4843 1402 4893 consiliarius
1421 4844 1489 4893 Med.
1507 4848 1532 4892 et
1548 4841 1627 4892 blatii.

475 4910 586 4972 Ruptum
605 4915 643 4959 est
664 4909 728 4959 mint
748 4911 836 4961 folium
854 4920 911 4963 tuse
930 4912 1059 4977 epistolae,
1085 4915 1129 4962 nbi
1147 4914 1253 4976 posuisti
1271 4915 1455 4966 observationes
1479 4915 1628 4964 diversarum
1647 4913 1725 4972 eclips

388 4984 456 5032 sium
476 4982 557 5044 1067,
581 4983 661 5045 ineo,
687 4981 746 5031 hino
769 4981 828 5033 inde
852 4990 988 5041 nautarum,
1013 4990 1042 5031 nt
1059 4982 1176 5047 Goriitii,
1203 4981 1399 5047 (inimicante,
1426 4998 1485 5046 ques
1508 4985 1581 5032 etiarn
1608 4982 1727 5029 resarcias

389 5065 486 5117 quaeso
510 5052 592 5100 tribus
613 5050 704 5101 verbis.
738 5052 914 5115 pramsrides
936 5058 991 5102 toss
1013 5056 1043 5102 ab
1069 5068 1090 5101 a
1110 5056 1176 5103 1616
1202 5054 1234 5102 sd
1258 5054 1323 5102 1600
1346 5053 1378 5105 D.
1397 5054 1548 5115 Berueggero
1572 5052 1656 5103 missas
1681 5066 1727 5111 ego

386 5121 509 5184 possideo
539 5135 571 5170 ex
598 5121 663 5170 dono
690 5126 715 5171 et
736 5118 886 5172 liberalitate
908 5124 988 5185 ipsine
1004 5124 1150 5185 Deroeggert
1171 5138 1196 5187 p.
1216 5139 1261 5188 m.;
1288 5123 1374 5171 saltem
1397 5128 1528 5187 soquentes
1549 5121 1607 5171 anui
1630 5119 1728 5183 desunt,

385 5205 450 5258 qnos
478 5194 606 5254 exspecto.
640 5188 723 5241 Audio
744 5191 824 5244 uuam
841 5194 1043 5245 Dominstionem
1066 5196 1121 5263 iam
1144 5193 1221 5256 Sagae
1245 5193 1387 5247 commoneri
1412 5199 1437 5247 ot
1458 5207 1532 5263 saepe
1555 5192 1660 5241 invisus
1686 5191 1728 5252 lli.

386 5259 550 5313 hinnitus
566 5262 669 5315 nuum.
