4459 6275
433 789 497 852 530
793 780 936 854 Epltomea
954 780 1150 845 teucrorum
1167 780 1252 839 Liber
1271 780 1417 853 &adnue

434 961 674 1041 aequalissimam
697 977 762 1021 eum
786 958 854 1040 polo
876 961 901 1020 P
924 969 1033 1023 motum
1057 962 1135 1021 cirea
1157 962 1184 1021 Α
1207 963 1236 1021 in
1259 968 1357 1039 partes
1378 958 1496 1021 easdem
1516 958 1649 1035 babeat,
1676 978 1783 1043 sempe

433 1050 592 1111 mutabitur
614 1049 678 1127 ejus
700 1046 839 1108 distantia
861 1066 880 1109 a
901 1049 970 1127 polo
993 1048 1146 1125 eclipticae
1168 1048 1206 1125 P;
1235 1065 1424 1126 quoscunque
1446 1050 1536 1123 igitur
1559 1066 1649 1109 meus
1671 1050 1719 1111 iric
1739 1050 1782 1113 erl

435 1137 485 1198 ille
508 1140 614 1214 quovis
638 1146 766 1215 temporo
788 1135 886 1209 iaciat,
910 1138 930 1194 ii
953 1134 1032 1213 apud
1055 1134 1080 1193 P
1101 1134 1203 1213 polum
1225 1135 1378 1215 eclipticas
1406 1136 1547 1211 majorem
1570 1152 1587 1195 e
1610 1141 1782 1217 propinqus,

433 1228 574 1285 minorem
602 1241 619 1284 e
648 1230 759 1283 remoto
789 1222 895 1282 iaciant
921 1221 1077 1300 angulum,
1100 1240 1199 1301 quara
1228 1240 1312 1285 mura
1333 1222 1434 1300 anguli
1461 1220 1607 1301 producta
1629 1226 1719 1285 etism
1739 1229 1781 1287 ia·

433 1310 572 1390 aequales
594 1326 678 1370 arcus
700 1307 779 1389 apud
801 1309 907 1371 limites
929 1310 1128 1386 intercipient‚
1151 1326 1242 1387 quare
1266 1313 1353 1371 etiam
1373 1308 1545 1387 inaequales
1568 1312 1782 1391 respondebant

432 1416 517 1459 arcae
539 1395 619 1478 apud
642 1395 744 1470 nodos,
769 1396 931 1474 quadrante
954 1414 1068 1476 semper
1090 1394 1241 1457 distantes.

521 1484 604 1563 Quid
623 1484 693 1543 irinc
714 1490 756 1544 eet
777 1483 1001 1561 colliqendami
1030 1482 1105 1545 Cum
1135 1486 1284 1561 quantitas
1312 1482 1419 1545 circelli
1445 1482 1497 1545 ΟΡ
1525 1486 1656 1547 eireaA
1687 1486 1780 1567 palum

433 1575 546 1649 regium
568 1588 627 1632 non
654 1574 692 1629 sit
716 1588 751 1630 ex
775 1572 993 1646 observatione,
1024 1571 1194 1649 magnitudo
1217 1577 1314 1631 mutus
1337 1568 1389 1631 ΟΡ
1418 1573 1537 1651 ignota,
1567 1572 1662 1651 plaga
1691 1584 1780 1636 motus

433 1676 491 1719 non
515 1660 684 1733 certissima,
709 1660 737 1715 in
761 1656 963 1719 antecedentia
984 1658 1064 1736 apud
1087 1656 1158 1733 ΟΡ,
1188 1676 1226 1719 an
1249 1660 1280 1716 in
1301 1660 1511 1734 consequentia
1533 1659 1615 1739 apud
1638 1662 1675 1735 B,
1698 1679 1780 1739 quare

433 1746 532 1807 secula
555 1746 657 1822 viginti
682 1744 729 1805 vel
751 1745 830 1822 quod
854 1749 964 1819 minue,
993 1763 1012 1806 a
1043 1747 1150 1822 quibua
1172 1746 1369 1807 uuonomiae
1400 1745 1496 1806 cultae
1525 1752 1671 1809 memoris
1692 1748 1779 1823 durat,

434 1851 618 1912 nequaquam
645 1832 793 1893 sulliciunt
822 1832 859 1893 ad
892 1832 1085 1893 universalem
1114 1833 1322 1894 astronomiam
1352 1832 1548 1895 condendam:
1580 1834 1637 1896 sed
1672 1845 1779 1916 tempo·

432 1923 509 1981 raria
537 1919 640 1981 saltem
668 1919 732 2000 (per
760 1923 963 1999 temporariam
990 1920 1102 1981 scilicet
1133 1918 1309 1999 eclipticam)
1336 1921 1374 1980 ab
1404 1919 1570 1982 huminibus
1602 1940 1682 1983 aare
1710 1940 1779 2002 quo·

432 2007 505 2068 libet
536 2015 684 2068 exercetur
716 2010 902 2069 astronomia.
963 2006 1141 2068 verissimae
1171 2009 1260 2085 igitur
1290 2006 1474 2085 planetarum
1507 2009 1716 2073 inclinationes
1745 2010 1778 2071 sd

432 2097 542 2174 regiam
565 2096 643 2156 viam
665 2111 829 2172 causaeque
858 2102 888 2155 et
917 2096 1095 2172 quantitates
1118 2102 1148 2155 et
1179 2092 1284 2172 plagae
1306 2102 1455 2169 motuum,
1488 2094 1615 2157 limitum
1639 2109 1669 2159 et
1690 2098 1777 2159 nodo·

434 2196 512 2256 rum,
543 2180 616 2241 haee
646 2183 765 2258 inquam
795 2192 824 2242 et
852 2189 948 2244 cetera
975 2181 1144 2258 huiusmodi
1170 2181 1264 2241 latent
1295 2184 1324 2239 in
1354 2180 1503 2260 pandectis
1526 2186 1595 2244 aeri
1626 2188 1776 2263 mqumri,

433 2286 493 2327 non
522 2276 609 2328 antea
638 2266 791 2340 discenda,
821 2286 908 2346 quarn
939 2268 1045 2329 librum
1067 2268 1146 2330 bunc
1168 2268 1266 2340 Deus,
1296 2269 1403 2329 arbiter
1423 2263 1618 2345 seculorum,'
1639 2273 1776 2333 recluserit

433 2355 618 2430 mortalibus,
649 2356 818 2415 immortalis
842 2358 916 2434 ipse,
949 2358 996 2416 cui
1026 2358 1065 2416 sit
1086 2355 1169 2433 laus,
1198 2354 1292 2417 bonor
1320 2363 1350 2416 et
1378 2355 1472 2433 gloria
1494 2359 1523 2415 in
1546 2359 1651 2421 secula
1670 2359 1775 2423 seculo·

436 2460 508 2506 rum.
540 2444 643 2503 Amen.

530 2614 638 2677 Lllildl
662 2615 728 2677 Vll.
753 2615 803 2675 ΕΤ
826 2612 911 2676 CUM
935 2613 986 2675 EO
1011 2612 1158 2675 'l'OTlUS
1181 2612 1383 2675 actionus
1407 2616 1701 2705 asussouotssnu

888 2699 1196 2763 COPERNICANAE
1219 2698 1334 2763 uiuis.
