4459 6275
892 759 976 825 Liber
994 759 1123 831 Quartus·
1156 759 1225 818 Pars
1243 761 1344 819 Tertia.
1689 824 1693 835 ‚
1730 777 1795 840 aab

434 937 532 1001 Vetus
562 939 744 1000 astronomia
770 938 898 1000 solidum
926 947 1045 1019 pontem
1075 936 1199 1020 (solides
1221 938 1318 1021 orbes)
1346 958 1434 1021 super
1460 941 1517 1004 hoc
1539 945 1646 1007 flumen
1668 943 1794 1028 (aodiaei

433 1024 637 1105 latitudinem)
667 1025 804 1089 aedificat
832 1036 863 1086 at
890 1025 1040 1107 planetam
1062 1026 1146 1087 velut
1176 1029 1205 1084 in
1236 1045 1319 1089 curru
1347 1032 1511 1092 exanimem
1534 1050 1586 1111 per
1608 1052 1675 1095 curn
1697 1045 1794 1097 trans-

434 1113 528 1175 vehit
575 1113 686 1175 Verum
714 1112 889 1193 perlustrate
913 1123 976 1176 tots
997 1113 1136 1175 machina
1158 1124 1294 1194 apparet,
1324 1115 1402 1177 hune
1426 1126 1543 1196 pontem
1566 1121 1664 1182 nullas
1685 1122 1794 1185 habere

432 1200 586 1277 untur,
614 1203 722 1279 quibus
749 1201 944 1278 suffulciatur,
975 1210 1027 1263 aut
1049 1201 1178 1276 Telluri,
1208 1219 1298 1278 quam
1322 1205 1470 1267 coelorum
1493 1208 1577 1268 basin
1601 1209 1794 1289 crediderunt,
1851 1288 1854 1293 ⁸

523 1376 581 1437 Est
608 1384 712 1436 tomen
742 1377 895 1454 diffieilior
924 1377 997 1437 hoec
1023 1378 1188 1454 speculatio
1217 1385 1318 1438 motus
1339 1380 1526 1457 latitudinis,
1558 1401 1654 1458 quom
1676 1388 1702 1443 si
1724 1390 1793 1462 qree'e

431 1463 546 1527 mador
566 1464 650 1526 orbes
670 1464 728 1524 eibi
749 1468 946 1541 imaginetur.
993 1464 1085 1542 Atqui
1106 1465 1275 1525 meminisse
1298 1465 1389 1527 debes
1410 1467 1510 1542 lector,
1533 1486 1588 1529 nos
1609 1471 1659 1531 hie
1682 1476 1792 1533 versari

433 1554 464 1613 in
487 1551 690 1631 speculatione
712 1551 836 1631 physica
858 1569 1021 1628 caumrnm,
1045 1552 1083 1612 oh
1106 1570 1182 1630 quas
1204 1551 1355 1629 quaelibet
1376 1553 1548 1633 hypothesis
1571 1557 1735 1633 adhibetur,
1760 1570 1792 1620 nt

432 1640 578 1713 sciamus,
608 1638 680 1718 quid
711 1641 772 1701 veri
799 1639 894 1700 subsit
923 1641 976 1699 tali
997 1639 1155 1719 hypothesi
1177 1657 1230 1699 seu
1252 1639 1363 1701 fictioni
1386 1646 1610 1708 astronomicae.
1655 1648 1726 1706 At
1718 1650 1820 1713 inira

431 1726 572 1789 libroV
603 1737 634 1788 et
656 1727 710 1787 VI.
739 1729 867 1804 integros
898 1727 1022 1789 circulos
1051 1744 1211 1803 eorumque
1236 1727 1443 1790 inclinationes
1471 1730 1509 1790 ad
1539 1731 1706 1823 eclipticam
1733 1753 1804 1795 ιιοιι·

432 1813 672 1894 repudiabimus,
703 1814 868 1876 intellectus
897 1832 1003 1891 causa,
1033 1817 1104 1892 quia
1133 1814 1334 1892 aequipollent
1362 1817 1404 1875 illi
1428 1802 1687 1896 prolecistionib'us
1709 1822 1791 1884 hisco

433 1900 575 1963 fibram
596 1902 635 1962 ad
658 1901 810 1982 eclipticas
832 1902 934 1962 latera.

523 1988 559 2049 Si
580 1997 608 2050 et
625 1992 717 2066 prior
739 1991 793 2050 illo
815 1989 937 2050 libratio
956 1991 1101 2066 planetae
1130 1991 1164 2048 in
1190 1990 1304 2063 cltum,
1335 1997 1363 2049 et
1383 1991 1431 2050 bie
1453 2010 1597 2054 morereris
1624 1998 1659 2056 in
1688 1998 1788 2058 lotam

430 2076 579 2137 haberem
608 2077 728 2139 aarum
756 2077 811 2138 aab
832 2077 969 2153 ecliptico
991 2084 1087 2137 nectos
1107 2076 1250 2157 fibrisque
1270 2082 1406 2152 corporis
1426 2081 1646 2156 perficerentur
1668 2085 1783 2161 iisdem,
1826 2138 1829 2143 .

431 2165 611 2225 wnimilet
630 2172 726 2225 estem
745 2182 869 2237 musae,
901 2183 978 2243 quos
999 2164 1105 2225 tradis.
1150 2162 1214 2223 Imo
1238 2163 1309 2240 quid
1330 2167 1465 2244 impedit,
1498 2185 1589 2229 unum
1611 2178 1641 2232 et
1663 2173 1789 2233 eundem
1865 2176 1869 2181 '

431 2250 556 2329 globum
579 2251 711 2331 duplices
733 2252 842 2313 hebere
864 2252 953 2313 fibras
975 2251 1156 2326 rectilineae,
1189 2258 1282 2310 totum
1305 2269 1411 2331 eorpus
1432 2256 1607 2331 attinentes,
1637 2267 1669 2318 ut
1691 2258 1791 2320 alteris

432 2341 463 2399 in
494 2337 587 2400 altnm
617 2349 647 2401 et
674 2338 849 2418 protundum
871 2340 1007 2414 libretur,
1037 2338 1139 2399 alteris
1159 2355 1274 2398 rursum
1296 2357 1487 2418 prorsumque
1508 2344 1655 2420 remiget?
1688 2346 1739 2407 Sic
1760 2350 1791 2407 in

432 2426 563 2487 huminis
590 2427 744 2508 superficie
774 2427 880 2505 triplex
908 2429 1035 2488 cernitur
1061 2435 1158 2486 motus
1187 2428 1330 2505 partium,
1363 2429 1487 2504 quilibet
1514 2448 1599 2492 suam
1628 2433 1790 2496 observans

431 2512 569 2594 plagam
600 2518 711 2595 primus
740 2524 786 2577 est
815 2514 954 2576 decursus
983 2531 1094 2591 aquae,
1124 2512 1271 2573 secundus
1293 2514 1451 2590 ductuum,
1479 2534 1555 2593 quos
1578 2518 1717 2580 decursus
1741 2521 1791 2583 ille

433 2604 576 2663 continua
597 2605 674 2664 serie
696 2604 885 2663 transversim
908 2602 946 2663 ad
967 2603 1048 2679 ripas
1070 2601 1159 2678 ejicit,
1182 2603 1286 2660 tertius
1308 2610 1354 2661 est
1374 2620 1393 2662 s
1414 2612 1513 2678 vento,
1538 2609 1589 2682 qui
1612 2610 1638 2666 si
1661 2626 1698 2668 ex
1714 2609 1792 2670 obli·
1883 2622 1889 2639 ¹

431 2705 494 2767 quo
517 2692 680 2752 annuntius
705 2691 770 2770 liet,
800 2697 917 2768 asperat
939 2689 1083 2749 undarum
1106 2687 1290 2766 superficiem
1312 2689 1460 2768 aliamque
1481 2694 1626 2754 minorum
1649 2695 1791 2756 flnctuum

430 2779 540 2839 seriem
569 2780 599 2837 in
630 2778 748 2858 plagam
774 2780 862 2837 etiam
886 2795 969 2837 suem
993 2779 1063 2850 ciet,
1095 2778 1147 2853 qui
1170 2777 1313 2853 prioribus
1336 2778 1554 2854 imponurbstis
1576 2793 1790 2860 supercurrunt.

431 2862 484 2927 sie
506 2882 597 2943 supra
618 2866 670 2926 lib.
686 2864 711 2926 1.
734 2865 791 2924 init
811 2864 942 2942 allegata
963 2865 1130 2924 substantia
1153 2864 1317 2940 ventriculi,
1340 2882 1418 2941 quae
1441 2866 1563 2928 trilicem
1578 2864 1727 2946 quandam
1742 2889 1791 2933 rc-

430 2957 618 3031 praesenlat,
650 2953 787 3013 obtinens
809 2954 865 3012 tria
885 2969 994 3029 genera
1017 2950 1154 3011 fibrarum
1178 2950 1272 3027 plagis
1296 2951 1445 3028 distincta,
1476 2954 1563 3016 sedes
1586 2959 1673 3017 trium
1695 2958 1791 3018 iacul-

431 3047 537 3115 neem,
560 3043 744 3113 attractricis‚
767 3042 937 3115 retentricis,
961 3038 1145 3118 expultricis:
1170 3055 1339 3115 quanquam
1362 3057 1421 3100 uon
1435 3042 1530 3118 unius,
1554 3041 1606 3104 sed
1622 3047 1709 3106 trium
1725 3063 1790 3108 onr-

430 3129 502 3189 nino
527 3129 690 3204 tunicarum
713 3136 829 3189 textura
850 3135 903 3189 cst.

520 3216 607 3276 Num
628 3216 734 3276 iisdem
756 3216 874 3276 zodiaci
895 3217 965 3276 tocie
986 3165 1233 3291 perpetuatione
1255 3232 1400 3275 securene
1422 3221 1596 3280 morsiam
1611 3222 1787 3298 lenginimi,

430 3321 476 3364 nte
499 3308 592 3364 etium
613 3304 646 3362 iti
667 3305 734 3364 loco
755 3320 814 3363 ruo
835 3302 981 3363 mutant?
1003 3297 1162 3363 Obscurior
1185 3301 1291 3378 adhup,
1315 3320 1404 3379 qnam
1427 3306 1572 3382 apsidum,
1596 3316 1641 3368 est
1661 3309 1786 3369 limitum

427 3392 643 3469 progressionis
666 3392 852 3465 observati03
875 3389 1012 3450 videntur
1034 3398 1132 3450 tamen
1155 3388 1299 3468 paulatim
1320 3408 1420 3469 repere
1442 3395 1472 3452 in
1494 3395 1697 3456 antecedentia
1712 3396 1787 3458 fixa·

429 3494 495 3538 rum
517 3479 677 3558 sphaerae,
709 3486 740 3539 et
761 3478 874 3538 tardius
896 3476 1015 3556 quidem
1045 3495 1134 3555 quam
1157 3477 1382 3554 progrediuntur
1404 3479 1532 3558 apsides,
1556 3489 1711 3561 utrumque
1733 3503 1786 3545 ex-

428 3565 528 3646 emplo
551 3573 684 3626 motuum
705 3566 817 3626 Lunae.

520 3653 555 3714 Si
583 3655 693 3713 limites
723 3653 924 3728 retrocedunt,
949 3652 1066 3731 apsides
1090 3651 1349 3729 progrediuntur,
1380 3671 1444 3713 non
1466 3654 1634 3715 horrebunt
1655 3660 1789 3717 intectae

424 3741 532 3816 fibrae,
556 3741 730 3802 latitudinis
752 3741 964 3820 administrae,
985 3741 1069 3817 abab
1089 3738 1301 3816 longitudinis,
1322 3757 1400 3814 quos
1420 3749 1568 3817 utraeque
1592 3744 1687 3802 eidem
1703 3744 1789 3819 globo

426 3828 544 3890 Masi.
582 3829 730 3907 Receptus
751 3827 800 3888 hie
822 3828 907 3888 nobis
931 3834 1012 3906 patet
1034 3826 1072 3885 ad
1095 3830 1238 3886 internam
1261 3826 1416 3901 globorum
1438 3829 1643 3903 substantiam,
1668 3833 1789 3905 inques

426 3920 582 3995 angustias
600 3917 665 3994 jam
687 3923 775 3977 antea
796 3917 890 3976 eoacti
912 3932 1014 3975 sumus
1035 3917 1065 3971 in
1082 3915 1299 3990 comparatione
1314 3911 1508 3975 revolutionis
1523 3915 1650 3976 Telluris
1667 3917 1789 3977 diurnae

426 4021 495 4066 enm
522 4005 588 4081 ejus
619 4003 698 4064 fibris
728 4003 896 4064 libratoriis.
941 4002 1103 4062 Possumus
1133 4001 1222 4075 igitur
1252 4000 1341 4058 ctiam
1363 3998 1412 4061 hic
1435 4019 1574 4076 quaerere
1601 4006 1629 4062 in
1654 4005 1790 4062 exteriori
1899 4079 1906 4086 ·

425 4099 527 4153 crusta
547 4099 717 4169 separatum
738 4090 859 4167 globum
876 4088 956 4149 velut
977 4091 1007 4147 in
1021 4090 1070 4147 ovi
1086 4085 1236 4146 albumine
1253 4085 1394 4159 vitellum,
1419 4087 1499 4148 fibris
1515 4107 1601 4149 suum
1615 4093 1789 4150 instructum

426 4187 458 4240 et
487 4179 527 4240 ad
552 4197 652 4240 earum
673 4169 756 4256 leges
779 4174 1016 4250 convertibilem,
1047 4176 1185 4236 distincta
1208 4175 1296 4234 etiam
1319 4173 1489 4236 fortitudine
1514 4178 1616 4236 virium
1640 4178 1679 4237 ab
1701 4184 1786 4237 exte·

424 4269 497 4326 rlori
526 4274 639 4341 crusta,
667 4269 692 4326 si
723 4283 797 4345 opus
828 4274 889 4341 cst3
923 4275 956 4323 ut
980 4264 1087 4340 inflecti
1110 4263 1225 4341 possint
1247 4261 1334 4322 ambo
1357 4261 1395 4322 ab
1419 4262 1522 4324 uadem
1545 4272 1664 4325 externa
1686 4280 1787 4338 causa,

426 4351 575 4417 dhdnctb
604 4354 762 4416 celeritatis
789 4355 949 4425 mensuris,
977 4353 1003 4412 si
1034 4353 1125 4412 etiam
1148 4349 1205 4410 hae
1227 4367 1258 4410 re
1280 4352 1319 4409 sit
1342 4366 1426 4428 opus.
1472 4350 1522 4411 Sic
1545 4354 1623 4412 enim
1645 4353 1733 4413 etiam
1756 4354 1787 4409 in

423 4441 489 4519 jam
516 4441 683 4502 introducto
711 4440 865 4503 ventriculi
888 4437 1021 4517 exemplo
1043 4448 1113 4499 snnt
1136 4446 1194 4497 tres
1217 4439 1349 4510 tunicae,
1379 4440 1501 4512 extima,
1529 4440 1647 4514 tntima,
1678 4437 1785 4514 media,
1834 4467 1837 4472 ·

425 4545 552 4606 qnarutn
574 4546 634 4589 una
656 4530 718 4608 pati
747 4536 843 4607 potest
872 4526 981 4587 illaesis
1011 4524 1091 4599 aliis,
1119 4524 1193 4585 haec
1222 4542 1309 4602 agere
1345 4527 1518 4586 vacantibus
1541 4525 1616 4601 illis,
1647 4528 1784 4604 quamvis

428 4615 486 4680 hat
509 4634 541 4677 re
565 4614 731 4690 dissimiles,
754 4614 835 4692 qnod
857 4616 895 4674 ab
920 4616 1044 4675 invicem
1067 4630 1127 4672 non
1149 4620 1330 4689 separantur.

515 4704 611 4766 Vetus
637 4705 818 4764 ashonnmis
845 4702 956 4762 solidos
983 4708 1014 4761 et
1041 4699 1128 4779 plane
1156 4699 1361 4759 adamantinos
1385 4699 1470 4759 orbes
1494 4698 1569 4758 alios
1592 4698 1660 4759 aliis
1682 4717 1786 4776 snper·
1904 4709 1909 4720 ’

424 4793 533 4869 induit,
555 4809 616 4871 qua
637 4791 750 4854 nullum
772 4792 857 4851 nobis
881 4807 986 4868 eorpus
1009 4797 1053 4849 est
1076 4789 1282 4888 conspicuum,
1307 4794 1369 4846 tota
1391 4789 1472 4861 regio
1495 4788 1538 4845 sic
1561 4790 1725 4866 perspicua,
1750 4803 1785 4845 ae

425 4883 575 4944 aivaeua
596 4889 683 4943 esset.
717 4879 783 4940 Non
806 4877 1006 4955 indignabitur
1028 4877 1126 4950 igitur,
1150 4891 1204 4933 nos
1226 4875 1257 4931 in
1279 4873 1385 4949 globis,
1409 4874 1459 4949 qui
1481 4880 1550 4933 sunt
1573 4890 1696 4953 corpora
1713 4889 1785 4932 con·

426 4972 533 5050 aplcna
554 4978 585 5032 et
605 4967 777 5048 palpabilia,
801 4968 896 5027 simile
920 4963 991 5043 qnid
1014 4963 1160 5023 fabricari.

516 5056 628 5120 Nonne
649 5058 699 5116 illc
721 5060 802 5132 ipse,
832 5058 920 5128 onius
942 5057 1007 5124 jam
1028 5052 1125 5128 fecisti
1146 5050 1348 5120 mentionem,
1372 5050 1439 5107 aeia
1462 5047 1680 5107 turbinationis
1703 5051 1785 5104 ectr-

423 5147 520 5208 riores
546 5152 666 5204 amtor
687 5162 851 5220 corporum
873 5142 1120 5219 planetariorum
1151 5151 1266 5194 munus
1293 5135 1348 5195 boc
1373 5137 1519 5195 sustinere
1546 5139 1661 5209 posset,
1694 5131 1786 5191 deeli-

424 5233 527 5298 md·
555 5240 669 5304 mnu·
695 5231 893 5309 planetarum
924 5228 966 5291 od
996 5225 1115 5290 tauro?
1153 5220 1266 5300 uagus
1294 5239 1366 5284 ssne
1399 5218 1654 5282 verisimilitudine
1684 5221 1786 5300 nititur

478 5335 516 5378 x·
517 5334 577 5386 seer
589 5331 673 5385 opas
686 5330 725 5375 vn
1537 5322 1577 5382 25
