4459 6275
513 790 579 851 roo
609 810 611 814 =
869 760 873 768 ’
980 785 1148 845 rasurum
1161 785 1401 858 mesanam
1416 876 1440 883 ..

513 965 561 1027 De
583 969 680 1026 cetere
704 965 833 1027 calculus
855 966 1006 1046 eclipsium
1028 965 1198 1027 altitudinis·
1212 964 1330 1044 quidem
1352 964 1497 1043 pamllaxi
1525 965 1575 1025 bie
1597 980 1658 1024 nen
1684 962 1815 1041 indiget,
1844 972 1873 1023 ut

513 1055 545 1113 in
566 1055 670 1113 ceteris
693 1054 811 1115 tabulis.

600 1139 726 1202 Praec.
753 1143 830 1202 133:
863 1141 1036 1204 Parallaxes
1065 1140 1257 1220 longitudinis
1286 1148 1316 1202 et
1336 1140 1499 1202 latitudiuis
1522 1139 1692 1201 discernere
1721 1137 1875 1217 locumque

514 1226 662 1288 risibilem
685 1245 737 1307 per
759 1242 810 1290 eas
834 1229 1042 1305 determinare,
1066 1236 1127 1290 tam
1149 1230 1239 1291 centri
1262 1247 1351 1306 quam
1373 1229 1548 1305 marginum.
1846 1238 1850 1243 ·

599 1314 730 1376 Primum
741 1318 780 1377 sit
791 1320 820 1375 in
831 1325 947 1395 promtu
957 1316 1116 1395 parallaxis
1130 1316 1337 1393 horizontalis3
1361 1315 1465 1376 deinde
1478 1315 1536 1375 loci
1551 1312 1633 1374 Solis
1643 1314 1787 1374 moenaio
1801 1320 1876 1374 recta

513 1408 631 1480 petatur
655 1421 691 1463 ex
713 1421 769 1467 sua
790 1404 893 1467 tabula
915 1421 974 1465 una
997 1422 1062 1465 curu
1086 1404 1299 1478 declinatione,
1330 1410 1438 1481 puncto
1461 1402 1617 1480 eclipticas
1640 1399 1830 1461 culminante
1850 1408 1877 1459 et

516 1489 625 1565 angulo
648 1491 713 1566 ejus
736 1509 802 1550 eum
825 1492 985 1552 meridiano
1009 1484 1263 1569 respondentibus.
1299 1490 1384 1552 Tunc
1405 1489 1495 1550 borae
1517 1496 1548 1548 et
1562 1490 1683 1547 minuta
1705 1497 1778 1564 post
1792 1490 1877 1548 meri·

516 1575 593 1635 diem
615 1577 759 1653 cujusque
782 1577 848 1652 luci,
872 1596 947 1655 quae
972 1587 1180 1656 proponuntur,
1204 1594 1345 1639 conversa
1368 1579 1396 1635 iu
1417 1575 1526 1653 gadas
1540 1577 1720 1653 aequatmis
1734 1574 1878 1637 addantur

514 1665 679 1724 ascensioni
700 1672 797 1725 rectae
812 1665 900 1739 Solis,
925 1676 956 1724 ut
979 1669 1139 1726 constituta
1161 1668 1200 1725 sit
1220 1682 1281 1726 asc,
1303 1673 1385 1725 recta
1398 1663 1486 1725 medii
1502 1661 1588 1723 coeli
1627 1660 1750 1738 Quodsi
1764 1672 1876 1740 tenpus

516 1750 641 1826 aequale
664 1753 710 1824 sit,
735 1752 764 1810 id
788 1753 1016 1813 convertentium
1038 1756 1092 1813 erit
1114 1756 1144 1811 in
1167 1769 1320 1832 apparens,
1345 1751 1425 1829 quod
1448 1749 1747 1827 compendiosissime
1771 1750 1805 1810 tit
1826 1749 1878 1811 ad·

513 1838 643 1916 jectione
670 1838 717 1899 rel
741 1841 938 1901 subtractione
961 1842 999 1901 ab
1023 1859 1082 1901 asc.
1106 1848 1186 1901 recta
1215 1838 1305 1901 'medii
1328 1841 1403 1900 coeli
1431 1840 1557 1916 partium
1580 1840 1776 1914 aequationis
1807 1845 1878 1898 tern-

515 1926 605 2005 poris,
628 1942 703 2001 quas
726 1927 845 1988 exhibet
867 1928 977 1988 tabula
1016 1927 1128 2003 Quodsi
1148 1934 1216 1987 sunt
1237 1926 1275 1986 ad
1298 1945 1402 1986 manus
1416 1924 1551 1987 Tabulae
1566 1924 1754 1986 Dircctionis
1770 1924 1878 2002 Regio-

515 2014 656 2085 montani,
681 2015 870 2076 continuatae
892 2032 911 2073 a
933 2014 1107 2089 Reinholdo,
1132 2013 1181 2075 vel
1203 2013 1339 2075 Tabulae
1364 2015 1453 2073 Primi
1474 2012 1597 2073 Mobilis
1612 2011 1742 2090 idagini,
1767 2010 1879 2073 delecta

517 2118 554 2160 ex
576 2101 612 2159 ii's
634 2098 788 2163 altitudine
810 2102 882 2180 puli,
905 2120 982 2185 quae
1005 2110 1049 2163 eet
1071 2102 1136 2163 loco
1152 2104 1312 2181 proposito,
1336 2100 1511 2176 adjiciantur
1526 2099 1565 2160 ad
1579 2117 1643 2159 ase.
1659 2107 1777 2161 rectam
1793 2098 1877 2160 medii

518 2186 593 2253 coeli
608 2193 739 2264 tempora
749 2184 821 2266 90⁰3
837 2207 913 2266 quae
927 2192 970 2250 sic
986 2189 1128 2250 conflatur
1139 2192 1272 2250 ascensio
1285 2187 1404 2266 obliqua
1420 2187 1586 2264 horoscopi,
1604 2196 1748 2265 excerpat
1760 2187 1879 2265 gradum

518 2276 667 2334 orientem.
701 2275 759 2335 Hic
783 2293 867 2355 porro
890 2279 1036 2337 immissus
1051 2279 1080 2335 in
1095 2277 1226 2337 tabulam
1240 2280 1324 2337 ariam
1347 2285 1377 2337 et
1391 2277 1542 2352 quaesitus
1561 2277 1593 2333 in
1607 2274 1809 2350 marginibus,
1829 2276 1880 2335 snb

517 2360 567 2421 file
592 2361 753 2422 (11111111.
777 2362 850 2443 poli,
881 2367 910 2422 in
933 2364 1027 2425 ironte
1055 2372 1085 2425 et
1107 2364 1197 2425 calce·
1217 2367 1387 2441 quaesitae,
1418 2361 1553 2423 osundet
1578 2360 1728 2437 angulum
1752 2364 1880 2423 orienda

607 2446 665 2524 Qui
688 2467 757 2510 vero
781 2459 860 2512 caret
882 2450 927 2511 his
950 2452 1042 2531 libris,
1064 2454 1089 2510 is
1105 2459 1233 2512 recurrat
1247 2451 1285 2511 ad
1300 2457 1388 2528 caput
1403 2449 1489 2508 XIV.
1503 2448 1609 2508 horum
1619 2451 1744 2521 (11111.
1753 2457 1807 2506 etr
1816 2452 1880 2523 ⁸233

518 2534 559 2599 ibi
583 2535 686 2596 modos
702 2537 815 2615 aliquot
829 2540 959 2599 inveniet
981 2538 1140 2614 indagandi
1156 2556 1207 2616 per
1221 2540 1268 2599 bic
1283 2536 1354 2597 data
1375 2536 1475 2614 auguli
1491 2537 1622 2596 orientis
1666 2531 1752 2595 Unus
1776 2552 1875 2595 aarum

519 2625 562 2682 sic
584 2621 684 2696 habet,
710 2635 741 2684 ut
764 2625 988 2686 declinationem
1011 2626 1204 2700 eulminantis,
1227 2629 1253 2685 si
1274 2622 1508 2702 septentrionalis
1530 2631 1595 2696 est,
1620 2620 1744 2682 auferas
1769 2623 1809 2683 ab
1832 2623 1880 2682 alt

518 2708 588 2787 poli,
614 2713 639 2770 si
662 2711 870 2786 meridionalis,
893 2712 994 2786 addas,
1010 2718 1051 2774 'ut
1073 2713 1184 2775 babeas
1199 2712 1367 2773 distantiam
1390 2710 1577 2772 culmiuantis
1593 2727 1612 2769 a
1627 2710 1752 2770 vertice.
1801 2709 1882 2769 ‘lunc

519 2803 597 2857 enim
607 2796 790 2875 legaritbmis
801 2799 901 2882 (hujus
917 2810 946 2862 et
955 2800 1055 2879 anguli
1067 2801 1210 2878 excerpti)
1224 2799 1395 2876 conjunctis,
1411 2816 1525 2858 summa
1539 2805 1572 2856 ut
1587 2795 1716 2874 antilcg.
1732 2796 1883 2858 exhibebit

519 2883 659 2963 angulum
674 2889 804 2967 orientis,
826 2906 878 2965 per
893 2907 980 2966 quem
997 2887 1101 2951 deinde
1117 2891 1205 2949 etiam
1220 2896 1361 2966 puuctum
1375 2889 1471 2965 ipsum
1486 2887 1583 2945 oriens
1599 2900 1652 2944 seu
1670 2887 1881 2963 nonagesimus

519 2972 558 3032 ab
582 2990 617 3031 11
640 2972 733 3049 gradu
757 2975 941 3053 indagandus
957 2984 1010 3038 est.
1049 2976 1160 3054 Anguli
1175 2977 1294 3037 orientis
1313 2974 1377 3052 jam
1391 2973 1568 3051 lugarithmo
1583 2971 1688 3033 ablato
1704 2971 1745 3032 ab
1759 2972 1880 3049 antilog.

517 3060 678 3121 distantiae
701 3063 885 3123 culminantis
900 3082 919 3123 a
934 3066 1050 3138 vertice,
1073 3072 1165 3125 restat
1178 3064 1300 3140 antilcg.
1316 3079 1401 3122 arcus
1415 3063 1491 3122 inter
1504 3062 1733 3138 nonagesimum
1747 3067 1780 3121 et
1794 3063 1880 3120 meri·

520 3147 656 3224 dianum3
680 3152 729 3226 qui
754 3169 838 3212 arcus
862 3170 880 3211 a
901 3151 1061 3211 meridiano
1085 3156 1180 3229 vergit
1196 3155 1225 3210 in
1246 3166 1343 3228 partes
1364 3151 1523 3211 contrarias
1540 3156 1648 3229 puncto
1666 3148 1881 3225 aequinoctiali

519 3238 627 3295 vicino.
666 3237 749 3297 Alter
770 3237 873 3298 modus
891 3242 980 3299 utitur
1001 3241 1148 3315 positione
1170 3241 1270 3316 anguli
1287 3240 1406 3312 orientis
1429 3244 1461 3296 ut
1476 3238 1539 3296 noti
1560 3244 1589 3297 et
1604 3234 1767 3296 altitudine
1783 3238 1881 3315 puncti

521 3323 714 3399 cuiminantis,
740 3344 816 3401 quae
840 3334 884 3386 est
907 3327 970 3402 ejus
994 3346 1012 3386 a
1035 3330 1144 3386 vertice
1167 3327 1322 3386 distantiae
1346 3323 1588 3401 complementum
1611 3323 1650 3382 ad
1675 3324 1880 3400 quadrantem

607 3412 660 3470 Est
682 3421 711 3471 et
734 3416 835 3473 tertius
859 3414 962 3473 modus
986 3418 1080 3490 capite
1097 3414 1182 3473 XlV.
1222 3414 1347 3489 Cognito
1364 3413 1553 3487 nonagesimo
1577 3410 1625 3470 vel
1648 3429 1704 3487 per
1718 3428 1752 3470 se
1777 3411 1826 3471 vel
1849 3430 1881 3470 11

520 3497 613 3574 gradu
637 3503 756 3573 oriente,
780 3504 937 3561 numeratis
954 3505 982 3560 in
998 3510 1096 3561 nostro
1112 3502 1326 3578 hemisphaerio
1344 3498 1399 3561 90⁰
1421 3517 1473 3559 seu
1490 3501 1508 3558 3
1525 3501 1617 3574 signis
1632 3506 1721 3570 retro,
1746 3517 1882 3575 compara

521 3604 587 3645 curn
611 3604 644 3645 co
668 3588 764 3648 locum
785 3588 885 3648 Lunae
910 3607 1009 3649 verum
1031 3592 1060 3647 in
1085 3590 1228 3666 ecliptica.
1267 3589 1341 3646 Nam
1364 3590 1388 3645 si
1411 3587 1494 3645 Luna
1517 3587 1603 3645 suerit
1626 3585 1679 3643 illo
1703 3587 1881 3646 orientaliur.

521 3674 661 3752 parallaxi
685 3676 876 3752 propendebit
900 3679 928 3734 in
953 3685 1060 3750 ortum,
1084 3679 1109 3735 si
1134 3676 1340 3736 occidentalior
1363 3677 1392 3732 iu
1416 3691 1561 3732 occasum.
1608 3672 1771 3734 Subtraeto
1799 3677 1882 3750 igitur

520 3762 612 3821 altero
633 3764 670 3820 ab
686 3763 788 3835 altero,
812 3764 968 3823 distantiae
983 3760 1025 3844 Q)
1041 3766 1078 3823 ab
1095 3764 1145 3822 illo
1164 3763 1354 3839 lugarithmus
1371 3762 1570 3820 subscribatur
1584 3760 1767 3838 legaritbmo
1784 3761 1881 3834 anguli

522 3852 649 3923 orientis,
674 3870 725 3927 pro
741 3851 930 3928 longitudinis
946 3853 1096 3927 paralleli,
1121 3869 1172 3927 pru
1190 3850 1352 3910 latitudinis
1378 3866 1445 3909 vero
1462 3850 1606 3907 scribatur
1621 3847 1881 3922 antilogaritbmus

521 3938 621 4012 arrguli
645 3940 771 3997 orientis.
819 3938 940 4015 Utrique
970 3938 1085 3998 demum
1108 3938 1313 3998 subordinatur
1335 3936 1519 4013 parallaxeos
1544 3936 1642 3994 totalis
1676 3940 1704 3992 iu
1729 3936 1882 3994 horizonte

520 4025 713 4098 lugarithmus
742 4035 770 4084 11
801 4028 842 4085 sic
873 4044 924 4101 pro
948 4026 1131 4102 longitndine
1156 4029 1173 4086 3
1199 4025 1389 4102 lugarithmos
1420 4026 1449 4081 in
1477 4041 1564 4081 uuum
1592 4022 1694 4098 redige
1717 4042 1881 4096 summam

522 4129 574 4188 pru
598 4111 751 4172 latitudine
776 4117 803 4171 2.
849 4114 915 4173 Hac
940 4114 1014 4173 duae
1038 4132 1185 4186 summac,
1210 4116 1360 4189 quaesitae
1384 4105 1457 4170 111111
1479 4110 1690 4186 lugarithmos,
1721 4110 1881 4170 ostendunt

523 4198 703 4274 parallaxes,
737 4200 787 4259 illa
809 4201 1017 4276 longitudinis,
1050 4205 1107 4260 ista
1129 4201 1308 4266 latitudinis,
1339 4217 1461 4275 quarum
1484 4198 1535 4256 illa
1558 4197 1660 4255 addita
1684 4197 1752 4255 loco
1777 4194 1834 4278 ᾧ,
1858 4201 1880 4255 si

523 4288 672 4346 orientalis
696 4295 749 4365 cst,
772 4307 791 4346 a
812 4290 1002 4365 nonagesimo
1025 4289 1150 4360 ademta,
1175 4292 1198 4347 si
1223 4286 1411 4348 occidentalis
1434 4294 1487 4355 est,
1511 4286 1568 4343 ista
1591 4283 1693 4343 additu
1718 4284 1770 4346 lat.
1799 4303 1879 4344 uerae

524 4377 682 4440 austrinae,
706 4375 824 4433 ademta
840 4375 959 4446 boreali,
984 4380 1165 4435 constituunt
1179 4374 1324 4435 visibilem
1340 4370 1381 4453 D
1398 4375 1494 4432 lucum
1510 4372 1671 4430 secuudum
1688 4370 1769 4447 long.
1789 4383 1818 4431 et
1834 4373 1879 4430 lar.

523 4460 586 4517 Nisi
613 4460 685 4519 lorte
715 4462 765 4520 lat.
789 4459 831 4543 Q)
855 4465 915 4522 bor.
939 4465 1032 4521 minor
1054 4465 1141 4523 fuerit
1162 4465 1226 4539 ipsu
1250 4462 1392 4539 parallaxi
1415 4459 1586 4532 latitudinis,
1622 4469 1692 4518 turre
1723 4463 1805 4518 enim
1833 4460 1879 4516 illa

523 4547 681 4606 auferenda
705 4557 750 4608 est
771 4551 809 4608 ab
833 4553 889 4609 ista
911 4552 1090 4627 restabitquc
1113 4550 1238 4610 latitudo
1261 4551 1326 4608 visa
1348 4547 1483 4607 australis
1506 4545 1572 4605 ioco
1596 4564 1684 4605 uerae
1708 4547 1847 4606 borealis.

611 4634 693 4694 Haec
724 4638 824 4712 itaque
851 4655 903 4713 pro
928 4637 991 4697 loco
1017 4638 1125 4697 visibili
1157 4641 1246 4697 centri
1270 4633 1320 4716 Q).
1368 4634 1479 4710 Quodsi
1504 4650 1577 4709 epus
1601 4636 1654 4692 erit
1678 4634 1747 4692 loeo
1775 4632 1877 4693 visibili

525 4725 740 4798 marginum,
765 4725 828 4799 ejus
851 4725 1067 4785 semidiameter
1089 4743 1234 4801 apparens
1258 4724 1358 4783 addita
1381 4721 1555 4797 longitudini
1572 4722 1662 4779 centri
1688 4731 1717 4780 et
1734 4721 1878 4780 latitudini

524 4812 675 4867 constituit
697 4810 793 4869 locum
817 4814 963 4887 marginis,
987 4813 1046 4871 illic
1069 4813 1228 4883 orientalis,
1252 4812 1298 4870 hic
1315 4812 1419 4887 plagae
1436 4811 1507 4885 ejus,
1533 4826 1619 4884 quam
1636 4808 1729 4866 habet
1747 4808 1878 4867 latitudo.

524 4896 680 4955 Subtracta
704 4915 773 4956 vcro
796 4918 813 4957 a
837 4900 926 4958 centri
948 4899 1130 4976 longitudine
1153 4908 1182 4959 11
1204 4898 1358 4960 latitudine
1378 4898 1489 4973 majori,
1514 4897 1664 4955 corratituit
1682 4896 1783 4955 locum
1808 4913 1879 4954 mar·

525 4985 613 5056 ginis,
645 4985 933 5059 illicoccidentalis,
965 4986 1012 5045 hic
1035 4988 1141 5064 plagae
1166 4989 1340 5059 contrariae,
1366 5003 1452 5060 quam
1477 4992 1521 5043 est
1544 4984 1609 5041 visa
1633 4986 1726 5041 centri
1752 4997 1781 5043 et
1806 4984 1877 5041 illius

524 5074 662 5146 marginis
684 5072 824 5146 latitudo,
849 5078 893 5131 sin
917 5083 1014 5134 autern
1038 5074 1162 5134 latitudo
1187 5076 1240 5133 visi
1257 5074 1346 5132 centri
1370 5073 1456 5131 luerit
1478 5074 1570 5129 minor
1593 5070 1816 5131 semidiametro
1834 5066 1877 5150 ᾗ).

525 5159 703 5216 subtrahitur
726 5160 777 5217 illu
800 5163 837 5219 ab
861 5162 915 5219 lrac
937 5179 989 5236 pro
1015 5161 1168 5221 latitudine
1192 5163 1344 5238 marginis,
1369 5162 1419 5235 qui
1444 5161 1472 5216 in
1496 5160 1615 5237 plagam
1639 5158 1772 5219 tenditur
1795 5160 1877 5220 centri

528 5243 646 5320 quidem
669 5245 817 5306 latitudini
839 5250 1027 5326 contrariam,
1051 5252 1186 5329 propriae
1209 5265 1279 5313 vero
1302 5246 1433 5311 eandem.
