4459 6275
891 774 975 832 mnu
992 773 1111 831 nerum
1145 777 1216 837 em
1233 776 1344 848 eme.
1686 742 1690 747 ’
1737 780 1805 851 aaa

442 953 527 1017 bodie
550 960 582 1017 et
601 956 630 1016 si
651 957 882 1034 proponerentur
903 955 934 1013 iu
956 953 1085 1032 publico,
1109 972 1168 1016 non
1190 963 1312 1035 possent
1333 954 1374 1016 ab
1395 954 1564 1033 agrestibus
1580 957 1726 1031 cognosci,
1750 958 1802 1032 qul

443 1052 471 1105 et
490 1043 593 1103 literas
616 1037 793 1121 ignorabant
822 1050 859 1101 ει.
874 1042 904 1098 in
927 1058 997 1118 agro
1021 1041 1169 1119 degebant
1191 1045 1345 1118 absentes3
1375 1042 1449 1104 baec
1481 1060 1551 1103 vern
1573 1045 1659 1119 sigua
1681 1050 1802 1121 possent

440 1132 528 1191 etiarn
550 1132 595 1191 ab·
613 1129 758 1190 illiteratis
782 1129 941 1188 observari.
986 1127 1112 1203 Quidam
1137 1130 1264 1209 deniqne
1286 1139 1422 1191 ornatum
1445 1132 1654 1207 quaesiverunt
1676 1133 1803 1201 orationi

395 1256 397 1259 -
438 1235 523 1294 suae,
556 1226 588 1279 ut
618 1221 738 1296 poetae,
774 1218 824 1293 qui
853 1214 956 1276 florido
987 1215 1125 1278 dictionis
1152 1237 1258 1296 genere
1287 1216 1470 1279 luxurientes
1495 1225 1530 1276 ut
1556 1234 1604 1277 ree
1634 1216 1726 1291 alias,
1758 1220 1802 1277 sic

438 1309 525 1367 etiam
557 1314 691 1383 tempora
722 1303 819 1363 solent
847 1320 898 1380 per
928 1306 1160 1365 circumstantias
1191 1324 1262 1366 snae
1292 1305 1457 1365 describere
1493 1312 1523 1365 et
1550 1304 1643 1364 veluti
1672 1306 1801 1383 pingere,

437 1410 502 1454 cum
523 1393 806 1452 circumstantiarum
829 1390 911 1451 nulla
933 1392 973 1450 sit
995 1392 1159 1470 pulchrior,
1184 1410 1274 1471 quam
1296 1400 1377 1454 ortm
1402 1409 1583 1468 occasusque
1606 1399 1650 1451 tot
1673 1391 1802 1475 siderum

441 1490 500 1541 tam
524 1482 623 1540 varii.¹

527 1567 611 1646 Quot
637 1565 734 1626 modio
762 1571 986 1643 comparantur
1016 1573 1156 1643 tempora
1184 1575 1287 1628 εειενε
1314 1584 1385 1626 cum
1413 1565 1568 1627 bodiernie
1591 1583 1686 1627 ceusu
1707 1566 1801 1640 bomne

438 1658 621 1733 εἰρηαιιεειιε
640 1671 697 1729 per
719 1661 803 1713 ortus
818 1661 845 1711 et
868 1669 990 1711 occasus
1004 1653 1161 1714 siderum?
1184 1653 1304 1734 Triplex
1320 1662 1365 1716 est
1380 1657 1571 1732 comparatio.
1618 1657 1651 1729 1)
1674 1653 1800 1713 Ratione

438 1746 525 1802 unius
553 1748 584 1801 et
611 1740 744 1817 ejusdem
766 1739 934 1828 Calendarii
961 1739 1098 1802 Romani.
1146 1743 1179 1816 ι)
1209 1741 1338 1802 Ratione
1364 1749 1463 1803 motus
1485 1741 1563 1807 Solis
1593 1742 1623 1798 iu
1654 1740 1797 1818 ecliptica.
1862 1748 1865 1757 '

439 1827 475 1912 3)
497 1830 626 1890 Ratione
658 1831 750 1907 ipsius
774 1837 855 1887 ortus
886 1836 915 1887 et
937 1838 1059 1904 occasus
1081 1829 1217 1891 siderum.
1264 1829 1308 1889 Ex
1330 1829 1376 1888 his
1400 1831 1494 1908 prima
1517 1839 1548 1889 ει
1568 1827 1673 1887 ultima
1696 1845 1800 1906 perum

438 1929 482 1978 εει
508 1917 608 1993 utilis,
638 1919 696 1974 nisi
718 1914 894 1975 reducantur
925 1913 964 1973 ad
993 1915 1129 1975 mediam.
1176 1917 1275 1977 Prima
1305 1920 1383 1976 enim
1412 1919 1594 1995 comparatio
1617 1923 1731 1977 tantum
1754 1924 1820 1977 eet-

437 2006 577 2065 bistorica
598 2021 652 2064 eeu
675 2003 809 2081 politica,
842 2000 946 2061 ultima
968 2005 1046 2081 sapit
1068 2003 1277 2083 astrologicam
1298 2004 1509 2080 subtilitatem
1542 2002 1639 2066 media
1662 2019 1732 2064 vern
1755 2011 1802 2063 est

437 2093 556 2165 rnsbca,
581 2091 751 2165 domestica,
767 2088 896 2163 inedies,
915 2090 1067 2153 naturalis.

527 2178 593 2240 Cirr
621 2174 753 2239 modim
783 2178 883 2239 solum
914 2182 1176 2252 comparationem
1202 2179 1380 2240 amarciem
1412 2177 1589 2254 appellari,
1608 2177 1694 2238 Nihil
1726 2182 1799 2254 ergo

437 2274 608 2345 operarum·
630 2274 714 2328 ortus
736 2266 783 2326 itti
803 2263 962 2324 cemma
983 2264 1106 2327 Veteres
1128 2266 1248 2345 quidem
1270 2265 1375 2326 inille
1398 2266 1515 2326 inerunt
1530 2267 1679 2343 opinione,
1703 2282 1799 2342 quae-

437 2368 552 2432 ermque
574 2353 809 2415 rebementioree
831 2358 1021 2430 tempestates
1043 2355 1099 2414 sub
1123 2363 1242 2414 exortus
1265 2354 1408 2431 cujusque
1430 2353 1534 2413 sideris
1556 2354 1717 2430 quotannis
1739 2351 1798 2413 tere

438 2442 575 2504 solebant
603 2443 744 2514 existere,
775 2459 795 2499 a
822 2439 926 2499 sideris
948 2439 1028 2498 iltius
1051 2449 1155 2502 exortu
1179 2442 1227 2502 vel
1260 2458 1366 2501 nocam
1398 2440 1474 2503 ellici
1505 2449 1557 2500 ant
1578 2439 1684 2501 saltem
1705 2442 1797 2516 signi-

435 2530 522 2592 ficari.
566 2528 645 2589 Hine
665 2535 796 2610 nata-cat
811 2526 933 2588 Graecis
956 2527 1111 2604 peculiaris
1127 2547 1196 2589 usus
1212 2531 1295 2589 vocis
1316 2550 1455 2607 uquarum,
1478 2549 1674 2607 npooqernesee,
1697 2526 1799 2606 e'utuq·

434 2641 537 2692 μωεει,
560 2634 613 2697 pro
627 2633 663 2677 eo
679 2615 759 2694 quod
775 2614 915 2675 Germani
930 2612 1070 2676 dicimusz
1094 2622 1122 2676 et
1145 2620 1245 2678 mlttrrt
1266 2628 1315 2677 not
1340 2617 1401 2676 obet
1422 2614 1499 2694 neb,
1523 2632 1590 2674 cum
1615 2615 1725 2675 vellent
1739 2615 1799 2675 boc

437 2705 543 2779 dicere,
565 2702 647 2764 sidus
670 2702 743 2762 illud
766 2714 830 2763 esse
854 2703 960 2762 efficax
982 2710 1013 2762 et
1032 2721 1172 2779 generare
1195 2721 1333 2781 magnam
1356 2719 1445 2764 aurae
1460 2705 1696 2763 commotionem.
1733 2701 1800 2761 Pir·

435 2797 499 2853 nius
522 2809 659 2871 graecam
683 2809 786 2851 vocem
801 2789 893 2851 latine
914 2787 1022 2849 redidit
1043 2788 1146 2861 eodeni
1162 2809 1228 2866 usu,
1251 2789 1408 2866 siguificat,
1430 2792 1652 2867 inquiens,¹aut
1674 2788 1800 2849 indicata

435 2881 501 2939 binc
537 2878 682 2957 quaedam
712 2877 809 2938 sidere
837 2894 907 2955 prae
930 2879 1034 2937 ceteris
1063 2879 1222 2941 indicantia
1251 2877 1348 2952 dicta,
1380 2885 1414 2938 ut
1435 2876 1533 2937 carris.
1579 2876 1722 2953 Adeoque
1752 2893 1800 2937 res

435 2967 530 3039 rediit,
554 2974 588 3025 ut
609 2984 661 3044 per
683 2966 892 3043 metonymiam
915 2967 997 3043 ipsae
1020 2968 1109 3026 etiam
1133 2972 1322 3045 tempestates
1344 2972 1439 3025 statae
1461 2964 1560 3024 sidera
1581 2967 1800 3024 nominarentur

438 3063 465 3115 et
480 3054 565 3115 sidus
579 3048 759 3130 aequinoctii
773 3052 877 3112 Cicero
893 3051 980 3112 valde
997 3054 1197 3129 perturbatum
1214 3059 1392 3131 quereretur.
1416 3051 1544 3112 Sideruri
1562 3056 1649 3111 etiam
1666 3052 1800 3111 dicuntur

437 3143 567 3217 arbores,
590 3160 667 3219 quae
690 3141 841 3218 grandine,
865 3143 979 3217 pruina,
1003 3142 1197 3217 carbunculis,
1222 3150 1317 3216 aestu,
1340 3142 1450 3202 morbis
1474 3149 1637 3219 temporum
1654 3141 1798 3224 intestan-

434 3237 496 3308 tur,
520 3240 549 3290 et
572 3228 701 3302 siderati,
724 3229 783 3289 boc
806 3236 851 3288 est
875 3226 969 3294 sidere
991 3229 1098 3303 afflati,
1123 3233 1174 3308 qui
1196 3230 1337 3291 latentem
1359 3230 1399 3289 ob
1423 3245 1544 3289 cansam
1565 3228 1664 3287 subito
1686 3244 1796 3305 aegro·

434 3325 505 3393 tant,
531 3319 617 3392 quasi
640 3317 690 3376 lue
713 3315 837 3376 coelitus
860 3317 991 3376 immissa
1013 3327 1066 3377 aut
1086 3316 1210 3379 fulmine
1231 3325 1352 3396 repente
1374 3318 1513 3395 percussi.
1560 3313 1703 3376 Geminus
1725 3331 1797 3375 vero

436 3407 605 3485 opinionem
628 3404 711 3482 vulgi
734 3402 869 3480 adeoque
892 3409 922 3462 et
944 3402 1097 3465 doctorum
1125 3408 1254 3465 omnium
1278 3406 1324 3465 sni
1347 3404 1440 3464 seculi
1461 3403 1601 3464 refutavit
1616 3406 1796 3481 argumentis

434 3490 619 3553 naturalibus
641 3501 671 3552 et
693 3491 927 3565 astronomicisg
947 3492 1020 3549 vixit
1049 3500 1118 3553 ante
1141 3493 1298 3554 Christum.
1334 3490 1403 3552 ,Sed
1434 3490 1517 3550 nulla
1537 3490 1626 3567 bujris
1650 3491 1798 3569 opinionis

433 3581 620 3641 manifestior
643 3596 708 3641 ense
731 3584 830 3656 potest
852 3578 989 3638 refutatio
1012 3578 1081 3654 ille,
1114 3598 1203 3658 quem
1226 3586 1329 3640 nostra
1349 3596 1403 3638 nos
1427 3577 1527 3638 docuit
1549 3586 1645 3653 aetas,
1678 3575 1799 3655 quando

433 3667 532 3729 sidera
554 3666 756 3727 sedibus'snia
778 3668 808 3723 in
830 3664 952 3725 zodiaco
975 3667 1102 3743 pristinis
1118 3685 1269 3729 excessere
1292 3668 1482 3743 oriunturque
1496 3667 1647 3726 mensibus
1669 3682 1798 3744 sequen-

433 3755 525 3829 tibus,
549 3761 737 3833 tempestates
753 3768 823 3813 vero
848 3769 912 3812 cnm
928 3751 998 3813 Sole
1020 3754 1144 3816 redeunt
1166 3764 1196 3817 ει
1217 3754 1305 3814 bodie
1320 3755 1405 3830 signa
1429 3753 1480 3814 illa
1494 3770 1550 3813 eun
1573 3754 1696 3830 pristinu
1710 3769 1798 3832 prue-

438 3844 578 3919 veninnt3
597 3842 720 3919 jamque
743 3857 846 3900 rernm
868 3840 1015 3915 estquod
1038 3845 1118 3902 canit
1138 3843 1296 3919 Virgilius:

799 3927 959 4003 Solemque
979 3945 1073 3989 auum
1095 3929 1276 3990 aeneidem
1296 3936 1430 4004 norunt3

433 4014 463 4076 id
485 4023 540 4090 est,
563 4017 668 4076 retinet
690 4014 841 4092 quaelibet
862 4031 931 4092 pars
953 4018 1023 4074 anui
1045 4034 1064 4077 a
1086 4017 1214 4077 solstitio
1236 4021 1405 4094 computata
1431 4029 1515 4074 snam
1538 4024 1671 4074 rratnram
1693 4032 1797 4076 suntne

434 4121 492 4181 qne
521 4104 671 4178 ingenium
702 4111 732 4163 et
759 4120 828 4162 suns
856 4110 1063 4180 tempestales,
1094 4103 1188 4166 stellis
1216 4102 1282 4162 fixis
1308 4106 1403 4181 magis
1432 4112 1519 4179 atque
1550 4106 1644 4178 magis
1675 4103 1704 4160 in
1733 4100 1796 4161 dies
1864 4187 1867 4192 ι
1924 4097 1927 4102 ’

436 4198 596 4269 sequentes
617 4189 819 4268 migrantibus.

521 4276 605 4339 Doee
627 4294 810 4353 comparere
837 4283 975 4352 tempora
1006 4278 1155 4339 bodiemo
1183 4297 1253 4339 cum
1276 4278 1426 4338 veteribus
1447 4296 1483 4338 ex
1505 4275 1607 4336 eodem
1629 4279 1715 4352 ειρεε
1737 4292 1793 4335 en-

433 4368 532 4443 preeri
553 4374 639 4427 ortua
661 4366 707 4425 nel
729 4381 851 4424 occasus
872 4363 1016 4426 meam.
1061 4366 1110 4426 Ad
1132 4368 1209 4428 bane
1230 4385 1292 4428 rem
1315 4377 1389 4445 opus
1411 4363 1652 4441 estlongitudine
1675 4370 1706 4423 et
1725 4362 1797 4421 lati-

434 4453 538 4514 tudine
560 4453 664 4514 stellne
686 4458 842 4527 motusque
858 4449 937 4510 Solis
959 4454 1155 4532 ephemeride,
1178 4454 1407 4526 accommodatis
1430 4452 1468 4511 ad
1491 4461 1622 4530 tempora
1637 4453 1794 4528 scriptoris,

433 4550 463 4602 et
484 4540 543 4601 bac
566 4540 685 4617 quidem
717 4541 746 4597 iu
771 4539 865 4599 torma
887 4540 956 4598 anni
978 4539 1094 4602 Juliaui
1123 4544 1231 4602 veteris
1254 4549 1330 4602 retro
1354 4542 1476 4601 extensi.
1520 4539 1604 4599 Tune
1627 4540 1651 4597 si
1674 4540 1796 4615 scriptor

434 4628 569 4707 exprimit
591 4629 668 4689 diem
690 4628 759 4686 anni
781 4625 907 4685 Romani
931 4634 1084 4707 ortumque
1107 4630 1157 4689 vel
1181 4645 1318 4689 occasum
1340 4627 1443 4687 stellae
1466 4627 1521 4687 snb
1545 4634 1625 4686 certa
1647 4624 1708 4703 poli
1732 4624 1796 4684 ele-

435 4718 571 4789 vatione,
602 4712 786 4792 qnaerendus
815 4714 869 4773 erit
899 4715 929 4770 in
959 4717 1143 4794 ephemeride
1172 4718 1264 4777 veteri
1293 4716 1376 4776 iocus
1399 4714 1477 4775 Solis
1507 4712 1546 4772 ad
1576 4713 1683 4773 dictam
1707 4711 1793 4771 diem.

434 4802 550 4863 Deinde
573 4801 773 4880 quaerendum
801 4806 846 4861 εει
868 4811 1008 4877 punctum
1031 4805 1184 4883 ecliptieae
1207 4804 1340 4864 cooriens
1362 4819 1428 4861 cnm
1449 4800 1538 4860 stella
1561 4802 1606 4860 vel
1633 4817 1691 4859 une
1714 4801 1793 4858 occi-

435 4891 521 4962 dens,
556 4898 586 4950 et
617 4891 834 4968 comparatione
864 4887 921 4947 loci
944 4889 1024 4950 Solis
1052 4911 1118 4952 cum
1147 4892 1204 4951 boe
1227 4893 1375 4951 cooriente
1406 4903 1514 4968 puncto
1538 4888 1624 4949 iacile
1648 4887 1795 4947 elucescet

433 4977 506 5039 fides
529 4979 688 5056 scriptoris,
711 4984 749 5048 et,
773 4977 798 5034 ai
823 4993 893 5034 vera
915 4980 1039 5055 scripsit,
1062 4981 1176 5056 species
1201 4987 1281 5038 ortus
1297 4976 1344 5036 vel
1368 4992 1499 5036 occasus.
1544 4976 1651 5052 ltaque
1666 4981 1795 5033 resumta

435 5064 539 5128 cadem
562 5064 609 5125 die
626 5063 792 5125 calendarii
807 5061 933 5122 Romani
956 5069 1046 5126 etiarn
1060 5067 1158 5140 bodie,
1182 5066 1368 5145 politicorum
1383 5062 1500 5141 quidem
1523 5080 1666 5122 annorum
1680 5078 1794 5119 summa

435 5160 539 5214 exacta
563 5154 626 5227 erit,
649 5160 681 5214 at
703 5167 800 5229 neque
823 5157 983 5229 tempestas
999 5156 1077 5227 anni,
1101 5170 1196 5231 neqnc
1219 5152 1315 5213 sidera
1330 5149 1434 5212 eadem
1457 5150 1509 5210 iilo
1533 5149 1580 5210 die
1595 5155 1793 5224 revertentur,

435 5242 605 5316 erratione
634 5238 754 5317 quidem
783 5239 852 5299 anni
883 5244 1024 5303 vertentis
1046 5248 1168 5303 ventum
1198 5243 1253 5302 erit
1275 5239 1350 5301 nitra
1372 5245 1481 5300 mamm
1503 5239 1698 5316 propositam,
1725 5235 1794 5295 anni
1850 5240 1859 5260 ⁸

487 5359 585 5413 merari
597 5357 681 5412 omre
708 5357 751 5402 vr.
1473 5343 1477 5348 '
1548 5344 1586 5404 19
