4459 6275
438 789 500 852 tvo
938 784 1081 857 Epitomss
1098 784 1288 843 damnoniae

435 960 551 1028 coelum
581 966 668 1042 eique
698 964 797 1026 locum
824 971 992 1043 praestans,
1021 963 1186 1043 cujusmodi
1208 982 1313 1042 corpus
1342 982 1402 1026 non
1430 972 1488 1041 est,
1522 969 1601 1027 certe
1631 963 1796 1043 Ιςιιοηιπ,

437 1061 466 1114 et
492 1055 517 1112 si
545 1059 636 1128 esset,
668 1053 782 1115 eoelum
811 1055 842 1112 in
865 1070 901 1114 eo
929 1053 972 1114 sie
994 1051 1177 1128 volveretur,
1209 1056 1286 1114 sicut
1310 1053 1373 1131 iam
1395 1052 1577 1130 cheruisus
1605 1049 1679 1113 dicit
1711 1048 1796 1112 vulsi

387 1160 393 1175 “
435 1140 556 1202 Terram
578 1141 609 1199 in
632 1140 725 1216 coelo,
748 1157 807 1201 nou
830 1158 905 1218 opus
928 1141 1040 1201 babens
1063 1140 1102 1201 ad
1125 1140 1183 1202 boc
1205 1157 1325 1218 corpore
1348 1141 1493 1203 exteriori.
1522 1160 1527 1169 ·

523 1227 638 1289 Deinde
661 1236 694 1287 ut
716 1229 902 1288 vastissimae
925 1227 1078 1289 machinae
1100 1226 1268 1290 mundanae
1289 1236 1388 1290 motus
1410 1229 1459 1289 vel
1474 1232 1661 1303 comparetur
1683 1220 1796 1285 adall-

436 1314 515 1393 qucd
539 1318 703 1393 quiescens,
726 1316 775 1377 vel
799 1317 937 1376 innitatur
959 1314 1047 1376 alicui
1071 1317 1246 1392 quiescenti,
1270 1323 1385 1394 oportet
1407 1332 1472 1377 esse
1493 1314 1718 1393 proportionem
1740 1328 1795 1391 sp-

436 1414 496 1463 tam
529 1405 604 1464 inter
632 1401 742 1463 mobile
776 1411 806 1464 et
832 1406 996 1481 quiescens.
1039 1402 1144 1463 Terrra
1171 1420 1242 1464 vero
1275 1411 1409 1482 respectu
1439 1402 1515 1464 coeli
1544 1400 1795 1463 contentissime

441 1490 580 1551 exilitatis
602 1497 633 1551 et
653 1492 754 1568 puncti
777 1491 868 1552 instar
889 1496 943 1552 est.

523 1576 569 1638 11.
601 1578 662 1638 Dic
684 1586 903 1655 urqrsnrentum
925 1595 947 1636 u
968 1584 1068 1637 medeas
1089 1577 1247 1637 ostentate.
1292 1576 1489 1639 Verisimllius
1511 1583 1571 1652 est,
1598 1580 1739 1635 murem
1764 1574 1795 1635 Ιι

432 1683 526 1744 parva
547 1664 665 1726 Tellure
694 1672 806 1725 motum
828 1665 989 1742 exprimere
1010 1666 1263 1740 proportionatum
1286 1674 1316 1726 ct
1337 1682 1477 1743 parvum,
1511 1680 1601 1741 quam
1628 1664 1662 1723 ln
1684 1660 1795 1723 vastis·

435 1756 511 1813 simo
535 1752 619 1813 coelo
642 1760 755 1813 motum
777 1751 985 1812 incredibiliter
1008 1751 1133 1812 celerem
1156 1759 1185 1812 ct
1213 1753 1263 1828 qui
1286 1753 1435 1814 celeritate
1458 1754 1630 1813 vastitatem
1653 1751 1797 1811 imum

433 1842 546 1902 ratione
568 1847 697 1917 superet.
742 1840 818 1901 Nam
840 1857 907 1899 curn
930 1845 1027 1899 motus
1042 1840 1082 1898 sit
1102 1856 1150 1899 res
1164 1841 1351 1915 geometrica,
1374 1857 1433 1901 nou
1449 1840 1546 1899 minus
1569 1854 1661 1916 quem
1674 1836 1794 1915 mapi-

433 1927 515 2004 tudo,
538 1929 653 2003 magnis
676 1930 765 2005 igitur
788 1926 919 2002 tarditas,
942 1928 1042 2004 parvis
1065 1925 1200 1988 celeritas
1222 1927 1396 2004 respondet,
1417 1944 1477 1988 non
1500 1927 1650 2001 vicissim,
1673 1933 1709 1985 ut
1730 1922 1793 1985 db·

433 2017 525 2077 cimas
544 2017 576 2077 in
590 2015 786 2075 Harmonicis.
831 2013 902 2075 Janr
923 2017 949 2073 ai
971 2013 1107 2075 maehina
1129 2012 1231 2073 mundi
1253 2019 1330 2076 cirea
1345 2014 1493 2076 Tellurem
1508 2012 1689 2086 volveretur,
1713 2018 1796 2073 tants

436 2103 532 2165 moles
554 2110 599 2162 tot
620 2101 758 2177 siderum,
786 2100 878 2162 Terra
899 2099 1000 2161 multia
1021 2101 1155 2178 partibus
1177 2101 1331 2177 maJorum,
1354 2110 1400 2162 tot
1421 2102 1537 2162 orbium
1559 2101 1795 2161 vastissimum

434 2191 605 2252 volveretur
626 2192 656 2248 in
678 2206 737 2249 uno
759 2189 849 2249 borae
872 2191 983 2248 minuto
1005 2206 1058 2265 per
1081 2189 1296 2266 qninquaginta
1317 2189 1419 2265 millia,
1442 2207 1495 2250 seu
1517 2191 1549 2249 lu
1571 2205 1632 2249 una
1646 2186 1725 2249 bora
1745 2202 1796 2265 pes

433 2279 531 2340 tricies
554 2283 677 2340 centena
698 2276 792 2336 millia
814 2274 981 2336 milliarium
1004 2275 1263 2352 Germanicorum,
1291 2276 1437 2338 sideribus
1459 2276 1595 2337 omnibus
1616 2282 1681 2335 tam
1704 2274 1796 2337 vasta

437 2366 474 2427 de
497 2364 562 2425 loco
585 2363 734 2425 inlocum
757 2365 894 2425 continue
917 2362 1075 2424 translatis.
1121 2364 1158 2424 Et
1179 2363 1237 2423 hoe
1257 2362 1481 2443 intelligendum
1503 2364 1540 2426 de
1554 2362 1796 2442 ,contumationes

436 2452 539 2512 mundi
561 2450 741 2530 Tycbonica,
766 2469 841 2529 quae
864 2450 987 2511 multum
1008 2451 1098 2511 babet
1121 2451 1273 2511 affinitatis
1295 2470 1362 2513 eam
1378 2452 1595 2530 Copemicaua3
1617 2452 1650 2510 in
1673 2452 1797 2528 antique

370 2585 374 2595 .
434 2557 504 2602 vero
532 2538 717 2601 Ptolemaiea
747 2549 780 2601 ut
809 2539 935 2600 mundus
956 2539 1066 2616 major,
1097 2540 1141 2598 sic
1170 2536 1303 2599 celeritas
1333 2540 1408 2601 baec
1437 2546 1483 2602 est
1512 2538 1605 2601 multo
1627 2535 1731 2601 adbuc
1750 2536 1797 2599 ln-

434 2626 611 2689 credibilior.

520 2713 608 2775 Atei
630 2712 732 2774 Tellus
754 2713 896 2793 volvitur,
918 2720 988 2773 tunc
1009 2728 1106 2790 neque
1128 2710 1226 2772 locum
1249 2729 1335 2773 sunm
1358 2700 1462 2794 (cauea
1477 2714 1597 2792 quidem
1619 2702 1797 2793 pumt‘na·

435 2809 492 2876 tus,
515 2802 545 2860 iu
567 2818 626 2877 quo
648 2818 726 2861 nune
749 2798 909 2881 versamur)
932 2799 1050 2875 desem,
1073 2797 1126 2861 sed
1141 2801 1217 2861 intra
1239 2800 1321 2860 illum
1343 2803 1530 2875 recontinet,
1553 2794 1706 2863 suitinens
1726 2818 1797 2881 par·

435 2888 542 2951 ticulas
572 2891 617 2948 sui
646 2890 774 2966 eorporis
805 2891 1018 2949 circumeuntes
1047 2894 1076 2947 et
1098 2895 1196 2964 partes
1226 2888 1290 2964 ejus
1312 2905 1373 2965 quo
1396 2890 1552 2951 viciniores
1575 2890 1626 2949 axi
1647 2887 1708 2951 bue
1729 2898 1798 2953 snt

435 2978 527 3054 quieti
549 2977 717 3055 propiorcs3
748 2975 875 3053 denique
897 2984 996 3054 partes
1018 2977 1154 3049 extimae,
1178 2973 1247 3036 illae
1270 2975 1403 3052 quidem,
1426 2993 1506 3053 quae
1526 2982 1662 3037 rotantur
1683 2979 1717 3037 iu
1739 2979 1798 3041 eir·

436 3064 502 3125 culo
526 3066 655 3124 omnium
678 3065 806 3123 marimo
830 3063 1012 3141 interpolas
1034 3062 1147 3135 medio,
1176 3064 1206 3120 in
1228 3078 1287 3122 uno
1309 3061 1401 3124 borae
1431 3066 1545 3125 minuto
1566 3074 1727 3127 moventur
1747 3082 1798 3146 pes

438 3154 567 3230 spatium
590 3169 650 3212 non
672 3151 814 3213 tredecies
836 3160 888 3211 aut
911 3154 1003 3212 vicies
1024 3150 1211 3210 millesimum
1233 3145 1322 3228 spatii
1343 3153 1459 3229 prioris,
1481 3171 1534 3231 per
1556 3151 1636 3230 quod
1655 3156 1798 3216 extima·

440 3239 555 3300 eoelum
578 3240 702 3299 transire
725 3238 890 3314 debuissem
912 3241 1048 3299 nimirum
1072 3241 1090 3298 3
1108 3240 1139 3296 iu
1162 3255 1220 3298 uno
1237 3240 1349 3298 minuto
1371 3238 1509 3301 milliaria
1523 3239 1711 3302 transvolant

436 3325 590 3407 dodrante,
614 3327 676 3385 225
700 3328 728 3384 in
753 3343 812 3386 una
833 3326 915 3385 bora

522 3414 577 3473 Est
599 3414 764 3473 temenitis
785 3417 877 3473 mom
892 3421 993 3473 metus
1014 3411 1104 3472 vulda
1118 3410 1256 3488 rupidus.
1287 3411 1351 3472 lmo
1380 3411 1407 3491 l)
1432 3410 1483 3476 ubi
1502 3413 1681 3490 celerrimus,
1706 3415 1798 3498 duplo

437 3499 548 3560 tardior
570 3508 614 3562 eat
636 3508 718 3561 motu
740 3500 859 3574 Lunae,
887 3509 920 3560 ot
942 3517 1019 3578 quae
1041 3500 1142 3560 orbem
1166 3496 1246 3558 60ιΙο
1269 3499 1409 3576 majorem
1433 3499 1514 3562 30⁹¹⁰
1536 3502 1642 3564 saltem
1665 3512 1798 3584 tempere

434 3595 579 3665 peragrat
609 3588 646 3646 Et
669 3590 712 3649 sie
727 3590 756 3647 in
772 3590 960 3666 proportione
982 3586 1104 3665 pulchre
1127 3585 1285 3663 respondet
1306 3589 1494 3651 coelestibus.
1525 3589 1557 3668 2)
1579 3591 1648 3651 Non
1671 3593 1797 3656 multu

435 3682 555 3753 saporat
576 3674 680 3752 rapida
702 3676 760 3734 ista
783 3675 916 3736 celeritas
939 3675 1075 3752 exempla
1096 3681 1230 3734 motuum
1252 3674 1357 3748 obvia,
1386 3679 1411 3736 si
1435 3679 1670 3739 circumstantias
1692 3697 1800 3758 pem

436 3765 669 3824 circumstantiis.
730 3762 904 3823 Maestlinus
936 3763 1069 3823 volatum
1102 3762 1226 3821 nubium
1258 3762 1408 3839 producit,
1445 3764 1601 3841 aequalem
1636 3765 1797 3832 celeritate.

436 3849 639 3928 Landgravius
660 3857 690 3910 et
704 3850 837 3911 Brahens
859 3853 952 3911 mensi
976 3859 1045 3910 sant
1067 3858 1192 3927 tempus,
1217 3848 1297 3925 quod
1320 3851 1431 3911 interes
1452 3850 1569 3926 labitur,
1595 3851 1666 3914 dum
1688 3855 1797 3933 globus

435 3955 560 4014 magnus
582 3935 789 3999 bombardieus
814 3939 844 3996 vi
866 3939 978 4015 ignium
1002 3946 1138 3998 exuusus
1162 3936 1326 3996 transvolat
1355 3943 1541 4015 pereiram,
1572 3943 1749 4020 priusquam
1770 3945 1799 4004 h

435 4032 539 4085 tanam
561 4027 726 4102 impingat;
748 4026 777 4083 id
801 4024 1053 4102 deprehenderant
1076 4024 1166 4083 duum
1188 4026 1384 4099 minutorum,
1411 4028 1540 4104 spatium
1562 4029 1707 4105 trajectus
1730 4029 1799 4092 mll-

436 4113 511 4173 liare
541 4129 680 4190 magnum
711 4111 926 4174 Germanicum.
946 4108 984 4187 ¹⁶)
1029 4112 1128 4171 Locus
1156 4112 1244 4187 igitur
1273 4109 1380 4187 aliquis
1410 4113 1465 4173 sub
1493 4123 1653 4192 aequatore
1683 4120 1799 4180 ratium

436 4206 534 4259 mutua
556 4201 641 4277 primi
663 4217 723 4259 non
745 4209 790 4260 est
812 4201 869 4257 nisi
890 4197 1027 4276 septuplo
1050 4197 1100 4258 vel
1122 4197 1240 4275 octuplo
1256 4197 1378 4260 celerior
1399 4199 1490 4275 globo
1507 4201 1717 4282 bombardicc;
1740 4209 1799 4268 imo

435 4289 485 4345 vix
515 4285 636 4346 celerior
666 4295 710 4348 est
737 4287 881 4366 principio
912 4292 1013 4345 motus
1043 4283 1181 4358 violenti,
1213 4302 1280 4345 enm
1307 4285 1414 4362 globus
1445 4304 1546 4349 recens
1579 4290 1721 4358 etlstnla
1742 4291 1799 4355 tait

436 4374 560 4449 ejectum
585 4391 654 4433 narn
678 4377 711 4448 is,
735 4391 795 4451 quo
817 4374 937 4450 propior
959 4374 1050 4446 casui,
1074 4372 1131 4433 boc
1152 4372 1186 4431 fit
1208 4371 1327 4435 tardior.
1362 4374 1453 4452 Atqui
1477 4392 1551 4436 aura
1572 4377 1725 4457 aetherea,
1747 4397 1801 4460 pu

435 4477 525 4537 quam
557 4462 687 4521 teruntur
717 4461 792 4538 juga
824 4461 966 4519 montium
1001 4459 1159 4533 altissima,
1191 4476 1250 4520 non
1281 4466 1393 4521 tantum
1424 4462 1561 4540 octuplo,
1591 4464 1645 4525 sed
1677 4467 1800 4530 indultis

436 4547 645 4625 propemodum
678 4549 793 4609 ricibus
826 4553 872 4607 est
903 4549 1017 4607 tenuior
1047 4552 1132 4619 aire,
1165 4564 1217 4624 per
1248 4564 1334 4623 quem
1367 4548 1473 4625 globus
1505 4550 1664 4627 plumbeus
1698 4555 1798 4616 iertur.

435 4635 528 4711 igitar
542 4635 675 4712 plurimis
698 4636 813 4696 vicibus
829 4633 1012 4710 tranquillior
1027 4644 1072 4695 est
1087 4633 1286 4695 transvolutas
1297 4636 1436 4712 jugorum
1458 4654 1511 4714 per
1524 4638 1685 4713 aetherem,
1709 4659 1800 4720 quan

436 4722 516 4796 globi
540 4723 623 4783 terrei
646 4739 697 4800 per
720 4727 827 4782 airam.
862 4722 976 4782 Deinde
998 4723 1104 4798 globus
1129 4721 1165 4781 de
1187 4722 1253 4782 loco
1269 4724 1299 4780 in
1320 4724 1419 4783 locum
1442 4725 1614 4786 transfertur
1635 4737 1729 4804 totus,
1752 4737 1801 4791 st·

436 4819 532 4870 terens
555 4814 650 4870 airam
674 4811 860 4870 circumcirca
887 4807 1016 4886 undique
1048 4820 1076 4870 et
1106 4811 1193 4886 qnasi
1219 4809 1369 4870 terebrans
1398 4811 1633 4891 exhauriensque
1661 4824 1734 4894 post
1755 4835 1799 4892 ss,

435 4895 608 4973 protrudena
632 4905 700 4956 ante
723 4914 770 4972 se3
793 4896 860 4956 loca
882 4897 1045 4972 superficiei
1067 4896 1175 4957 Terrae
1196 4895 1344 4958 radicibus
1366 4897 1505 4973 haerent,
1533 4910 1633 4978 partes
1655 4907 1723 4979 toti,
1746 4921 1802 4968 nes

437 4983 527 5043 ullam
549 4985 609 5042 virn
633 4984 758 5043 inierunt
781 4982 949 5060 superfusae
972 5000 1061 5043 aurae
1084 4984 1254 5058 aethereae,
1283 4993 1315 5044 ιιι
1338 5003 1426 5063 quam
1448 4987 1516 5048 loco
1538 5005 1595 5049 suo
1610 5005 1671 5051 non
1693 4991 1800 5072 erpel-

436 5071 508 5144 lunt,
532 5071 703 5147 praesertim
725 5069 791 5131 loee
813 5069 1016 5146 profundiora,
1040 5087 1093 5131 nec
1115 5071 1260 5147 undique,
1290 5073 1342 5133 sed
1366 5074 1568 5135 tantummodo
1590 5094 1709 5139 sursum
1732 5097 1800 5144 sn

436 5165 572 5218 atterunt.
618 5156 726 5217 Tertio.
773 5155 860 5233 Quod
882 5164 971 5232 eaput
993 5164 1038 5217 est
1060 5159 1111 5231 rei,
1134 5158 1241 5235 globus
1263 5159 1419 5236 plumbeus
1441 5164 1470 5220 vi
1494 5166 1652 5240 gravitatis
1672 5167 1801 5230 nubitur

436 5246 552 5306 interim
567 5252 650 5308 extra
671 5243 780 5309 lineam
794 5250 891 5305 motus
914 5245 961 5305 sni
976 5243 1097 5309 violenti
1120 5244 1257 5309 danuam
1272 5263 1375 5310 versus
1397 5257 1530 5314 centrum
1544 5251 1675 5333 Terrasq
1696 5263 1800 5338 partes
