4459 6275
450 781 513 840 cac
932 771 1313 841 oeramsuuuupnun.

344 1021 349 1031 Ι
445 951 615 1028 disponam,
647 967 736 1026 qnam
766 951 797 1007 in
826 958 877 1009 tua
904 955 1051 1027 potestate
1082 951 1130 1009 sit.
1177 948 1328 1027 Quidquid
1355 957 1454 1011 tamen
1484 951 1555 1025 erit,
1581 949 1649 1025 ‚tuo
1679 967 1745 1010 mco
1767 951 1797 1010 ad

445 1047 543 1099 actum
565 1039 725 1114 magisterii
748 1035 931 1097 commodum
955 1037 1103 1110 obveniet,
1127 1036 1183 1096 hac
1205 1038 1300 1098 solum
1324 1040 1469 1111 cautione,
1494 1055 1588 1115 quarn
1610 1045 1641 1099 te
1666 1055 1753 1116 rogo:
1773 1049 1799 1097 at

444 1143 505 1186 non
531 1128 594 1186 sine
618 1141 760 1184 consensu
784 1125 861 1185 tiliae
884 1143 981 1196 meae,
1015 1142 1091 1199 quae
1115 1124 1235 1185 Durlaci
1260 1135 1316 1199 est,
1346 1124 1513 1201 'l'ubingam
1536 1128 1657 1199 mittas,
1687 1129 1715 1185 si
1735 1127 1799 1185 torte

445 1212 626 1274 commodius
648 1210 814 1288 Tubinganr
837 1213 991 1273 transferre
1013 1214 1109 1287 possis
1133 1219 1221 1286 recta,
1244 1230 1334 1288 quam
1356 1230 1407 1291 per
1429 1212 1637 1273 Durlacbium.

531 1300 644 1359 [literas
673 1299 709 1358 ad
728 1299 829 1371 ‚filiam
857 1300 889 1377 (a
918 1318 986 1376 qua,
1007 1297 1057 1357 diu
1085 1305 1130 1359 est
1158 1316 1224 1359 curu
1253 1300 1366 1378 accepi)
1397 1300 1519 1377 adjunxi
1542 1299 1593 1361 bis
1615 1300 1799 1377 Noribergsn

444 1386 641 1465 deportandas
665 1385 791 1462 dedique
819 1389 969 1463 negotium
991 1385 1192 1464 Eclreprechto
1214 1387 1280 1447 me'o
1303 1388 1363 1467 ibi,
1391 1396 1423 1447 ut
1444 1388 1494 1447 vel
1517 1390 1586 1468 ipse
1607 1392 1711 1449 mittat
1731 1388 1800 1447 Dur·

443 1475 548 1549 lacurn,
572 1474 621 1533 vei
644 1477 673 1531 in
695 1473 783 1534 basce
806 1475 844 1533 ad
867 1483 895 1534 te
918 1481 1085 1552 spectantes
1108 1476 1217 1533 inserat
1233 1518 1240 1533 .
1257 1519 1266 1535 .
1284 1517 1339 1538 ...
1373 1475 1457 1550 Vale,
1481 1474 1549 1535 Deo
1574 1476 1799 1536 commendatur.

444 1562 561 1622 Dabam
584 1560 695 1638 Sagani
717 1569 806 1639 postr.
831 1561 892 1621 Cal.
917 1561 1004 1621 Mart.
1029 1559 1117 1639 Grog.
1140 1563 1210 1620 anni
1236 1563 1329 1621 1629.

528 1648 673 1725 Keplerus
697 1649 881 1726 Berneggero
913 1649 944 1709 S.
967 1647 1002 1708 P.
1026 1648 1064 1707 D.
1110 1646 1277 1709 Clarissima
1300 1648 1367 1727 Vir,
1406 1647 1521 1708 Malum
1552 1650 1683 1727 aliquod
1709 1650 1801 1711 videa

442 1736 625 1808 subodorari,
649 1735 865 1797 Eckebreentus
889 1754 980 1809 meus,
1005 1737 1078 1795 ciris
1101 1735 1339 1813 Noribergensis,
1368 1734 1406 1794 ad
1429 1753 1516 1811 quem
1541 1741 1645 1798 omnia
1669 1755 1737 1799 rnea
1757 1756 1802 1798 ne·

441 1827 523 1902 gotia
544 1824 652 1898 remisi,
676 1842 693 1883 a
718 1826 736 1882 2
760 1824 911 1884 mensibus
934 1821 1006 1882 nibil
1028 1823 1138 1883 scribit.
1184 1822 1232 1882 lid
1255 1823 1337 1882 illum
1352 1823 1418 1881 misi
1439 1823 1541 1882 literas
1557 1823 1599 1883 ad
1622 1836 1654 1886 te
1670 1834 1700 1885 et
1723 1826 1801 1887 olim

442 1929 536 1973 meam
559 1918 627 1971 ante
652 1913 670 1969 2
694 1929 825 1985 menses,
850 1913 916 1972 misi
945 1912 1055 1971 anted
1088 1912 1268 1986 septimanas
1291 1909 1422 1969 Giirlicio
1450 1907 1562 1970 alteras
1596 1930 1667 1973 cum
1699 1914 1801 1973 inclusa

442 1999 569 2076 epistola
590 1997 629 2058 ad
651 1996 847 2074 Bartschium,
871 1999 907 2058 de
930 2015 988 2076 quo
1012 1997 1105 2057 multa
1128 2001 1263 2074 quaesivi
1287 2015 1323 2058 ex
1346 2004 1383 2056 te.
1428 1996 1507 2073 Ergo
1526 1998 1593 2075 jam
1613 2002 1726 2061 anxius
1747 2019 1801 2061 sun

441 2086 477 2146 dc
501 2086 637 2146 omnibus
660 2086 746 2144 rebus
770 2088 859 2160 meis,
884 2085 920 2145 da
943 2085 1136 2145 Lincensibus
1160 2085 1283 2157 debitis,
1313 2084 1349 2144 de
1372 2084 1593 2161 exemplaribus
1616 2087 1801 2167 Tabularum,

442 2174 478 2234 de
502 2191 611 2249 mappa
634 2175 761 2247 nautica,
786 2190 844 2249 quo
868 2177 985 2234 nomine
1009 2174 1098 2233 babet
1122 2191 1139 2231 a
1160 2190 1207 2235 me
1235 2173 1295 2232 120
1311 2173 1383 2242 tior,
1407 2170 1443 2231 de
1458 2171 1529 2245 filia,
1555 2171 1594 2234 de
1617 2182 1661 2250 te,
1686 2176 1801 2236 deami-

439 2263 480 2321 cis
503 2259 700 2321 Ulmensibus.
746 2256 830 2336 Rogo
853 2260 952 2320 literas
975 2263 1176 2338 responsorias
1200 2251 1332 2320 includas
1355 2257 1393 2317 ad
1421 2257 1472 2317 Jo.
1495 2260 1656 2338 Sibcrnm,
1688 2267 1800 2341 magist·

440 2366 504 2408 rum
527 2354 677 2425 poetarum
700 2346 883 2424 Lipsiensem
901 2390 1005 2407 .....
1040 2348 1078 2405 D.
1102 2346 1211 2422 Sagani
1239 2347 1340 2417 lateo.
1366 2346 1435 2422 Apr.
1463 2348 1560 2407 1629.

375 2428 378 2441 '
542 2430 618 2485 Haec
637 2435 714 2487 sunt.
733 2445 804 2498 quae
822 2430 957 2500 Keplerus
976 2446 1036 2485 cunr
1055 2429 1225 2498 Berneggero
1244 2430 1299 2497 egit
1317 2427 1350 2482 de
1368 2427 1480 2483 Tabulis
1499 2430 1701 2501 Rndolpbinia.
1736 2432 1800 2500 Quae

439 2511 545 2561 restant
562 2506 695 2577 epistolae
713 2520 763 2560 nec
781 2522 835 2561 non
855 2507 1005 2576 quaedam,
1025 2522 1095 2574 quae
1113 2507 1158 2561 bic
1177 2522 1192 2560 e
1209 2506 1365 2576 praemissis
1384 2505 1508 2575 epistolis
1527 2509 1686 2564 omittenda
1705 2511 1799 2565 censui

439 2600 511 2649 mus,
534 2584 672 2653 pertinent
689 2584 788 2652 partim
807 2586 841 2639 ad
860 2585 960 2640 librum
977 2583 1214 2654 mathematicum,
1240 2599 1321 2652 quern
1346 2581 1428 2638 edere
1453 2583 1482 2636 in
1499 2592 1596 2640 rnente
1621 2586 1721 2643 babuit
1737 2588 1799 2657 liep

439 2664 521 2736 lerus,
539 2663 637 2734 partim
656 2663 690 2718 ad
709 2679 752 2717 res
772 2664 942 2731 domesticas,
961 2665 1031 2718 ritae
1050 2663 1162 2732 Kepleri
1180 2660 1351 2716 reservanda.

544 2740 686 2797 Volumine
699 2742 731 2796 V.
747 2759 772 2810 p.
786 2743 828 2797 46.
849 2742 973 2811 dixinlus,
993 2756 1138 2810 superesse
1156 2739 1287 2810 epistolas
1300 2739 1411 2808 Kepleri
1429 2738 1464 2793 ed
1482 2740 1527 2795 W.
1549 2741 1797 2801 Schickardnn

440 2821 531 2884 datas,
555 2835 622 2887 quae
645 2819 762 2874 maxima
785 2835 819 2874 ex
842 2828 920 2888 parte
943 2827 1039 2889 typum
1061 2818 1227 2874 Tabularum
1250 2816 1486 2885 Rndolphinarum
1509 2820 1667 2889 attineant,
1697 2839 1797 2893 respar-

439 2898 529 2953 siones
548 2914 611 2952 vero
625 2896 784 2953 Schiclrardi
797 2896 954 2952 desiderari.
991 2896 1130 2965 Epistulas
1148 2897 1199 2951 has
1211 2896 1368 2965 praemissis
1386 2896 1586 2969 subjungimus,
1605 2916 1671 2955 cnm
1683 2919 1718 2957 ex
1728 2912 1798 2973 parte

439 2976 549 3046 quidem
565 2974 619 3031 illis
637 2976 726 3032 luceru
745 2975 880 3044 quandam
899 2974 1023 3030 afferant.
1059 2974 1149 3028 Prima
1167 2973 1274 3029 illarum
1292 2971 1423 3042 inscripta
1441 2982 1499 3030 est:

599 3105 777 3166 Clarissimo
798 3103 880 3172 Viro,
907 3102 946 3163 D.
978 3101 1026 3161 W.
1050 3100 1242 3176 Scbtclrardo,
1267 3100 1409 3177 Linguae
1427 3100 1562 3162 δαηααι
1578 3104 1751 3186 Prasmori
1768 3112 1796 3168 r‘s

700 3192 866 3250 Academia
895 3189 1094 3265 Tabinperrai,
1120 3190 1160 3248 D.
1180 3192 1286 3250 Amico
1308 3197 1337 3248 ct
1357 3189 1469 3264 bospiti
1490 3208 1559 3251 mco
1581 3193 1766 3258 charisrimi).

526 3297 556 3356 S.
582 3296 614 3355 P.
640 3296 678 3355 D.
724 3294 807 3369 Quae
830 3296 877 3354 hic
900 3304 1050 3371 gerantur,
1082 3293 1171 3353 velim
1203 3294 1288 3353 vobis
1319 3293 1452 3352 omuibus
1483 3299 1706 3369 spectatoribus
1733 3305 1794 3376 geri,

440 3392 472 3444 ut
494 3386 608 3443 animos
631 3383 668 3442 ad
691 3382 794 3442 cadom
817 3381 981 3442 sufferenda
1003 3383 1198 3458 praeparetis,
1229 3383 1254 3439 si
1282 3380 1401 3458 quando
1430 3388 1458 3440 et
1482 3392 1601 3443 restrae
1627 3388 1795 3447 visitationis

441 3481 556 3547 tempus
580 3473 743 3530 accesserit.
790 3469 820 3529 Si
844 3469 1073 3529 melancholicus
1098 3479 1195 3528 vester
1221 3469 1274 3527 has
1298 3471 1395 3528 tristes
1418 3486 1511 3527 rerum
1535 3472 1686 3549 imagines
1709 3479 1795 3534 auimo

440 3561 591 3633 concepit,
625 3558 742 3617 abunde
767 3557 808 3615 illi
832 3559 886 3616 suit
910 3558 1161 3616 incitanrcutorunr
1185 3557 1222 3614 ad
1245 3566 1366 3615 mortem
1390 3557 1612 3632 capessendam.
1663 3561 1794 3640 blaguum

441 3646 571 3706 lenitatis
594 3654 811 3721 argumentum,
844 3644 924 3721 quod
946 3662 1003 3702 nou
1029 3643 1208 3717 ustulanrur,
1239 3644 1290 3703 scd
1314 3646 1413 3703 vivere
1436 3645 1520 3703 nobis
1544 3644 1634 3721 licet,
1659 3652 1795 3728 siquidem

439 3736 539 3793 vivere
557 3732 626 3791 licet
649 3732 699 3804 illi,
725 3736 770 3791 cui
796 3734 873 3791 vitae
889 3731 1057 3791 tolerandae
1081 3732 1214 3790 subsidia
1236 3731 1423 3808 denegantur.
1468 3731 1544 3789 Noni
1567 3737 1701 3813 pupillis,
1725 3741 1795 3815 agri·

439 3820 526 3895 colis,
558 3827 586 3879 et
611 3827 641 3878 ut
665 3821 766 3891 audio,
798 3823 826 3876 in
857 3830 1006 3895 posterum
1036 3821 1124 3877 etiam
1149 3819 1301 3895 opilicibus
1331 3821 1408 3878 exire
1432 3822 1585 3896 pruvincia
1608 3841 1670 3883 uon
1693 3827 1793 3898 licebit

437 3911 494 3967 uisi
519 3926 585 3967 cum
606 3906 723 3982 jactura
745 3916 774 3965 ct
797 3908 939 3967 bonorum
964 3909 1091 3965 oruuium
1123 3915 1151 3964 et
1179 3907 1340 3965 honestatis
1373 3909 1448 3965 intra
1470 3906 1590 3983 quidem
1614 3917 1793 3986 provincias:

436 4012 504 4055 naru
534 3995 612 4053 lama
645 3995 714 4053 ioris
742 3997 832 4069 premi
862 4012 919 4053 non
952 3997 1066 4071 poterit.
1112 3993 1196 4054 Haec
1227 3994 1262 4052 de
1285 4011 1331 4053 mc
1353 3997 1487 4071 meisque
1511 3995 1591 4056 dicta
1614 4000 1704 4074 nolu,
1733 4019 1792 4060 narn

439 4083 536 4142 adhuc
558 4081 629 4139 mihi
653 4082 707 4139 irui
732 4081 800 4139 licet
824 4083 977 4158 privilegio
1002 4082 1178 4140 conditionis
1202 4082 1324 4141 aulicae.

526 4171 667 4228 Curiosus
690 4167 806 4244 aliquis,
831 4171 939 4228 Fanrao
963 4168 1056 4243 lilius,
1088 4173 1272 4227 immaturam
1295 4171 1402 4246 sparsit
1425 4169 1530 4228 lamam
1558 4171 1594 4230 de
1621 4173 1707 4234 libris
1729 4179 1792 4234 meis

441 4257 683 4331 circumscriptis:
716 4273 859 4330 quaeres
883 4260 936 4315 etsi
959 4275 1006 4316 me
1029 4261 1057 4314 in
1082 4257 1276 4317 sollicitudine
1301 4259 1466 4329 constituit,
1490 4258 1621 4318 sciebam
1649 4265 1791 4321 tamenin

436 4344 620 4403 umbratilem
649 4343 766 4418 plagam
797 4341 962 4402 desituram.
1018 4343 1137 4403 Scilicet
1168 4345 1325 4403 etiamnum
1354 4344 1508 4419 obsignata
1540 4356 1586 4404 cst
1616 4350 1790 4410 bibliotheca

437 4419 659 4489 mea'interdiu.
707 4428 765 4488 Sed
789 4431 861 4488 lracc
884 4435 972 4489 missa
995 4433 1144 4490 iaciamus.

522 4518 679 4577 Discessus
701 4525 894 4577 mercatorum
909 4536 954 4578 me
978 4519 1013 4577 dc
1030 4520 1216 4579 collectaneis
1238 4519 1384 4579 nonnullis
1400 4519 1561 4592 admonuit,
1586 4540 1667 4597 quac
1689 4524 1788 4583 dudurn

435 4602 471 4662 ad
502 4611 530 4662 te
558 4606 735 4682 perscribere
769 4606 927 4665 meditatus
958 4625 1034 4664 sum:
1070 4626 1105 4667 ca
1143 4608 1198 4666 hac
1230 4610 1293 4667 vice
1323 4608 1469 4683 perscribo
1499 4625 1654 4685 rogoque,
1689 4621 1720 4671 ut
1746 4630 1788 4672 rr·

434 4691 589 4767 spondeas.

526 4776 553 4856 1)
583 4780 616 4836 ln
640 4778 691 4836 iila
714 4780 882 4839 circuitione
908 4780 1029 4839 Veneris
1053 4783 1128 4839 circa
1151 4782 1269 4857 gibbam
1292 4781 1393 4840 Lunae
1417 4783 1543 4859 speciem
1568 4801 1697 4859 quaero,
1728 4803 1785 4844 carn

436 4865 600 4925 occiderent
622 4865 758 4941 planetae
779 4868 935 4943 conjuncti,
960 4868 1100 4944 quantulo
1124 4871 1219 4946 spatio
1236 4869 1336 4926 Venus
1358 4872 1549 4944 praecesserit
1567 4871 1672 4933 Lunae
1694 4875 1785 4950 prori-

433 4971 511 5011 mum
535 4954 703 5030 marginem,
728 4958 945 5028 comparatione
961 4954 998 5014 ad
1016 4956 1195 5015 diametrum
1220 4958 1346 5032 corporis
1362 4956 1464 5017 Lunae
1487 4959 1564 5017 inter
1586 4975 1699 5020 cornua
1720 4961 1784 5020 dut·

434 5041 516 5098 tarn?
548 5042 584 5099 Et
607 5057 682 5099 anne
705 5044 891 5116 spectaveris,
917 5060 1009 5119 usque
1033 5043 1099 5102 dum
1124 5044 1349 5103 occumberent?

520 5131 553 5192 ‘lt
584 5129 630 5186 Aa
653 5131 800 5203 acceperis
824 5130 1056 5208 Hyperaspistcu
1079 5139 1107 5191 et
1138 5134 1291 5212 pecuniam
1316 5131 1534 5192 Frankoiurto‘?
1568 5134 1695 5209 (Scribit
1716 5153 1780 5197 con·

432 5220 475 5270 tra
499 5232 544 5274 rue
567 5215 783 5276 claramontius
805 5215 941 5292 Romae.)
