4459 6275
892 795 975 850 Liber
991 795 1109 852 Tertius.
1146 794 1215 851 Pars
1232 794 1333 853 Tertia.
1728 804 1791 865 ibt

439 970 603 1032 doctrinam
614 971 773 1032 theoricam
797 971 844 1032 vel
867 990 904 1032 ax
927 970 1112 1049 ephemeride
1134 971 1348 1049 inquirendum,
1372 991 1461 1051 qnam
1473 974 1523 1036 din
1538 975 1590 1037 Sol
1612 978 1640 1036 in
1663 992 1733 1037 men
1747 979 1794 1035 in·

438 1069 528 1120 santo
551 1060 722 1119 commorari
747 1059 889 1133 videatur,
912 1060 1024 1119 iaciens
1047 1058 1125 1118 diem
1148 1060 1196 1119 vel
1218 1068 1333 1119 noctem
1346 1064 1533 1139 continuam.

528 1146 668 1207 Edissere
689 1164 774 1207 nunc
795 1149 975 1206 oometotcm
1006 1146 1126 1205 dierum
1157 1155 1186 1206 et
1210 1142 1345 1208 numani
1368 1150 1576 1226 nruflciclium
1602 1167 1661 1226 per
1684 1157 1795 1226 septem

436 1233 587 1309 sphaerae
604 1237 732 1309 positus,
753 1241 844 1310 porte
864 1234 998 1293 seeundo
1019 1240 1148 1294 notatus.
1183 1233 1246 1294 Sub
1270 1243 1431 1312 aequatura
1454 1248 1482 1297 et
1505 1239 1543 1296 ab
1566 1237 1617 1297 illu
1639 1254 1733 1313 nsque
1755 1234 1794 1296 ad

440 1331 597 1398 utrumqne
619 1319 749 1399 pulcrem
772 1319 855 1380 nulla
877 1319 940 1381 dies
963 1328 1041 1382 caret
1063 1338 1119 1381 sua
1133 1331 1227 1394 nocte,
1250 1321 1333 1382 nulla
1352 1340 1410 1382 nux
1433 1341 1488 1384 sua
1501 1324 1557 1398 die,
1581 1341 1658 1402 quac
1680 1322 1712 1383 lit
1727 1341 1795 1400 pars

438 1406 501 1468 diei
523 1408 684 1484 naturalls3
706 1406 764 1467 hoc
786 1416 884 1467 tamen
907 1407 1082 1483 discrimine,
1106 1408 1186 1484 quud
1209 1409 1264 1469 sub
1282 1417 1440 1486 aequatura
1461 1410 1580 1488 quidem
1602 1428 1703 1470 omnes
1727 1410 1790 1471 <iias

437 1500 507 1553 sunt
528 1494 669 1572 aequales
690 1497 752 1555 suis
779 1494 946 1570 noctibas,
962 1494 1029 1555 inde
1053 1511 1123 1555 veru
1153 1495 1369 1556 discedentibus
1398 1515 1500 1557 verens
1522 1505 1652 1559 nostrum
1674 1505 1794 1575 septen-

436 1583 562 1641 trionem
590 1584 680 1642 uritur
712 1581 824 1641 dierum
853 1582 1070 1660 inaequalitas,
1102 1567 1145 1641 sic
1168 1590 1200 1641 nt
1223 1582 1304 1642 nulla
1335 1583 1398 1644 dies
1424 1587 1515 1644 totius
1546 1587 1614 1645 anni
1642 1588 1681 1646 sit
1709 1584 1794 1646 alteri
1854 1624 1860 1636 ·

437 1669 581 1746 aequalis,
604 1669 662 1727 nisi
684 1675 798 1729 tantum
821 1669 891 1740 bini,
916 1669 1023 1746 quihus
1049 1666 1101 1729 Sol
1123 1678 1258 1739 yersatnr
1280 1672 1310 1730 in
1332 1673 1448 1747 punctis
1470 1689 1489 1732 a
1510 1671 1659 1731 solstitiali
1681 1679 1791 1749 puncto

436 1755 712 1832 aequidistantibus.
758 1756 873 1815 Etenim
895 1758 1057 1833 progressis
1079 1773 1181 1816 versus
1203 1757 1304 1834 pulum
1329 1757 1392 1818 dies
1421 1760 1527 1818 aestivi
1550 1759 1694 1836 paulatim
1716 1759 1792 1820 inci·

439 1845 524 1920 pinni
546 1860 685 1916 nascere,
707 1852 809 1903 noctes
833 1843 974 1917 contrahi,
998 1844 1127 1903 vicissim
1149 1843 1261 1904 hiberni
1285 1845 1348 1904 dias
1371 1845 1511 1920 contrahi,
1534 1856 1637 1908 noctes
1660 1845 1792 1906 extendi:

437 1932 479 1990 sic
495 1937 528 1990 ut
541 1946 657 2006 semper
672 1947 731 1990 una
753 1929 865 1990 dierum
880 1933 1057 1990 aestivarum
1080 1947 1175 2006 aeque
1190 1931 1308 2008 longam
1331 1931 1440 1994 habeat
1456 1951 1542 1993 unam
1565 1941 1681 1994 noctem
1695 1933 1793 1994 hiber·

436 2034 506 2076 nam
528 2019 657 2094 oppositi
679 2020 796 2093 puncti,
826 2016 875 2076 vel
897 2019 987 2077 etiam
1009 2017 1172 2093 aequaliter
1193 2019 1232 2078 ab
1255 2021 1462 2095 aequinoctiali
1485 2029 1594 2099 puncto
1616 2023 1732 2094 remoti,
1763 2028 1793 2080 et

439 2121 498 2164 nna
519 2120 578 2164 nox
599 2105 716 2164 aestiva
744 2103 821 2164 diem
843 2122 933 2164 unam
956 2103 1121 2176 hibernam,
1153 2105 1222 2165 Sule
1248 2114 1383 2166 versante
1404 2107 1453 2168 sal
1476 2110 1506 2166 in
1530 2111 1666 2185 opposita
1691 2107 1739 2168 vel
1762 2110 1792 2166 in

438 2208 531 2269 aeque
554 2199 667 2252 remota
688 2199 771 2268 parte
794 2208 812 2249 a
835 2200 942 2267 punctu
965 2191 1182 2266 aequinoctiali.
1348 2186 1353 2197 ’

525 2276 606 2338 Oniu
628 2296 699 2339 vcro
722 2280 967 2338 incrementorum
989 2288 1035 2337 est
1056 2280 1127 2338 ista:
1151 2297 1170 2337 a
1192 2279 1314 2339 brumali
1337 2279 1478 2355 solstitio,
1503 2299 1569 2342 cnm
1593 2282 1655 2343 diss
1678 2283 1793 2342 brevis·

438 2368 537 2438 simus,
560 2364 703 2442 paulatim
719 2366 822 2444 incipit
836 2365 885 2425 lux
909 2382 1037 2425 crescere
1052 2367 1175 2442 primurn
1198 2365 1386 2427 insensilibus
1410 2370 1603 2442 incrementis,
1627 2372 1704 2431 circa
1720 2387 1790 2430 veru

439 2455 657 2529 aequinoctium
688 2453 889 2526 velocissima,
919 2470 1021 2513 versus
1050 2451 1208 2511 solstitium
1241 2455 1387 2514 aestivum
1419 2463 1448 2514 et
1479 2457 1556 2516 diem
1588 2457 1792 2534 longissimam

437 2555 550 2600 rursum
572 2538 795 2600 insensibiliter:
820 2540 889 2599 inde
911 2541 1013 2616 incipit
1035 2538 1112 2598 idem
1136 2538 1207 2600 urdo
1231 2538 1488 2604 decrementorum.

522 2626 615 2686 Porro
644 2625 718 2687 haee
748 2627 910 2686 differentia
937 2625 995 2685 diei
1019 2625 1215 2702 longissimae
1242 2645 1261 2686 a
1288 2628 1463 2688 brevissima
1492 2632 1523 2688 in
1544 2629 1616 2689 lucis
1639 2631 1793 2706 aequaturi

438 2715 542 2774 vicinis
565 2732 669 2792 parum
690 2716 832 2789 sentitur3
862 2713 917 2773 sub
948 2715 1059 2790 tropico
1085 2713 1149 2788 jam
1180 2715 1267 2772 trium
1288 2714 1424 2775 horarum
1448 2723 1510 2790 est,
1544 2725 1626 2776 extra
1648 2719 1792 2794 tropicum

435 2817 540 2877 penes.
559 2817 613 2860 nos
639 2801 703 2878 jam
731 2800 867 2860 horarum
899 2808 982 2876 oeto;
1013 2800 1136 2862 ulterius
1164 2807 1277 2861 tantum
1305 2804 1422 2875 crescit,
1451 2811 1484 2861 nt
1505 2803 1561 2863 sub
1583 2802 1678 2880 pulani
1699 2810 1792 2863 tutam
1850 2824 1854 2831 ¹

435 2888 515 2948 diem
546 2889 711 2948 naturalem
737 2895 891 2949 consumat
923 2903 1041 2966 unaque
1064 2887 1129 2963 jam
1156 2887 1217 2948 dies
1247 2896 1361 2949 aestate
1384 2892 1438 2964 sit,
1471 2906 1548 2966 qnae
1569 2889 1680 2949 nullam
1702 2889 1793 2951 habet

434 2983 561 3048 noctem,
585 2993 645 3035 nna
666 2993 724 3034 nox
747 2976 856 3050 hieme,
888 2992 964 3051 quae
986 2974 1098 3034 nullam
1120 2974 1212 3050 diem3
1239 2993 1307 3035 nam
1330 2975 1381 3036 Sol
1406 2976 1526 3038 dimidiu
1549 2978 1619 3039 urbe
1642 2994 1793 3056 emergens

432 3065 464 3121 ln
488 3064 555 3141 ipsa
578 3061 650 3122 hura
671 3062 803 3122 meridiei
826 3065 924 3122 statim
947 3065 1051 3121 iterum
1073 3079 1105 3122 sc
1129 3063 1238 3122 condit.
1542 3077 1547 3089 ·

522 3150 607 3210 Intra
626 3149 757 3227 pularem
781 3151 839 3210 duo
862 3167 971 3227 genera
994 3150 1106 3211 diemm
1129 3154 1317 3227 noctiumque
1340 3152 1535 3213 artificialium
1557 3154 1789 3229 existuntt'qni·
1909 3197 1914 3216 ,
1938 3130 1940 3139 ¹

432 3236 504 3297 dam
528 3239 605 3297 enim
628 3237 691 3298 ‹lles
721 3244 789 3297 ante
813 3245 931 3313 etpost
953 3239 1140 3319 aequinoctia
1163 3256 1232 3298 suaa
1254 3237 1365 3298 habent
1393 3249 1508 3319 nomes,
1539 3238 1658 3316 qnidam
1691 3247 1792 3301 coena

436 3326 481 3384 eis
506 3330 535 3385 et
558 3324 634 3385 ultra
655 3325 814 3386 solstitium
836 3324 1005 3384 coalescunt
1028 3326 1056 3381 in
1073 3324 1150 3385 diem
1173 3342 1271 3396 unam,
1295 3325 1422 3385 exclusis
1445 3328 1588 3401 nocbbus,
1612 3334 1641 3388 et
1663 3328 1793 3388 vicissim
1835 3333 1837 3338 '

432 3420 539 3471 noctes
561 3411 710 3489 (quaedam¹
732 3414 774 3472 cis
797 3420 827 3472 ct
848 3411 925 3470 ultra
946 3410 1105 3472 solstitium
1128 3412 1251 3472 alterum
1266 3414 1472 3473 continuantur
1494 3414 1603 3474 nullius
1617 3416 1792 3494 interpositu

433 3497 510 3573 dici,
540 3507 723 3576 augeturque
746 3516 883 3560 numerus
906 3497 1017 3558 dierum
1039 3500 1216 3560 naturalium
1239 3502 1268 3558 in
1293 3516 1352 3559 una
1375 3500 1427 3562 tali
1457 3501 1627 3580 prodigiosa
1648 3501 1696 3564 (lia
1725 3519 1792 3564 eum

432 3588 723 3665 appropinquatione
751 3585 788 3645 ad
818 3584 935 3664 polum;
963 3585 1038 3647 adeo
1067 3587 1202 3664 quidem,
1231 3596 1263 3647 ut
1291 3588 1347 3647 snb
1375 3587 1445 3669 pulc
1472 3591 1512 3648 sit
1538 3592 1642 3650 unicus
1664 3590 1790 3668 denique

436 3672 509 3741 dics.
534 3671 642 3734 durans
664 3690 717 3750 per
739 3681 832 3734 tutum
855 3681 1002 3747 semestre,
1026 3691 1083 3734 nux
1100 3674 1202 3734 itidem
1224 3676 1311 3735 unica
1324 3692 1377 3752 per
1398 3684 1537 3738 semestre
1552 3677 1705 3753 reliquum,
1728 3676 1791 3737 dies

436 3759 485 3820 rel
507 3776 567 3819 nux
589 3759 717 3820 naturali
740 3762 856 3821 brevior
878 3759 968 3819 nulla

522 3847 576 3905 Est
599 3857 697 3908 antem
720 3847 776 3907 hoc
798 3847 951 3907 discrimen
975 3848 1003 3904 in
1027 3847 1085 3905 illie
1107 3846 1227 3923 prolixis
1250 3848 1364 3928 dicbus,
1387 3848 1467 3926 qnod
1482 3852 1558 3909 intra
1580 3849 1709 3926 polarem
1724 3865 1791 3909 are·

435 3935 527 3993 ticum
556 3932 614 3995 huc
641 3951 717 4015 aevu
747 3934 895 4011 longiores
924 3941 993 3993 sunt
1025 3934 1088 3994 dies
1121 3936 1168 3992 isti
1197 3938 1328 4015 continui
1351 3938 1458 3997 aestivi
1487 3938 1623 3996 noctibus
1645 3938 1791 3996 continuis

434 4019 582 4095 hibernis,
613 4022 747 4098 adeoque
769 4022 825 4081 sub
852 4023 917 4099 ipsu
940 4021 1009 4097 polo
1039 4022 1102 4081 dies
1133 4021 1252 4081 octiduo
1279 4022 1393 4100 longior
1422 4031 1523 4097 nocte;
1554 4026 1630 4083 intra
1659 4022 1791 4100 polarem

435 4111 628 4168 antarcticum
650 4109 684 4168 fit
706 4110 889 4168 contrarium.
936 4108 1035 4168 Causa
1057 4116 1101 4168 est
1123 4110 1152 4166 in
1175 4117 1257 4170 mutu
1278 4109 1356 4170 Sulis
1378 4109 1505 4171 tardiore
1527 4128 1579 4186 per
1600 4110 1789 4188 hemisphae-

434 4196 508 4254 rium
533 4195 662 4269 bureale,
686 4214 775 4272 quam
798 4212 850 4273 per
871 4196 1009 4270 australe,
1033 4204 1065 4256 ut
1088 4194 1200 4256 dicetur
1222 4199 1252 4255 in
1275 4197 1405 4258 theorica
1428 4197 1567 4258 dochina.

520 4291 628 4353 Probo
657 4292 730 4353 hoec
759 4296 866 4354 omnio
894 4299 922 4351 et
942 4292 1078 4368 stapulo,
1108 4299 1172 4352 tom
1199 4311 1258 4369 per
1285 4294 1419 4356 denrms'
1438 4294 1559 4354 dimum
1583 4295 1788 4368 naturalium,

435 4395 530 4454 quom
547 4398 608 4455 per
628 4385 820 4441 extationes.

528 4469 555 4525 1.
586 4465 672 4541 Quod
694 4469 733 4527 ab
757 4473 917 4543 aequatura
939 4484 1032 4544 usqne
1055 4466 1093 4527 ari
1115 4466 1246 4545 pularem
1269 4466 1350 4528 nulla
1372 4468 1435 4529 dies
1458 4476 1555 4529 canem
1576 4485 1632 4529 sna
1651 4476 1746 4530 nocte.

539 4564 613 4633 Quia
630 4572 724 4621 vertex
742 4573 823 4620 extra
839 4566 961 4636 polarem
978 4573 1029 4635 est,
1048 4566 1128 4636 polus
1146 4566 1231 4634 igitur
1247 4566 1390 4636 eclipticas
1408 4565 1486 4621 nubis
1503 4579 1613 4635 semper
1629 4567 1665 4624 ari
1682 4575 1791 4638 septen·

433 4646 549 4702 trionem
567 4652 624 4714 est,
647 4645 731 4715 igitar
749 4659 843 4699 omnes
860 4652 953 4714 partes
971 4644 1129 4713 eclipticas,
1154 4660 1216 4699 cnm
1235 4645 1263 4699 in
1281 4644 1458 4700 meridianum
1476 4644 1596 4712 veniunt,
1614 4660 1699 4715 snpra
1716 4646 1790 4700 horl-

434 4734 541 4782 soatem
558 4730 632 4793 sunt,
649 4739 733 4794 qnare
751 4723 832 4780 etiam
851 4738 944 4778 omnes
963 4730 1055 4793 partes
1073 4722 1217 4792 oppositae
1229 4723 1281 4777 sub
1298 4722 1440 4778 horizonte
1458 4725 1540 4778 sant'
1567 4722 1691 4779 Omnium
1708 4724 1792 4794 igitur

434 4807 551 4875 partium
567 4801 702 4873 paralleli,
721 4803 773 4857 hoc
792 4809 835 4857 est
853 4816 949 4857 omnes
967 4802 1062 4856 cuculi
1080 4801 1185 4856 dierum
1203 4800 1370 4857 naturalium
1387 4804 1560 4858 secantarab
1572 4802 1722 4870 horizonte,
1741 4815 1790 4855 sen

434 4882 523 4938 omnia
540 4888 645 4952 puncta
662 4881 804 4951 eclipticas
823 4882 948 4941 emuntur
965 4890 993 4937 et
1011 4882 1139 4939 occidunt
1156 4889 1184 4937 et
1202 4882 1250 4938 Sol
1267 4882 1295 4936 in
1313 4883 1347 4937 iis
1365 4881 1499 4944 omnibns.

435 5058 444 5118 Ι
503 4975 554 5077 .²·,
581 4973 668 5049 Quod
697 4974 754 5035 snb
780 4973 876 5050 polani
905 4972 969 5032 dies
991 4973 1164 5049 longissima
1193 4982 1341 5036 exuerent
1363 4975 1392 5032 ln
1425 4972 1513 5034 horas
1536 4976 1592 5050 tt,
1621 4982 1652 5034 nt
1679 4982 1709 5035 at
1731 4991 1789 5035 nux

445 5077 623 5217 ⁰⁰83ss
639 5161 774 5217 verteris
792 5159 914 5231 pularenr
925 5159 1029 5230 incidit,
1047 5159 1129 5231 polus
1141 5162 1225 5231 igitur
1241 5160 1383 5232 eclipticas
1400 5160 1429 5215 in
1441 5163 1571 5217 verticem
1582 5158 1657 5215 venit
1667 5164 1696 5213 et
1707 5158 1790 5230 sclip-

435 5239 489 5295 Μ
509 5246 577 5298 tnnc
597 5240 735 5298 horbonti
754 5242 891 5314 jnngitar,
919 5240 1030 5311 quande
1053 5240 1164 5299 colurus
1189 5242 1370 5300 mittitiornm
1395 5241 1524 5298 winritlit
1546 5254 1608 5295 cnm
1631 5235 1789 5307 meridiano,
