4459 6275
875 811 959 869 niae
975 812 1104 883 quanm
1140 811 1211 870 rna
1227 810 1362 869 manre
1733 816 1797 907 aaa

430 992 530 1069 jecia's
552 994 651 1051 motor
670 989 720 1051 vel
748 991 907 1067 perspiciat
936 991 984 1052 vel
1014 990 1170 1052 efformati
1204 982 1340 1075 Deniqqe
1370 1006 1431 1051 non
1460 988 1516 1051 lert
1543 989 1709 1067 theologia,
1737 1006 1797 1051 non

434 1096 531 1139 rerum
555 1086 676 1150 natura,
707 1084 741 1136 ut
763 1076 968 1148 Ptolemaeus,
991 1079 1095 1155 gentili
1117 1081 1324 1156 superstitione
1348 1079 1496 1152 imbutus,
1519 1086 1599 1139 astra
1620 1079 1701 1139 Deos
1724 1079 1798 1137 visi-

434 1166 510 1227 biles
541 1166 630 1225 iaciat
663 1164 710 1247 (ex
739 1171 858 1224 aeterna
886 1182 926 1225 sc.
963 1167 1091 1243 ipsorum
1118 1170 1249 1227 motione
1284 1170 1376 1247 vitam
1406 1164 1599 1226 immortalem
1627 1163 1799 1242 conjiciens)

432 1252 554 1330 illisque
573 1251 641 1333 plns
663 1252 781 1323 tribnat,
805 1268 895 1330 quam
911 1253 993 1313 Dens
1016 1257 1079 1332 lpse
1102 1253 1237 1313 conditor
1259 1251 1360 1329 babet,
1383 1262 1416 1312 ut
1438 1253 1550 1314 seilicet
1569 1254 1698 1315 rationes
1723 1254 1798 1329 gao-

432 1344 574 1402 metricae
606 1339 753 1418 simplices
780 1341 839 1398 siut
867 1339 940 1414 iliis,
974 1358 1051 1418 quae
1074 1349 1142 1400 aunt
1164 1358 1194 1401 re
1218 1359 1289 1401 vera
1319 1344 1516 1419 compositae,
1543 1357 1728 1418 quarumque
1749 1340 1798 1399 in-

433 1428 588 1490 tellectum
611 1427 694 1488 Dens
716 1426 837 1500 bomini,
860 1429 983 1504 imagini
1006 1444 1087 1501 suae,
1110 1440 1294 1488 communem
1315 1422 1417 1489 seeum
1438 1445 1503 1489 esse
1525 1426 1629 1489 voluit.
1880 1465 1883 1470 ‹

525 1514 587 1575 Dio
607 1518 701 1575 &aaa
712 1518 893 1575 moen
909 1517 1086 1585 Aristotelis,
1109 1516 1260 1592 quomodo
1282 1519 1344 1592 ipse
1356 1522 1441 1594 patet
1461 1516 1602 1593 planetus
1615 1514 1799 1575 &cumini

434 1598 624 1677 Aristonico,
647 1600 751 1662 solidis
774 1602 893 1662 orbibus
915 1602 1029 1663 coelum
1051 1603 1188 1685 refertum
1212 1602 1332 1664 medens
1348 1602 1429 1682 (licet
1450 1606 1633 1681 aequivocae
1646 1602 1800 1679 materiae)

435 1700 466 1751 et
488 1688 658 1769 pbilosopbi
680 1690 876 1769 posteriores,
894 1705 981 1775 quos
1004 1691 1098 1750 secuti
1121 1707 1186 1751 esse
1211 1690 1345 1751 videntur
1367 1691 1481 1751 arabes
1503 1700 1534 1751 et
1556 1697 1624 1767 poet
1646 1707 1707 1771 eos¹
1720 1682 1799 1748 Pur-
1920 1688 1923 1692 ’

433 1778 571 1853 baebius,
592 1776 784 1837 Theotimum
808 1779 946 1855 scriptor,
969 1776 1009 1851 bi,
1033 1779 1163 1853 iuquam,
1186 1780 1312 1854 primum
1335 1776 1520 1839 crediderunt
1540 1780 1737 1839 astronomiae
1761 1776 1798 1837 ds

433 1880 558 1925 numero
589 1862 778 1939 circulorum,
809 1864 846 1924 ad
869 1864 1111 1925 demonstrandas
1135 1868 1323 1943 apparentiae
1344 1867 1528 1940 necessarlo;
1559 1868 1602 1924 sic
1625 1864 1798 1925 Aristoteles

434 1951 561 2013 Eudoxo
590 1958 620 2012 et
643 1950 766 2030 Calippo
794 1950 917 2012 credidit
939 1951 977 2012 de
1009 1952 1130 2013 orbibus
1153 1952 1204 2011 25.
1248 1950 1307 2013 His
1328 1953 1451 2013 totidem
1474 1952 1607 2035 attribuit
1628 1951 1798 2027 intelligen-

433 2042 493 2100 tias
516 2042 669 2114 motrices,
699 2055 778 2117 qnae
799 2039 910 2116 periodi
935 2048 1051 2117 tempos
1073 2046 1103 2100 et
1126 2039 1245 2117 plagam
1268 2039 1383 2114 mnndi,
1407 2043 1437 2098 in
1459 2056 1548 2117 quam
1571 2047 1650 2099 asset
1671 2036 1797 2100 tenden-

435 2127 525 2207 dum,
555 2134 653 2188 mente
675 2128 942 2204 circumgestarent.
988 2126 1062 2186 Cum
1091 2135 1191 2187 autem
1220 2136 1299 2189 esset
1328 2127 1500 2202 verisimile,
1534 2142 1635 2187 omnes
1657 2126 1696 2189 ad
1718 2125 1797 2185 idem

434 2216 613 2293 principium
634 2215 787 2290 respicere,
811 2212 987 2275 Aristotelea
1009 2214 1056 2274 bis
1079 2215 1259 2275 abortione
1274 2214 1349 2277 alios
1372 2206 1415 2275 24'
1430 2215 1545 2277 censuit
1560 2212 1796 2292 interponendas,

434 2319 512 2381 qnos
540 2299 756 2373 declanenae,
784 2302 989 2376 revolventes,
1021 2301 1199 2380 appellavit:
1233 2310 1266 2361 ut
1287 2302 1401 2363 scillcet
1431 2304 1550 2362 interior¹
1571 2305 1697 2379 quisque
1718 2300 1798 2361 orbis

434 2406 472 2451 oo
505 2396 610 2466 raptu,
644 2404 732 2465 quern
765 2398 882 2467 propter
913 2391 1136 2465 contiguitatem
1167 2388 1382 2466 superficierum
1406 2398 1469 2451 erat
1497 2408 1516 2449 a
1545 2392 1694 2469 superlore
1726 2404 1799 2466 pas-

433 2492 540 2551 surus,
570 2492 622 2554 par
643 2478 847 2553 interpositum
868 2474 1068 2537 revolventem
1090 2475 1277 2552 liberaretur,
1307 2476 1426 2554 aequali
1448 2480 1578 2556 tempore
1599 2478 1741 2537 nitentem
1768 2476 1798 2533 in

435 2565 615 2625 contrariom
643 2565 802 2640 superioris
832 2580 927 2641 eoque
955 2564 1054 2624 renisu
1086 2565 1214 2643 speciem
1242 2566 1420 2641 quiescentis
1448 2564 1652 2642 praebentem,
1685 2566 1714 2621 ln
1736 2558 1798 2640 'quo

435 2652 572 2713 velutin
594 2651 660 2712 loco
682 2650 826 2711 immobili
848 2650 967 2712 inlerior
987 2653 1105 2711 innixus
1126 2668 1211 2711 suam
1243 2650 1422 2728 peculiarem
1443 2650 1596 2730 periodum
1620 2650 1797 2712 absolveret.

433 2740 484 2801 ita
514 2738 660 2816 majusque
688 2739 767 2799 orbis
794 2747 890 2798 motor
919 2738 984 2799 orbi
1013 2755 1068 2798 ano
1091 2744 1121 2798 et
1143 2739 1279 2799 omnibus
1306 2738 1507 2813 inferioribus,
1539 2756 1615 2816 quos
1642 2746 1721 2799 osset
1749 2736 1802 2798 ille

435 2825 618 2904 complexus,
641 2834 753 2886 motum
776 2824 1048 2903 aequabllleslmnm
1070 2827 1100 2883 in
1123 2826 1194 2887 orbe
1216 2828 1377 2905 superiore,
1401 2828 1453 2906 qirl
1475 2842 1507 2887 sc
1529 2828 1660 2905 proxime
1682 2826 1799 2885 contin·
1841 2848 1847 2863 ν

436 2922 538 2993 garet,
568 2922 718 2993 praestare
746 2913 940 2974 statuebatur.
985 2913 1031 2973 lic
1059 2930 1125 2973 oum
1155 2912 1314 2992 placuisset
1335 2913 1378 2973 llll
1401 2912 1593 2995 philosopho,
1624 2918 1738 2973 motum
1759 2911 1800 2972 ab

435 3010 561 3064 aterno
583 3018 657 3076 esse,
681 3007 810 3062 motorea
833 3017 951 3079 quoque
964 3003 1068 3060 statuit
1090 3008 1225 3062 astemoe
1248 3009 1278 3062 et
1299 3003 1519 3076 immateriatos,
1543 2999 1624 3078 quod
1646 2998 1799 3075 infinitatis

435 3106 495 3151 non
519 3098 618 3151 erasm
639 3090 761 3169 capacia
783 3091 951 3150 materiata:
981 3088 1161 3166 sequebatur
1181 3090 1436 3167 igitur,'motores
1455 3089 1689 3167 esseprlncipia
1710 3103 1799 3165 sepa-

434 3186 502 3239 rata
525 3184 555 3238 et
577 3178 747 3238 immobilis.
792 3176 867 3237 cum
890 3184 988 3238 autern
1011 3176 1085 3237 haec
1108 3179 1255 3239 essentiae
1276 3178 1413 3238 coelestis
1431 3176 1547 3238 duratio
1569 3187 1690 3238 asterus
1713 3175 1800 3236 side-

437 3271 520 3326 retnr
540 3263 584 3324 llli
599 3267 690 3325 totins
710 3263 811 3324 mundi
828 3265 946 3324 bonitas
968 3271 997 3324 et
1010 3264 1160 3342 perfectio,
1183 3265 1293 3343 qnippe
1308 3268 1446 3344 opposita
1459 3267 1598 3339 interitui,
1622 3266 1673 3341 qni
1688 3261 1797 3324 malum
1926 3313 1930 3318 .

435 3351 510 3431 quid
533 3359 613 3412 erat:
640 3353 790 3432 principiis
812 3367 932 3429 qnoque
954 3351 1014 3411 iliis
1036 3351 1243 3430 perlectionem
1270 3369 1414 3413 summam
1435 3353 1539 3413 tribuit
1565 3352 1688 3430 eiusque
1708 3349 1800 3412 intel-

436 3440 608 3515 lectionem,
638 3447 667 3501 et
689 3458 725 3500 ex
748 3439 899 3500 intellectu
921 3440 989 3512 boni
1013 3439 1196 3500 voluntatem
1218 3439 1249 3499 ld
1270 3438 1485 3518 prosequendi,
1508 3457 1559 3515 ne,
1585 3439 1665 3517 quod
1686 3433 1797 3500 bonnm

437 3537 498 3603 ast,
530 3545 590 3588 non
614 3527 688 3587 berre
714 3528 841 3590 iacerem
875 3542 934 3604 quo
957 3533 1044 3605 pecto
1067 3536 1181 3588 mentes
1203 3535 1355 3605 separatas
1377 3536 1407 3590 et
1429 3526 1556 3604 denique
1579 3527 1675 3602 Deos,
1701 3542 1798 3604 acque

437 3625 529 3693 atque
557 3612 763 3689 Ptolemaeus,
799 3615 885 3674 nobie
918 3613 1093 3689 introduxit,
1127 3622 1225 3675 motas
1256 3614 1405 3676 coelorum
1435 3617 1572 3692 perennis
1603 3615 1799 3675 administros.

439 3701 519 3779 Quin
550 3709 582 3762 et
602 3700 734 3778 Scaliger
760 3701 942 3779 professione
966 3701 1149 3762 Christianus
1180 3701 1290 3779 aliique
1319 3709 1478 3762 sectatores
1501 3700 1668 3763 Aristotelis
1696 3701 1801 3778 dlepu·

437 3798 511 3864 tant,
535 3788 614 3850 hunc
637 3796 749 3849 motum
771 3789 887 3850 orbium
909 3806 974 3850 esse
997 3788 1204 3863 voluntarium,
1227 3798 1258 3850 et
1278 3791 1452 3868 principium
1475 3789 1637 3850 voluntatis
1660 3787 1718 3849 illis
1733 3803 1800 3848 mo-

436 3878 551 3939 toribus
574 3893 639 3936 esse
660 3874 887 3937 intellectionem
911 3884 940 3936 et
963 3875 1148 3937 desiderium.
1193 3875 1233 3935 iit
1253 3893 1325 3937 sane
1352 3879 1377 3936 si
1400 3875 1526 3936 muudus
1555 3885 1690 3937 aeternus
1712 3882 1799 3946 esset,

437 3963 520 4043 qnod
543 3963 735 4025 contenderat
757 3961 939 4036 Aristoteles,
964 3962 1002 4022 ad
1025 3965 1176 4022 minimum
1199 3961 1288 4041 plaga
1310 3973 1400 4035 certa,
1423 3967 1453 4022 itr
1476 3980 1564 4041 quam
1587 3964 1718 4023 volvitur
1732 3961 1802 4038 pla·

436 4061 516 4127 nata,
539 4059 696 4112 testaretur
718 4049 755 4112 dc
777 4050 984 4112 intellectione.
1029 4051 1145 4128 Negare
1167 4051 1245 4112 enim
1268 4049 1425 4110 Christiani
1448 4067 1507 4109 non
1528 4067 1694 4130 possumne,
1718 4065 1801 4108 sum-

436 4145 515 4202 m'am
538 4141 714 4218 sapientiam
738 4139 922 4216 praesedisse
943 4138 1120 4199 institutioni
1140 4146 1282 4211 motuum,
1306 4155 1366 4214 qua
1385 4141 1414 4196 iu
1437 4137 1555 4217 plagam
1570 4137 1695 4216 quilibet
1716 4151 1801 4212 suam

436 4224 578 4290 incitatus
605 4234 635 4288 et
664 4227 751 4304 quasi
782 4243 798 4285 e
821 4227 986 4287 carceribus
1016 4229 1045 4285 in
1075 4242 1131 4286 sua
1163 4227 1260 4305 spatia
1281 4223 1419 4285 dimissus
1440 4225 1512 4285 isit:
1541 4224 1572 4285 id
1601 4241 1673 4286 voro
1694 4239 1802 4285 munus

439 4313 615 4376 Aristoteles
644 4305 807 4374 motonbna
831 4315 910 4393 ipsis,
935 4315 1044 4392 qnippe
1067 4316 1201 4389 aeternis,
1226 4315 1430 4392 transscripsit.
1476 4311 1605 4374 Additae
1624 4314 1714 4372 etlam
1735 4311 1803 4372 lue

438 4411 506 4464 runt
528 4403 646 4462 animae
667 4403 818 4476 notrices,
850 4402 969 4462 orbibus
992 4403 1064 4480 ipsis
1085 4404 1194 4462 arctius
1224 4397 1364 4478 alligatae
1395 4416 1506 4476 eosque
1533 4400 1736 4474 informantes,
1769 4404 1804 4458 ut

439 4489 635 4568 intelligentia
657 4487 859 4549 tantummodo
882 4491 1044 4562 assisteret,
1071 4488 1118 4549 vel
1142 4488 1222 4567 qnod
1246 4505 1367 4549 necesso
1390 4487 1554 4564 videretur,
1568 4495 1719 4570 'motorem
1741 4487 1804 4565 prl-

439 4595 519 4662 mum
543 4572 575 4638 'st
595 4576 705 4637 mobile
734 4577 763 4634 in
792 4576 893 4652 aliquo
916 4579 1001 4636 tertio
1025 4578 1199 4651 convenire,
1232 4575 1281 4636 vel
1303 4575 1383 4653 quod
1406 4577 1540 4654 potentia
1561 4582 1668 4635 motus¹
1688 4575 1803 4634 ratione

437 4666 526 4744 spatii
550 4663 715 4741 trajiciendi
738 4663 821 4724 linita
843 4670 934 4737 esset,
957 4681 1012 4724 nec
1033 4661 1168 4725 infinitae
1191 4661 1350 4724 celeritatis
1372 4670 1451 4724 esset
1471 4670 1577 4739 motos,
1599 4662 1652 4724 sed
1673 4669 1804 4739 tempore

423 4752 621 4830 dasmlptus,
650 4750 689 4812 ad
711 4754 840 4830 spatium
863 4749 1021 4816 admensus
1053 4749 1134 4828 quod
1156 4757 1329 4829 argumento
1352 4758 1431 4825 erat,
1459 4757 1567 4810 certam
1590 4757 1621 4812 st
1643 4750 1804 4810 dimensam

438 4857 502 4902 aare
529 4840 751 4919 proportionem
779 4840 929 4918 potentiae
959 4840 1089 4899 motricis
1119 4838 1157 4899 ad
1186 4854 1293 4916 corpus
1322 4837 1431 4898 mobile
1461 4836 1559 4913 adque
1587 4838 1694 4916 spatia.
1746 4832 1805 4892 Par
1908 4839 1921 4850 ·

440 4928 516 4990 bane
538 4930 642 5004 ltaque
663 4926 842 4987 soliditatem
866 4927 979 4986 orbium
1010 4934 1041 4985 et
1062 4941 1115 5004 par
1138 4933 1321 4986 constantem
1343 4923 1543 4985 lenitudinem
1566 4924 1715 5003 potentiae
1737 4935 1806 4979 mo-

439 5017 518 5076 trlcis
551 5015 689 5075 omnibns
722 5016 840 5074 omnino
876 5015 1005 5075 motibus
1038 5031 1091 5074 seu
1120 5015 1301 5092 apparentiis
1334 5012 1512 5073 coelestibus
1540 5013 1583 5070 ita
1618 5014 1804 5088 prospectum

441 5110 513 5174 erat,
536 5109 569 5163 nt
591 5102 662 5162 dato
685 5108 782 5161 mobis
802 5103 946 5179 principio
967 5101 1031 5178 jam
1044 5117 1132 5178 porro
1154 5102 1247 5161 omnis
1263 5102 1392 5161 varietas
1412 5111 1546 5159 motuum
1562 5115 1598 5160 ex
1613 5095 1806 5175 dispositione

441 5200 470 5252 et
490 5189 662 5269 pluralitate
685 5189 798 5249 orbium
821 5188 1063 5266 proficisceretur,
1087 5189 1151 5247 sina
1173 5188 1275 5248 labore
1292 5195 1344 5248 aut
1366 5185 1562 5248 sollicitudine
1577 5183 1805 5261 intelligentiam

441 5279 697 5354 movebanturque
725 5277 812 5339 orbas
839 5293 928 5353 snper
959 5273 1038 5355 polis
1066 5276 1288 5352 quiescentibus
1318 5292 1355 5337 eo
1381 5275 1442 5337 iere
1463 5273 1569 5348 modo,
1599 5288 1661 5352 quo
1681 5269 1758 5331 libro
1780 5261 1806 5328 i'.

1520 5382 1562 5438 ‘12
1577 5375 1599 5416 ⁴*
