4459 6275
811 774 1043 847 mssromrrus.
1079 776 1264 834 emanas.
1651 761 1714 848 eoo

351 964 446 1016 tarum
476 956 608 1018 motibus
638 955 848 1060 apparentibus
876 963 907 1016 et
927 956 1098 1032 junctorum
1129 958 1204 1018 inter
1230 974 1263 1017 ae
1285 959 1491 1019 communibus
1513 957 1718 1021 aueldeutibuo'

351 1045 488 1120 (materia
515 1038 583 1105 libri
606 1041 673 1122 vt.)
702 1049 732 1104 et
759 1045 790 1101 ιιι
812 1051 982 1123 quartam,
991 1060 1174 1105 communem
1207 1045 1357 1106 doetrinae
1379 1046 1551 1122 sphaericae
1574 1054 1604 1108 et
1627 1048 1714 1109 theo·
1751 1046 1754 1053 '

350 1135 439 1205 riona,
460 1131 499 1193 de
522 1139 604 1192 motu
626 1139 750 1192 ootarm
772 1129 916 1207 sphaerae
938 1135 1091 1209 apparenti
1116 1134 1252 1212 (materia
1273 1132 1340 1193 libri
1359 1130 1451 1221 Vll..)

441 1219 531 1298 Quae
556 1226 630 1279 ιιιιιι
651 1219 828 1322 inspottseses
853 1235 906 1279 seu
930 1221 1104 1295 ριιιιιιρια,
1136 1221 1247 1297 quibus
1279 1215 1469 1281 astronomia
1500 1218 1714 1296 θοριιιιιιαιιιι

349 1306 454 1367 uatum
474 1309 676 1384 apparentiae
696 1309 732 1365 in
752 1306 884 1367 motibus
902 1307 1105 1382 planetarum
1124 1308 1289 1384 propriis?
1317 1308 1401 1369 Haeo
1416 1315 1485 1367 sunt
1508 1312 1709 1386 potissimum:
1790 1308 1793 1315 '

356 1398 383 1456 ι.
409 1393 541 1454 Solem
533 1412 562 1453 ιιι
586 1401 685 1455 neutro
707 1392 852 1471 sphaerae
872 1393 996 1453 lixarum
1023 1393 1085 1476 (vel
1107 1392 1205 1476 quasi)
1228 1394 1404 1456 collocatum
1427 1414 1508 1469 essa,
1533 1396 1712 1459 immobilem

351 1480 429 1541 loeo.
476 1485 505 1541 2.
535 1481 677 1542 Planetus
705 1480 837 1558 singulos
859 1483 971 1542 moveri
995 1500 1026 1542 re
1049 1497 1121 1543 vera
1144 1485 1221 1542 eirea
1242 1482 1341 1543 Solem
1365 1485 1395 1541 in
1417 1485 1541 1559 singulis
1564 1493 1712 1563 systema·

351 1571 443 1642 tibus,
468 1586 544 1646 quae
567 1567 757 1647 expluribus
780 1567 896 1628 circulis
919 1570 1062 1646 perlectis,
1086 1568 1326 1646 aequabiliseimo
1349 1578 1430 1631 motu
1448 1577 1606 1643 conversis,
1630 1590 1712 1633 eom·

352 1662 510 1734 ponautur.
556 1659 586 1717 3.
618 1655 765 1716 Tellurem
800 1673 864 1716 esse
891 1673 981 1716 uuum
1015 1675 1051 1716 ex
1083 1655 1223 1733 planetis,
1259 1659 1303 1717 aie
1333 1668 1365 1716 ut
1395 1660 1494 1720 orbern
1523 1663 1596 1720 inter
1627 1663 1712 1721 orbes

351 1743 459 1803 Martis
487 1750 516 1804 et
538 1743 661 1804 Veneris
689 1743 816 1804 medium
846 1761 944 1804 annuo
975 1753 1056 1805 motu
1086 1746 1164 1806 eirea
1193 1745 1292 1806 Solem
1321 1745 1475 1806 describat
1521 1750 1548 1805 4.
1580 1748 1711 1825 Proper·

351 1833 464 1891 tionem
487 1832 566 1891 orbis
588 1830 686 1907 hujus,
711 1830 811 1892 colluti
833 1830 871 1890 ad
895 1830 1068 1891 diametrum
1089 1832 1233 1908 sphaerae
1256 1833 1393 1906 lixarum,
1425 1851 1489 1895 osse
1513 1836 1711 1896 insensibilem

351 1914 500 1996 adeoque
518 1920 679 1979 immensae
707 1909 841 1979 similam.
888 1920 917 1978 5.
947 1918 1108 1996 Sphaeram
1138 1920 1246 1980 Lunae·
1272 1921 1400 1980 ordinari
1429 1921 1506 1981 eirea
1528 1922 1648 1983 Terram
1678 1935 1711 1984 ut

352 2014 485 2066 osnhum
508 2023 609 2081 suum,
637 2008 681 2066 sle
709 2013 742 2067 ut
764 2014 861 2065 motus
884 2022 999 2066 annuus
1030 2009 1108 2067 eirea
1130 2006 1229 2068 Solem
1261 2004 1308 2089 (et
1325 2010 1373 2068 ¹sio
1395 2007 1431 2069 de
1454 2008 1521 2070 loeo
1542 2012 1573 2069 in
1596 2009 1711 2095 locum)

351 2095 408 2155 toti
429 2094 574 2172 sphaerae
598 2093 699 2153 Lunae
721 2109 788 2153 oum
810 2092 928 2154 Tellure
951 2098 1112 2163 eommunis
1135 2096 1183 2153 sit.

444 2180 550 2242 cansa
570 2189 621 2256 tu,
651 2180 812 2241 ιιιιιιιιιιια
834 2197 894 2240 ease
913 2184 1070 2259 principia
1096 2184 1155 2241 isto
1182 2185 1216 2241 ιἰι
1237 2183 1296 2241 huo
1318 2182 1482 2259 Epitome‘?
1515 2183 1589 2244 Cum
1612 2194 1711 2246 astro·

353 2272 457 2330 nomia
478 2268 553 2329 duos
574 2269 648 2330 lines
670 2267 794 2336 babeat,
824 2268 941 2330 salvare
970 2272 1159 2347 apparentiae
1189 2277 1221 2329 et
1249 2270 1439 2349 contemplari
1468 2274 1625 2348 genuinam
1648 2274 1710 2334 lor—

350 2376 429 2417 mam
452 2355 578 2418 aedificii
600 2355 749 2431 mundani,
773 2354 809 2416 de
831 2356 939 2433 qulbus
961 2364 1060 2417 aetum
1080 2364 1125 2416 est
1146 2356 1222 2416 libro
1237 2356 1262 2415 l.
1285 2357 1356 2417 lolio
1380 2360 1441 2418 119
1464 2376 1498 2431 a,
1522 2358 1561 2418 ad
1583 2363 1709 2437 primunr

353 2444 475 2522 quidem
498 2444 584 2504 finem
607 2460 666 2504 uon
688 2450 734 2504 est
754 2458 829 2522 opus
852 2445 987 2503 omuibus
1010 2443 1091 2504 bisoe
1112 2446 1274 2521 prlneipiis,
1298 2444 1350 2505 sed
1373 2456 1497 2524 possunt
1518 2447 1619 2523 aliqua
1642 2466 1708 2509 mu·

351 2533 423 2606 tari,
447 2531 549 2609 aliqua
571 2533 682 2604 omitti,
711 2529 873 2592 seeundum
897 2533 986 2592 etiam
1008 2532 1173 2592 necessario
1197 2539 1243 2592 ost
1264 2532 1495 2610 emendandum
1523 2533 1562 2593 ad
1584 2535 1709 2597 alterum

351 2620 441 2679 fluam
463 2621 518 2680 etsi
541 2618 705 2679 necessaria
727 2626 795 2679 sunt
811 2619 967 2723 pleraque,
992 2618 1122 2699 nondum
1143 2627 1240 2679 tamen
1263 2621 1321 2679 ista
1342 2619 1499 2681 sulliaiunt

444 2709 608 2785 (ιιιιιιιιαιιι
634 2708 744 2770 honam
765 2709 990 2784 principiorum
1011 2714 1139 2782 possunt
1162 2711 1280 2767 mutari
1302 2708 1349 2767 uel
1370 2711 1469 2769 omitti
1488 2710 1582 2770 saluis
1605 2727 1707 2786 appa·

351 2795 485 2855 tentiis?
515 2793 620 2872 Tyebo
635 2793 768 2854 Brabeu's
792 2793 972 2885 demonstrat
994 2797 1192 2873 apparentiae,
1216 2803 1329 2855 mutato
1352 2797 1446 2871 primo
1461 2803 1491 2856 at
1505 2799 1608 2857 tertio:
1632 2796 1706 2858 Ter-

351 2900 416 2942 ram
447 2870 524 2942 euim
555 2883 619 2959 lpse
648 2899 715 2942 eum
738 2881 887 2942 veteribus
915 2881 1077 2942 oolloout
1069 2899 1098 2939 ιιι
1131 2890 1229 2942 oentro
1256 2882 1357 2942 mundi
1379 2883 1575 2958 immobilem,
1607 2883 1713 2946 Solem

350 2987 432 3043 uero,
457 2971 509 3046 qui
530 2978 660 3030 eeutrum
683 2970 743 3029 et
736 2971 790 3045 rpsi
814 2974 859 3030 est
881 2970 995 3030 orbium
1018 2970 1155 3047 quinque
1169 2968 1409 3048 planetariorum,
1432 2989 1498 3032 oum
1521 2927 1586 3050 ipab
1607 2979 1706 3050 syste-

351 3065 431 3118 mata
454 3057 644 3135 sphaerarum
667 3059 795 3131 omniurn
817 3056 888 3118 lauit
910 3074 1008 3117 auuuo
1032 3061 1178 3117 communi
1200 3066 1282 3118 motu
1305 3060 1455 3120 circumire
1477 3062 1554 3119 eirea
1575 3059 1704 3136 Terram,

351 3147 423 3207 dum
447 3147 560 3207 iuterim
582 3146 613 3203 iu
635 3144 693 3205 boo
716 3147 861 3206 cummuni
883 3152 1043 3224 systemate
1056 3146 1190 3223 'quilibet
1211 3147 1331 3223 planeta
1360 3165 1431 3207 suus
1453 3150 1586 3225 proprios
1608 3157 1705 3209 motus

352 3233 480 3295 oondeit.
517 3231 660 3309 Quartum
676 3249 746 3293 vero
762 3232 838 3294 idem
854 3235 970 3311 penitus
985 3233 1100 3304 omittit,
1123 3234 1246 3294 fixarum
1269 3234 1424 3311 sphaeram
1446 3252 1505 3295 nou
1527 3235 1621 3296 multo
1640 3254 1706 3298 rus·

348 3321 447 3399 joram
470 3319 621 3395 exbibens,
644 3335 734 3397 quarn
757 3328 803 3381 est
824 3320 950 3399 sphaera
971 3320 1100 3382 Saturni.
1314 3363 1316 3368 .

442 3408 530 3486 Quas
558 3410 689 3468 ιιιιιιιιιιι
716 3410 781 3470 loeo
802 3409 928 3470 ιιιιιιιιιι
944 3411 1095 3485 prindrai
1115 3409 1283 3479 mbstttuts,
1312 3417 1340 3469 et
1369 3428 1448 3487 quae
1469 3412 1596 3487 beaupon-
1617 3411 1705 3473 addis

350 3496 591 3572 adposuimus
618 3495 755 3563 formam
784 3497 938 3556 mundani
964 3496 1126 3571 ιιοιιιιιιιι,
1159 3514 1211 3557 ιιι
1232 3505 1367 3558 amarae
1394 3499 1468 3558 coeli
1492 3501 1706 3574 ριιιιιιιιιιιαι

351 3583 417 3644 uun
438 3582 567 3660 planetis
589 3582 713 3661 singulis
734 3583 840 3660 singuli
863 3581 1047 3660 relinquendi
1069 3593 1138 3644 suut
1160 3595 1256 3643 motus
1279 3587 1355 3659 veri,
1378 3594 1507 3647 attamen
1529 3585 1585 3647 bos
1606 3595 1704 3648 motus
1763 3607 1766 3611 ·

351 3672 409 3750 ipsi
440 3679 595 3731 murentur
621 3687 680 3731 uon
708 3688 742 3730 se
764 3673 836 3750 ipsis
859 3688 914 3732 noe
934 3689 988 3749 per
1008 3674 1228 3733 conversionem
1250 3672 1455 3749 sphaerarum,
1485 3690 1562 3750 quae
1591 3673 1704 3736 solidae

349 3757 453 3819 nullae
475 3765 552 3832 suut,
574 3757 628 3818 sed
643 3756 696 3818 Sul
717 3760 747 3816 ιιι
762 3767 869 3820 ¹centro
892 3758 1002 3833 muudi,
1025 3776 1184 3820 conversus
1207 3762 1284 3820 eirea
1306 3759 1435 3837 eorporis
1457 3763 1503 3820 sui
1526 3769 1656 3821 centrum
1674 3772 1705 3823 et

349 3863 456 3919 axem,
485 3844 542 3906 hae
563 3845 608 3905 sui
631 3847 823 3907 eaurersioue
844 3846 878 3905 fit
898 3846 1025 3923 planetis
1047 3846 1171 3922 singulis
1194 3864 1285 3907 eausa
1306 3847 1513 3908 circumeundi.
1559 3848 1703 3926 Amplius,

350 3935 409 3996 elai
432 3931 568 4013 planetae
591 3950 622 3993 re
646 3950 716 3994 vera
739 3932 813 3993 fiunt
834 3952 853 3993 a
875 3933 953 3993 Solis
975 3942 1074 3993 centro
1100 3936 1270 4007 eoaerrtrioi,
1300 3951 1359 3994 non
1387 3944 1455 3994 sunt
1485 3944 1582 3994 tamen
1611 3934 1703 4011 aliqui

350 4020 454 4083 eircult
478 4022 665 4095 minutiores,
698 4020 822 4099 epieyoli
845 4020 929 4094 dieti,
960 4021 1011 4096 qni
1033 4022 1226 4102 conversione
1247 4022 1294 4081 sui
1318 4024 1432 4081 uariunt
1453 4022 1527 4082 haee
1549 4022 1704 4084 intervalla
1814 4081 1819 4093 ,

349 4109 491 4187 planetae
513 4116 545 4169 at
565 4106 659 4182 Solis,
681 4107 734 4168 sed
756 4110 822 4186 ipsa
844 4109 1026 4187 planetarum
1048 4124 1171 4185 corpora
1193 4110 1222 4167 vi
1245 4110 1334 4168 insita
1356 4110 1496 4186 praebant
1518 4112 1703 4171 ooaasiorrem

350 4198 423 4258 hm
441 4197 648 4363 {mlix-W
668 4286 726 4343 ιιιι
748 4284 973 4344 materialibus·
995 4283 1122 4364 quarti?
1141 4282 1315 4344 Condueblt
1335 4282 1411 4343 liber
1432 4286 1488 4345 iste
1496 4277 1564 4344 IV
1588 4284 1702 4361 ipsissi-

349 4389 436 4433 mam
450 4370 606 4451 physicam
628 4370 801 4442 coelestem,
830 4388 883 4432 sou
912 4371 1034 4432 iormam
1057 4372 1237 4432 strutiones
1260 4371 1362 4448 operis·
1376 4371 1516 4431 mundant
1539 4389 1703 4450 causasque

347 4449 501 4538 penninas
530 4467 672 4520 motuum.
717 4458 755 4519 lit
782 4459 839 4519 hoo
866 4461 920 4519 erit
949 4458 1022 4520 illud
1044 4460 1214 4536 primarium
1242 4460 1402 4520 astronomi
1429 4476 1549 4534 munus,
1579 4459 1615 4521 de
1643 4478 1703 4539 quo

348 4547 404 4609 lib.
429 4546 547 4626 ιρις.
574 4547 693 4620 latis,
717 4547 779 4606 soil.
805 4546 1012 4607 demonstratio
1035 4545 1242 4650 hypothesium
1264 4563 1393 4606 suarum.

437 4634 568 4696 Rauenna
593 4632 665 4693 libri
688 4633 709 4692 1
713 4634 748 4693 V
777 4642 883 4710 portes
907 4637 1087 4710 primarias.
1131 4634 1236 4694 Partes
1263 4633 1333 4694 libri
1351 4634 1404 4693 lv.
1433 4635 1617 4712 potissimum
1646 4643 1704 4696 tres
1745 4708 1749 4716 ¹
1822 4649 1824 4654 ·

350 4730 454 4785 eruut·
479 4721 578 4782 Prima
601 4719 638 4781 de
660 4722 830 4799 corporibus
852 4723 934 4799 ipsis,
957 4721 1088 4784 seeuuda
1103 4720 1140 4782 de
1155 4737 1309 4799 corporum
1324 4718 1441 4783 illorum
1457 4723 1594 4797 moribus,
1618 4724 1705 4784 tertia

350 4812 388 4874 de
409 4814 544 4871 motuum
565 4807 768 4883 accidentibus
789 4808 927 4871 realibus.
990 4843 997 4850 -
1790 4873 1793 4880 ,

437 4898 538 4958 Prima
560 4899 639 4958 euim
662 4894 779 4957 docebit
801 4897 1060 4958 ooulormatiouem
1083 4898 1175 4957 totius
1197 4898 1335 4969 universi,
1359 4873 1575 4958 distinetiouem
1595 4897 1658 4973 ejus
1673 4899 1702 4955 in
1747 4943 1750 4949 ,

350 4991 450 5064 partas
471 5001 525 5046 seu
547 4986 680 5062 regiones
702 4986 885 5062 praecipuas,
907 4985 1004 5045 loeam
1027 4977 1137 5045 Solis
1128 5003 1157 5044 ru
1181 4984 1245 5060 ejus
1264 4993 1380 5060 renuo,
1403 5001 1565 5056 numerum,
1587 4985 1702 5061 magni·

351 5072 484 5135 tudinem
507 5080 538 5134 et
559 5072 690 5133 ordinem
712 5090 765 5134 seu
787 5075 877 5133 situm
899 5072 1089 5150 sphaerarum
1110 5071 1353 5150 planetariarum,
1385 5070 1510 5150 donique
1537 5073 1703 5150 proportio

351 5177 419 5222 uem
447 5162 524 5221 inter
543 5174 585 5221 ¹sa
615 5161 745 5228 omnium
774 5160 875 5222 mundi
903 5165 1066 5237 corporum.
1111 5160 1247 5244 Seuuuda
1269 5159 1366 5220 tradet
1387 5159 1601 5221 revolutionem
1622 5157 1702 5219 Solis

351 5251 430 5313 ιιιιι
451 5265 539 5311 suum
560 5264 646 5312 axem
667 5248 793 5329 ejusque
813 5248 949 5316 eteorum
970 5250 1001 5309 iu
1023 5246 1254 5327 orreumageudls
1276 5247 1416 5330 planatis,
1448 5264 1554 5317 murus
1577 5253 1703 5333 propor-
