4459 6275
442 748 506 829 '250
896 734 901 747 ’
940 761 1080 834 Epitomes
1097 762 1288 821 saracenica

440 948 540 1005 anum
562 941 658 1020 portio
680 941 861 1019 aequaturis,
891 943 1026 1004 nimirum
1052 943 1186 1003 mensio
1215 949 1296 1004 rocta
1323 950 1421 1004 motus
1442 943 1521 1005 Solis
1550 944 1649 1007 marni
1675 944 1795 1023 proprii,

380 1096 385 1107 ¹
441 1046 494 1091 ssu
516 1045 601 1090 arcus
622 1029 783 1107 eclipticae,
808 1046 895 1105 quem
916 1028 969 1089 Sol
991 1031 1020 1088 in
1044 1047 1103 1088 uno
1126 1028 1173 1090 die
1194 1029 1319 1091 naturali
1342 1031 1467 1092 conicit

527 1115 562 1176 ib·
574 1114 635 1176 dies
649 1117 806 1176 naturales
818 1123 890 1175 armi
903 1118 1078 1193 inaequales
1090 1125 1218 1192 propter
1233 1120 1411 1194 inaequalia
1425 1118 1646 1195 addimmm,
1662 1136 1743 1196 qnae
1755 1126 1797 1179 a

440 1221 511 1280 arpo
532 1220 677 1263 martura
699 1202 874 1279 aequatio,
897 1221 1048 1279 quae-eos
1063 1204 1210 1262 metitur?
1229 1204 1300 1281 lpsa
1315 1205 1422 1265 Terrae
1444 1224 1496 1268 aaa
1520 1209 1691 1283 aequatorls
1705 1222 1794 1267 revo-

437 1289 529 1365 lutio,
555 1292 631 1351 lotar
652 1290 851 1351 citatissimum
875 1296 904 1349 ct
926 1292 1159 1350 remississimam
1182 1290 1294 1366 modia,
1318 1291 1413 1368 qualis
1436 1295 1481 1353 ast
1502 1292 1591 1354 botilo
1614 1292 1795 1370 paulopost

441 1378 635 1455 aequinoctia
735 1446 738 1455 ,

463 1470 473 1492 ·
529 1464 611 1542 Quia
634 1465 714 1541 facit
740 1462 950 1523 additamenta
972 1464 1175 1541 inaequalia?
1207 1463 1294 1524 Duae
1317 1481 1425 1527 causas
1449 1474 1528 1542 sunt,
1549 1465 1644 1527 altera
1667 1464 1794 1544 petenda

322 1610 324 1614 .
438 1567 474 1610 ex
498 1549 627 1612 doctrina
649 1550 778 1610 tbeorica
800 1559 828 1610 et
851 1555 932 1611 motu
954 1549 1033 1610 Solia
1056 1553 1174 1629 proprio
1197 1552 1354 1628 inaequali,
1378 1551 1456 1613 unde
1477 1553 1518 1626 tit,
1542 1562 1575 1614 ut
1589 1552 1687 1613 diurni
1708 1570 1794 1613 mena

439 1637 567 1698 Salisio
591 1637 727 1715 ecliptica
748 1639 808 1696 sint
830 1639 904 1696 inter
926 1655 959 1697 se
982 1637 1162 1715 inaequales.
1207 1637 1305 1698 Hodie
1328 1657 1455 1716 namque
1471 1639 1523 1700 Sal
1545 1649 1613 1717 post
1632 1639 1793 1701 solstitium

439 1724 553 1785 conticit
582 1727 634 1785 δῖ’
659 1727 700 1783 δ”
722 1726 751 1783 iu
782 1741 841 1783 una
864 1723 926 1797 die,
958 1733 1027 1802 post
1055 1726 1187 1785 brumam
1218 1742 1286 1787 vero
1311 1728 1363 1786 δι’
1386 1730 1460 1786 21”.
1484 1728 1544 1788 ,Et
1572 1727 1792 1804 mma-buius

437 1811 656 1888 irremuelitatn
671 1827 724 1889 pro
738 1810 856 1872 diversa
871 1820 1023 1872 auctorum
1037 1815 1183 1873 sententia
1198 1815 1297 1873 variae
1312 1813 1474 1888 traduntur,
1498 1822 1531 1874 ut
1543 1830 1599 1874 suo
1613 1814 1683 1874 loco
1705 1812 1794 1875 docc-

436 1905 491 1958 tur.
535 1899 651 1960 Parvus
673 1907 769 1959 autem
793 1908 889 1959 motus
912 1897 1032 1959 diurnus
1055 1900 1145 1960 babet
1168 1897 1288 1977 parvam
1312 1903 1513 1961 ascensionem
1533 1909 1663 1974 rectam,
1689 1903 1794 1963 cerate

436 1986 565 2062 paribus,
587 2003 712 2064 magnus
735 2003 880 2063 magnam.

521 2073 624 2135 Altera
646 2089 737 2133 cansa
759 2080 804 2132 cst
824 2073 912 2149 hujus
936 2072 993 2133 loci
1015 2076 1148 2150 propria,
1180 2074 1277 2151 quod,
1310 2076 1445 2151 quamvls
1468 2092 1554 2135 arcus
1576 2082 1675 2135 motus
1697 2069 1793 2135 diurni

436 2159 514 2221 Solis
536 2170 636 2222 essent
665 2159 804 2236 aequales
827 2163 901 2219 inter
922 2177 970 2234 se,
1004 2170 1101 2221 tamen
1130 2163 1159 2220 ia
1182 2161 1304 2221 diversis
1336 2161 1408 2222 lucis
1430 2161 1584 2238 eclipticas
1606 2161 1744 2223 diversas
1764 2169 1793 2223 at
1819 2224 1822 2231 Δ

434 2249 479 2308 sic
499 2246 670 2325 inaequales
683 2246 793 2307 babent
815 2249 1003 2308 mcensianes
1025 2257 1129 2309 rectas.
1176 2247 1356 2324 Quinetiam
1379 2250 1409 2307 in
1424 2248 1527 2307 iisdem
1549 2246 1706 2326 ecliptieae
1721 2247 1792 2309 locis

440 2351 501 2396 non
522 2335 658 2394 omnibus
678 2334 786 2395 seculis
808 2335 1034 2412 aequalissimaa
1056 2342 1125 2395 sunt
1147 2337 1333 2396 ascensiones
1355 2345 1456 2415 rectae,
1474 2343 1592 2413 propter
1609 2335 1793 2414 obliquitatis

437 2420 590 2498 eclipticas
617 2422 825 2497 variationem,
855 2421 891 2483 de
921 2440 980 2500 qua
1007 2440 1095 2500 supra
1125 2422 1282 2495 nonnulla,
1313 2423 1388 2483 inira
1411 2439 1480 2483 vero
1512 2423 1588 2484 libro
1610 2422 1680 2483 vu.
1709 2420 1794 2500 plura

440 2508 580 2571 dicentur.

529 2577 843 2674 Quotuplieia‘ipitur
863 2596 1157 2656 auntadditamenta
1180 2596 1267 2671 apua
1281 2596 1492 2656 aetrmromoal
1513 2595 1657 2673 Duplicia
1681 2593 1712 2677 1)
1734 2620 1793 2657 rae

436 2706 518 2762 peu,
551 2682 607 2744 boc
629 2692 675 2744 cst
696 2679 886 2761 temporalia,
917 2700 991 2760 quae
1022 2683 1146 2743 (liversis
1177 2683 1358 2759 temporibus
1381 2700 1449 2743 vere
1480 2700 1557 2743 nunc
1579 2686 1695 2743 mirrora
1716 2690 1793 2755 sunt,

436 2787 513 2833 nunc
535 2771 656 2848 majora.
690 2769 722 2850 2)
744 2772 781 2832 Et
802 2766 909 2844 ὁμαλα,
933 2769 1032 2831 madia
1053 2771 1128 2829 inter
1143 2770 1257 2846 maJ‘ora
1279 2780 1308 2830 et
1324 2771 1445 2845 minora,
1467 2770 1537 2830 licta
1559 2771 1598 2830 ab
1618 2770 1794 2833 muouomis

436 2857 621 2920 mensurandi
645 2875 744 2930 musa,
768 2875 844 2935 quae
867 2863 937 2917 sunt
958 2857 1105 2934 aequalia.

523 2945 680 3022 Quomodo
702 2948 891 3006 mastituunt
912 2947 1081 3005 astronomi
1103 2941 1313 3003 addimmenta
1335 2942 1511 3004 medicaea
1524 2944 1696 3022 mqualinl
1719 2944 1794 3021 Quia

435 3031 538 3095 diebus
560 3035 630 3093 anni
653 3034 716 3093 365
734 3049 800 3093 cum
824 3031 986 3109 quadrante
1003 3048 1054 3108 per
1077 3030 1340 3090 additamentorum
1357 3033 1553 3092 scansionem
1569 3034 1686 3107 integra
1708 3031 1791 3093 deni·

435 3136 494 3198 qua
516 3119 662 3182 revolutio
678 3122 846 3198 sequuturis
868 3121 1120 3198 supernumeraria
1134 3119 1282 3193 accrescit,
1305 3121 1466 3178 astronomi
1490 3117 1571 3178 illam
1586 3117 1726 3182 dividunt
1745 3136 1794 3197 par

435 3207 498 3280 dies
521 3210 590 3269 anni
606 3210 669 3267 365
694 3226 759 3268 cum
775 3208 938 3284 quadrante
960 3217 990 3267 ct
1004 3209 1168 3284 portionem
1185 3223 1273 3264 unam
1290 3204 1390 3265 dicunt
1402 3206 1636 3266 additamentum
1651 3206 1792 3284 aequala3

436 3302 481 3354 cst
503 3304 602 3356 autam
625 3296 654 3353 id
677 3296 801 3371 aequale
824 3297 916 3356 motui
939 3295 1041 3353 diurno
1064 3293 1144 3353 Solis
1167 3295 1196 3350 in
1219 3293 1355 3370 ecliptica
1376 3293 1482 3365 medio,
1506 3294 1568 3353 scil.
1594 3294 1647 3353 ὅθ’
1671 3295 1726 3354 8”.

522 3383 718 3460 Quotupiicio
739 3392 811 3442 sunt
834 3389 1001 3461 νυχθημερα
1023 3399 1075 3440 seu
1097 3380 1159 3439 dica
1180 3380 1360 3440 naturales?
1382 3380 1429 3439 Ad
1454 3397 1585 3440 normam
1608 3380 1793 3442 additamen-

436 3478 531 3529 torum
555 3469 603 3529 alii
626 3477 694 3529 siant
717 3479 891 3547 apparentes
913 3486 965 3528 seu
989 3473 1059 3539 veri,
1082 3467 1134 3527 alii
1162 3466 1301 3543 aequales
1325 3467 1411 3526 medii
1436 3471 1600 3542 quontitate
1615 3477 1655 3538 :et
1677 3468 1740 3528 ficti
1757 3468 1793 3529 ab

438 3559 624 3627 muonomis,
648 3559 697 3633 qui
721 3565 855 3618 constant
877 3555 990 3615 scilicet
1013 3553 1063 3615 tali
1087 3553 1301 3613 additamento.

530 3643 672 3721 Quantm
695 3653 736 3703 eat
758 3645 819 3704 dica
841 3644 995 3703 naturalia
1017 3642 1148 3711 medius,
1178 3650 1296 3717 quarata
1325 3643 1388 3706 eiua
1410 3641 1510 3699 bora?
1543 3640 1715 3717 [iongitudo
1738 3642 1793 3702 (lici

435 3732 576 3792 naturalia
599 3729 686 3791 madii
709 3732 799 3791 babet
813 3731 982 3807 aequaturis
997 3739 1130 3806 tempora
1153 3731 1224 3788 360.
1251 3730 1302 3787 59⁴
1327 3729 1376 3787 8“.
1414 3727 1496 3787 Hora
1519 3728 1583 3804 ejus
1602 3731 1692 3804 igitur
1718 3729 1793 3791 valet

435 3828 568 3895 tempora
595 3821 643 3879 15.
669 3821 700 3875 2‘
723 3819 786 3877 28¹⁴
809 3820 876 3878 lere.

525 3906 606 3983 Quot
627 3906 811 3981 temporibus
832 3906 979 3982 differunt
1008 3907 1087 3962 inter
1110 3919 1139 3961 sc
1163 3903 1224 3961 ‹liea
1253 3901 1412 3961 naturales
1436 3900 1523 3960 ueri?
1554 3900 1699 3961 Binorum
1723 3905 1794 3963 inter

437 4012 469 4054 se
491 3996 690 4071 proximorum
713 3992 875 4052 differentia
899 4000 943 4050 cst
965 3990 1201 4050 inobservabilis.
1248 3988 1331 4050 Unus
1353 3990 1442 4048 etiam
1457 3987 1537 4047 solus
1560 4005 1596 4047 ex
1611 3988 1792 4050 brevissimis

436 4079 474 4140 ad
498 4098 587 4140 unum
611 4099 646 4140 cx
663 4080 840 4155 longissimis
865 4087 1049 4154 comparatus
1073 4095 1130 4137 non
1155 4077 1242 4137 valde
1266 4094 1401 4150 magnam
1426 4077 1515 4136 elficit
1530 4074 1745 4153 differentiam
1764 4085 1794 4138 at

431 4169 526 4244 juncti
549 4171 675 4227 invicem
699 4168 839 4243 aliquam,
864 4166 948 4224 multi
971 4164 1072 4224 ordine
1094 4168 1123 4222 in
1149 4183 1207 4223 una
1229 4176 1311 4243 parto
1327 4167 1404 4236 anni,
1430 4161 1550 4223 totidem
1570 4162 1684 4238 Junctis
1698 4167 1728 4224 in
1750 4163 1793 4223 al-

434 4264 496 4315 tara
518 4263 600 4330 parto
623 4257 700 4328 arciri,
724 4256 797 4313 satis
820 4253 949 4313 evidenti
974 4252 1137 4312 differentia
1159 4253 1307 4311 breviores
1329 4252 1516 4328 longioresve
1539 4250 1623 4310 liunt.

519 4341 694 4401 Maestlinus
724 4340 762 4401 ad
790 4340 887 4417 legem
919 4340 1124 4417 hypothesium
1148 4339 1302 4414 Copcruici
1333 4339 1552 4416 particularium
1580 4340 1659 4398 circa
1681 4347 1792 4400 motu!

432 4427 511 4488 b'olis
534 4440 563 4490 et
585 4431 818 4505 praecessionem
842 4429 1109 4503 aequinoctiorum,
1144 4444 1220 4502 quaa
1247 4444 1305 4485 non
1329 4443 1429 4485 omncs
1460 4428 1639 4502 recipiuntur
1662 4433 1694 4486 et
1715 4443 1789 4504 quaa

433 4515 471 4575 ad
494 4514 655 4576 doctrinam
677 4515 838 4576 theoricam
861 4516 1014 4591 pertinent,
1039 4513 1167 4591 colligit,
1192 4513 1384 4572 dillcrcntiam
1408 4512 1519 4571 dierum
1541 4511 1678 4573 brevium
1703 4515 1790 4574 totins

432 4604 501 4662 anni
523 4621 542 4663 a
565 4603 668 4662 diebos
691 4602 876 4662 naturalibus
890 4620 943 4661 scu
966 4607 1156 4679 νυχθημεροις
1178 4599 1275 4676 longis
1299 4617 1363 4659 esse
1386 4600 1442 4660 boc
1465 4607 1564 4658 nostro
1587 4599 1694 4661 seculo
1710 4603 1792 4661 uuiuv

432 4689 523 4750 borae
546 4700 575 4750 et
598 4692 683 4749 unius
705 4688 831 4768 scrupuli
855 4707 921 4749 cum
946 4693 963 4746 2
988 4687 1133 4762 secundis,
1157 4705 1245 4766 possa
1267 4697 1365 4746 autom
1387 4686 1453 4745 aliia
1473 4684 1579 4745 seculis
1602 4685 1642 4746 ad
1657 4689 1788 4749 triantem

432 4778 521 4839 borae
543 4795 631 4855 supra
648 4780 790 4852 integram
814 4777 916 4837 borrrm
932 4791 1091 4836 excurrere.
1106 4771 1147 4850 ³⁰)
1194 4773 1278 4850 Quod
1294 4777 1336 4833 sic
1351 4772 1583 4849 intelligendum,
1607 4782 1705 4835 toturn
1727 4777 1791 4836 anui

432 4866 570 4925 vertentis
596 4865 724 4941 spatium
748 4866 822 4924 inter
838 4864 912 4922 duas
936 4863 1044 4922 classes
1059 4861 1180 4934 dicrum,
1205 4879 1330 4938 quorum
1352 4860 1402 4920 alii
1419 4862 1550 4937 pauciori
1574 4879 1698 4922 numero
1713 4862 1791 4938 longi

432 4961 511 5026 sunt,
536 4952 586 5012 alii
610 4951 714 5025 majori
737 4968 858 5010 rnrmoro
882 4951 995 5020 brer-cs,
1019 4965 1076 5006 non
1101 4966 1165 5009 esse
1189 4949 1377 5009 distributum
1398 4948 1643 5025 proportionabili
1666 4951 1792 5022 rationu

433 5057 502 5098 nam
531 5058 590 5098 una
618 5037 691 5097 hora
720 5053 785 5095 cum
816 5041 917 5097 triente
946 5035 1094 5095 ureliorem
1119 5053 1182 5095 csse
1205 5045 1318 5113 partem
1340 5038 1511 5112 pauciorum
1541 5037 1571 5092 in
1593 5054 1650 5096 sua
1670 5054 1792 5115 propor-

433 5128 523 5190 tione.
547 5143 635 5202 quarn
658 5130 771 5200 partem
794 5125 920 5200 plurimu
945 5126 972 5181 iu
998 5139 1060 5181 aua.
1107 5123 1239 5201 Tyclroni
1264 5123 1369 5196 Brabe,
1393 5123 1431 5182 ad
1447 5125 1601 5199 pauciores
1625 5140 1732 5186 causas
1746 5141 1791 5185 re·

432 5214 576 5290 spicienti,
600 5228 715 5273 summa
738 5210 901 5273 differentia
922 5212 979 5271 boe
992 5208 1092 5270 seculo
1116 5219 1161 5271 est
1178 5205 1269 5272 hor'tm
1292 5212 1379 5271 unius
1401 5218 1431 5271 ct
1452 5212 1630 5271 minutorum
1654 5213 1792 5290 quinque.
