4459 6275
895 762 980 825 hbes
995 767 1110 826 Primos
1144 766 1213 825 Pers
1230 766 1340 838 Quinte.
1538 809 1542 817 ι
1732 773 1794 835 lib

442 944 547 1019 motui,
579 922 676 1022 moue
707 950 792 1005 teuto
821 942 940 1018 iertior,
967 952 1079 1025 quanto
1107 947 1204 1023 major
1234 917 1279 1007 est
1301 947 1388 1022 copia
1409 945 1549 1006 materiae
1585 947 1614 1005 iu
1636 920 1804 1024 angustum

443 1033 820 1182 mabagdrtddedLTerrsc
844 1120 899 1180 etsi
920 1127 1002 1180 motu
1025 1119 1177 1181 rectilineo
1204 1119 1340 1180 deorsum
1362 1125 1530 1195 moventur,
1562 1106 1592 1178 i'd
1615 1126 1793 1182 tamennon

440 1205 471 1266 tt
491 1223 590 1284 neque
612 1214 733 1286 propter
755 1208 883 1284 speeiem
904 1217 1003 1269 motus
1026 1207 1214 1291 rectilineum,
1236 1224 1333 1284 neque
1355 1214 1473 1284 propter
1490 1207 1609 1285 plagam
1624 1211 1719 1285 ipsam
1741 1227 1794 1286 per

439 1310 485 1375 se,
515 1311 614 1372 neque
635 1302 754 1373 propter
775 1302 871 1355 motus
895 1299 1063 1356 essentiam.
1108 1296 1174 1355 lion
1197 1297 1337 1372 primum:
1364 1312 1433 1354 nam
1456 1312 1522 1355 curn
1544 1303 1643 1372 partes
1665 1313 1698 1356 se
1720 1299 1793 1374 ipsis
1921 1306 1924 1317 '

438 1383 496 1442 sint
519 1384 637 1457 inertes,
660 1398 755 1459 aeque
778 1392 867 1459 atque
890 1387 954 1462 ipsa
976 1390 1040 1443 tete
1051 1382 1156 1458 Terra,
1179 1388 1238 1442 uon
1260 1383 1355 1458 magis
1377 1399 1410 1442 se
1429 1383 1502 1459 ipsis
1524 1383 1563 1442 ad
1586 1383 1791 1444 rectitudinem

432 1475 536 1553 umatus
558 1470 711 1550 inclinant,
734 1487 822 1546 qnam
845 1468 883 1529 ad
906 1471 1139 1545 circularitatem,
1163 1468 1215 1531 sed
1237 1478 1270 1529 nt
1293 1469 1420 1546 quilibet
1430 1477 1527 1530 motus
1550 1488 1587 1531 ex
1609 1473 1706 1532 causis
1728 1475 1791 1549 suis

439 1558 662 1636 impressionem
684 1559 715 1616 iu
736 1556 803 1618 illas
824 1557 908 1633 iacit,
939 1561 982 1618 sic
1004 1557 1103 1620 earum
1119 1559 1260 1624 ‚inertiam
1284 1559 1383 1618 vincit.
1428 1558 1495 1618 Non
1517 1559 1695 1619 seeundum:
1723 1563 1794 1637 quia

438 1644 647 1723 pingereque
670 1644 806 1706 absolute
829 1645 942 1720 dicitur,
966 1663 1062 1724 neque
1084 1652 1220 1723 respectu
1242 1645 1332 1705 totius
1355 1645 1508 1706 machinae
1531 1644 1715 1723 mundanae,
1739 1648 1793 1708 sed

438 1739 571 1811 respectu
593 1732 686 1799 solius
708 1732 832 1807 Terrae,
862 1734 1030 1810 ubicunque
1058 1732 1110 1792 illa
1133 1734 1226 1796 luerit
1270 1731 1374 1792 Partes
1403 1735 1480 1792 euim
1503 1733 1611 1795 Terrae
1640 1751 1699 1794 non
1725 1752 1792 1796 me·

440 1826 544 1880 rentur
565 1820 719 1895 aliorsum,
750 1837 839 1898 quam
869 1838 971 1882 sersus
993 1821 1114 1882 Terram
1137 1821 1248 1898 ipsam,
1279 1825 1369 1897 atque
1399 1819 1430 1879 id
1452 1819 1548 1881 selum
1576 1821 1713 1883 deorsum
1736 1832 1790 1884 est

438 1907 502 1968 lion
524 1908 658 1969 tertium
681 1925 751 1968 nam
771 1924 831 1968 non
852 1917 1008 1969 moventur
1030 1916 1129 1986 partes
1151 1907 1259 1969 Terrae
1287 1914 1369 1968 motu
1391 1907 1556 1983 rectilineo,
1590 1916 1625 1970 nt
1645 1927 1790 1972 moreau·

441 2001 494 2071 tur,
515 1994 570 2057 sed
592 2003 627 2057 nt
647 1997 809 2074 quieseunt,
833 2004 866 2055 ut
888 1996 1000 2056 scilicet
1022 1998 1161 2056 uniantur
1183 2013 1238 2056 suo
1261 1997 1325 2056 teti.

524 2084 555 2143 3.
579 2083 645 2144 Etsi
666 2085 771 2162 nequit
792 2099 882 2143 nuum
905 2099 1010 2162 corpus
1032 2083 1142 2145 habere
1164 2083 1239 2144 duos
1252 2090 1350 2142 motus
1370 2083 1531 2143 contrarios
1554 2101 1613 2145 uno
1636 2093 1667 2145 et
1688 2076 1792 2148 eode'm

439 2177 575 2249 respectu
596 2178 627 2233 et
648 2179 753 2249 suapte
775 2169 973 2248 inclinatione,
996 2170 1069 2239 nihil
1091 2179 1190 2231 tamen
1212 2169 1342 2247 impedit,
1364 2169 1474 2231 babere
1495 2170 1594 2248 plmes
1610 2180 1707 2234 motus
1730 2173 1793 2235 dle·

440 2265 570 2334 puratos,
593 2265 646 2320 aut
668 2260 828 2320 conumios
851 2258 979 2336 quidem,
1002 2258 1054 2319 sed
1077 2257 1202 2338 diversis
1223 2257 1415 2334 respectibus,
1432 2276 1458 2318 a
1480 2257 1636 2335 disparatis
1660 2261 1792 2338 ejusdem

439 2348 571 2424 corporis
594 2346 696 2408 formis
718 2345 934 2424 dependentes,
957 2354 1009 2407 aut
1030 2363 1089 2406 non
1108 2347 1228 2423 propria
1251 2345 1455 2420 inclinatione,
1478 2346 1531 2406 sed
1554 2347 1593 2407 ob
1616 2364 1721 2409 causam
1743 2349 1792 2411 rei

438 2440 593 2495 sameas
622 2434 671 2495 rel
695 2436 877 2496 assistentes.
921 2434 998 2494 Nam
1019 2433 1133 2511 lingula
1160 2434 1326 2510 magnetica
1347 2432 1441 2493 ferrea
1472 2439 1531 2493 tres
1552 2434 1644 2496 babet
1672 2444 1790 2499 motus:

438 2538 529 2582 unum
551 2524 708 2600 gravitatis
736 2521 887 2597 deorsum,
913 2521 1039 2582 alterum
1063 2521 1229 2582 directionis
1252 2519 1291 2581 ad
1313 2519 1413 2597 polos,
1445 2523 1563 2581 tertium
1585 2521 1791 2585 declinationis

438 2607 475 2669 sd
497 2627 623 2688 megum
645 2613 827 2671 continentes
850 2617 902 2671 aut
923 2611 1090 2686 magnetica
1113 2610 1225 2683 vicina,
1254 2609 1304 2668 ubi
1332 2609 1490 2667 miscentur
1518 2609 1638 2670 effectus
1669 2612 1698 2670 in
1721 2629 1791 2687 pro·
1882 2668 1887 2679 ,

437 2699 572 2775 portione
603 2698 812 2777 principiorum
841 2698 1041 2758 motoriorum.
1097 2696 1143 2756 Ita
1176 2695 1306 2773 signiferi
1338 2694 1491 2756 brachium
1529 2706 1656 2772 quatuor
1688 2697 1792 2758 eodem

439 2790 573 2863 tempore
594 2787 724 2847 motibus
747 2793 897 2847 movetur:
927 2786 1037 2863 primns
1059 2790 1104 2844 est
1126 2785 1289 2861 gravitatis,
1311 2784 1424 2843 ratione
1440 2785 1589 2859 materiae,
1613 2802 1671 2862 qno
1694 2783 1737 2861 fit,
1759 2797 1793 2846 ut

440 2871 592 2934 bruclrlum
614 2881 776 2934 surrectum
803 2873 928 2949 defluat3
951 2872 1025 2932 aiter
1047 2878 1101 2945 est,
1125 2874 1177 2948 qui
1192 2870 1312 2931 medicis
1329 2870 1471 2931 naturalis
1486 2870 1599 2946 dicitur,
1622 2874 1790 2933 nutritionis

440 2976 474 3020 ex
496 2969 664 3022 commeatu
687 2977 855 3036 succorum,
888 2959 1014 3020 didcntie
1035 2976 1068 3020 ee
1095 2961 1125 3017 in
1148 2961 1277 3036 spatium
1299 2957 1441 3035 amplius3
1474 2959 1577 3020 tertius
1606 2966 1651 3020 cst
1679 2960 1789 3035 vitalis,

439 3047 507 3109 dum
530 3049 652 3127 pulsant
674 3052 815 3126 arteriae3
844 3054 965 3125 quadus
995 3053 1041 3108 est
1068 3046 1220 3121 animalis,
1251 3046 1320 3106 dum
1351 3047 1518 3107 animasti
1546 3048 1700 3125 surrigitur
1722 3049 1791 3108 bra·

439 3133 536 3198 obium
559 3140 590 3197 ln
613 3136 723 3212 altum,
752 3145 856 3198 tenens
878 3143 909 3198 et
931 3135 1077 3196 ventilans
1099 3133 1250 3197 vexillum.
1296 3132 1406 3195 Omnes
1430 3142 1557 3211 quatuor
1586 3142 1711 3213 possunt
1732 3136 1791 3197 diei
1825 3144 1828 3150 '

438 3223 597 3299 naturales,
621 3243 657 3287 eo
681 3224 762 3303 quod
784 3242 889 3286 causae
912 3242 982 3284 suas
1004 3221 1053 3284 vel
1075 3224 1104 3281 in
1128 3224 1226 3283 anima
1249 3221 1297 3283 vel
1320 3224 1495 3299 incorpore,
1519 3222 1634 3284 duabus
1655 3225 1790 3301 partibus

439 3312 661 3394 esseutialibus,
683 3313 823 3382 habeant.
868 3312 915 3372 Ita
944 3311 1030 3371 turbo
1061 3327 1120 3371 uno
1149 3317 1179 3371 et
1201 3309 1305 3370 eodem
1334 3318 1464 3387 tempore
1494 3309 1581 3371 simul
1604 3310 1713 3372 decidit
1738 3330 1792 3391 per

438 3403 535 3462 reram
557 3400 748 3473 naturaliter,¹
776 3398 914 3460 evolutus
943 3398 1126 3474 sieuicnlo,
1154 3397 1240 3457 simul
1269 3405 1382 3457 rotatur
1412 3400 1489 3459 cirea
1518 3415 1602 3459 axem
1616 3457 1618 3461 Α
1632 3406 1714 3459 motu
1737 3418 1791 3461 ex-

437 3488 550 3566 traneo,
574 3506 627 3566 per
649 3489 847 3565 qomsatlonis
874 3487 936 3547 vim
958 3493 1111 3563 concepto.
1157 3483 1274 3560 Quanto
1296 3486 1390 3564 magis
1421 3486 1528 3564 poterit
1549 3488 1645 3549 inesse
1672 3488 1702 3547 in
1725 3488 1791 3565 ipsa

438 3573 529 3637 Terra
552 3582 625 3651 tota,
649 3582 795 3654 quatenus
817 3582 893 3648 tota,
922 3580 1020 3634 motus
1043 3572 1262 3634 consolationis
1291 3575 1369 3633 eirea
1390 3590 1475 3633 suum
1498 3591 1583 3634 axem
1615 3574 1653 3634 ab
1675 3577 1791 3636 interna

438 3668 465 3723 et
486 3665 611 3741 perenni
641 3682 734 3726 eausa
762 3660 952 3742 dependens?
996 3678 1062 3722 cnm
1090 3661 1177 3720 turbo
1200 3669 1268 3722 actu
1290 3663 1390 3737 gravis
1412 3662 1451 3720 sit
1480 3668 1509 3720 et
1537 3661 1668 3737 decidat,
1700 3662 1790 3724 Terra

437 3757 511 3824 tote,
536 3759 683 3829 quatenns
705 3758 778 3826 tots,
801 3749 883 3810 nulle
905 3750 1059 3827 gravitatis
1081 3753 1230 3809 momento
1253 3751 1282 3807 in
1305 3747 1394 3807 ullam
1418 3747 1535 3827 plagam
1552 3751 1697 3826 rapiatur,
1719 3768 1790 3828 par·

436 3842 479 3898 ms
503 3836 613 3899 Terrae
635 3856 742 3917 graves
766 3837 883 3916 quidem
905 3840 964 3897 sint
986 3839 1119 3914 potentia
1140 3841 1275 3913 respectu
1298 3837 1397 3910 totins,
1420 3842 1453 3895 at
1475 3843 1542 3896 acin
1564 3853 1623 3896 non
1645 3854 1790 3899 movean-

409 3965 411 3969 -
437 3931 483 3985 tur
505 3924 545 3986 ad
567 3925 698 4003 Terram,
728 3927 838 4004 quippe
861 3942 937 4007 quae
960 3924 1046 3985 finem
1069 3931 1167 3983 motus
1189 3925 1358 4000 gravitatis,
1382 3939 1458 3999 quae
1481 3930 1525 3984 est
1547 3925 1640 3985 unitio
1657 3927 1789 4002 ¹partium

436 4028 502 4074 cum
525 4019 604 4087 toto,
623 4013 686 4091 jam
709 4013 872 4077 obtineant.
1844 4007 1846 4011 ⁴
1875 4081 1878 4086 ,

523 4100 560 4161 Si
584 4100 681 4161 Tmo
708 4104 857 4161 maurice
883 4102 1003 4161 ratione
1031 4100 1177 4158 renititur
1202 4098 1301 4158 motui
1329 4096 1490 4172 circulari,
1519 4098 1668 4158 violentus
1695 4100 1791 4176 ipitur

436 4190 494 4247 erit
514 4195 618 4249 moises
638 4190 703 4264 ήιιι
725 4189 858 4249 &umes
890 4196 918 4248 et
948 4190 992 4247 rie
1009 4194 1176 4265 perpetuus
1204 4202 1262 4245 csse
1288 4202 1354 4246 nort
1378 4186 1499 4261 poteris.
1543 4183 1688 4261 Equidem
1709 4184 1790 4246 baud

433 4277 617 4353 negaverim,
639 4277 774 4338 inertiam
796 4275 873 4337 banc
896 4273 1076 4358 materialem
1098 4276 1228 4351 corporis
1250 4271 1377 4333 Telluris
1404 4271 1442 4331 ad
1464 4278 1576 4333 motum
1603 4279 1632 4333 et
1653 4274 1786 4350 densita·

434 4366 492 4423 tem
516 4361 651 4439 ejusdem
673 4381 739 4425 esse
761 4362 870 4440 sedem,
894 4365 923 4422 in
947 4380 1036 4439 quam
1057 4363 1233 4439 imprimitur
1248 4362 1376 4438 impetus
1393 4361 1548 4421 rotationis
1571 4360 1675 4422 eodem
1689 4360 1788 4438 modo,

437 4465 498 4528 quo
521 4450 553 4510 id
567 4450 609 4510 lit
631 4452 659 4510 in
683 4451 799 4512 turbine
823 4445 966 4511 violenter
989 4452 1174 4524 circumacto,
1199 4450 1284 4525 cujus
1307 4465 1366 4525 qno
1388 4446 1578 4527 ponderosior
1592 4456 1638 4510 est
1658 4453 1790 4526 materia,

435 4535 494 4598 boe
515 4536 686 4600 ielleinsln
710 4538 791 4599 illam
814 4538 955 4599 incumbit
978 4540 1023 4597 vis
1048 4544 1177 4612 externa,
1200 4536 1257 4597 hoc
1272 4535 1380 4597 diutius
1398 4534 1482 4597 durat
1505 4536 1543 4596 ab
1557 4535 1611 4596 illa
1632 4539 1790 4617 impressus

435 4632 550 4701 metuet
572 4625 692 4703 plumae
714 4643 786 4687 varo
809 4633 839 4687 et
860 4621 968 4686 similis
991 4642 1125 4704 corpora,
1148 4641 1225 4701 quae
1247 4623 1358 4684 nullam
1374 4623 1484 4684 habent
1497 4625 1701 4698 resistentiam,
1723 4642 1790 4684 mo·
1847 4632 1850 4636 '

432 4718 495 4773 tum
515 4729 577 4773 nou
600 4713 687 4775 iacile
709 4715 892 4792 concipiunt,
926 4729 980 4774 nec
1002 4712 1205 4791 scorpionibus
1235 4710 1406 4772 satiandis
1436 4717 1505 4772 sont
1534 4719 1614 4789 apta.
1661 4712 1701 4772 At
1723 4730 1789 4773 cum

433 4798 597 4861 violentum
626 4803 743 4880 proprie
767 4801 898 4863 dicamus
921 4799 1005 4861 illam
1027 4808 1157 4877 metum,
1190 4817 1255 4861 oum
1286 4797 1407 4876 aliquod
1437 4816 1541 4878 eorpus
1569 4807 1705 4861 moretur
1734 4798 1790 4857 ad·

433 4890 558 4949 rentitio
590 4896 672 4949 motu
703 4898 805 4950 contra
833 4896 969 4948 naturam
1001 4907 1100 4949 seam:
1128 4895 1258 4963 motum,
1291 4904 1379 4964 quem
1410 4886 1496 4948 interi
1524 4887 1619 4948 torma
1640 4888 1789 4958 materiae,

435 4973 562 5039 iecrritss
586 4976 634 5037 vel
660 4978 758 5037 anima
779 4992 834 5038 suo
857 4977 989 5053 corpori,
1019 4994 1078 5036 non
1101 4976 1230 5037 solemus
1262 4983 1362 5035 contra
1384 4981 1519 5035 naturam
1542 4981 1690 5054 reputare,
1724 4989 1788 5031 cem

435 5061 510 5123 nllril
532 5065 573 5124 sit
594 5057 692 5141 magia
714 5063 847 5125 naturale
869 5065 1010 5125 materiae
1033 5082 1122 5141 quem
1144 5081 1199 5125 eea
1213 5063 1315 5138 terme,
1340 5063 1462 5141 corpori,
1485 5079 1574 5141 quam
1596 5079 1650 5122 sne
1664 5058 1790 5120 iaeultas

434 5148 482 5212 sel
495 5195 501 5212 ,
514 5152 627 5213 anima.
672 5150 797 5231 Magnes
828 5158 932 5213 natare
960 5153 1101 5214 materiae
1130 5150 1226 5214 tendit
1252 5149 1404 5225 deorsum,
1434 5157 1467 5210 at
1496 5156 1603 5211 natura
1632 5162 1789 5225 corporeae

438 5236 550 5302 iormre
578 5238 718 5318 spectatis
747 5237 882 5303 aseendit
909 5236 947 5301 ad
976 5248 1143 5319 magnetem
1173 5238 1280 5315 altera3
1312 5254 1367 5299 nec
1393 5244 1492 5300 temen
1520 5236 1550 5298 id
1572 5235 1606 5297 fle
1634 5234 1788 5296 violenter.
