4459 6275
943 799 1026 856 leber
1043 799 1159 856 Primus.
1663 808 1722 866 lue

371 992 425 1034 ceu
460 994 548 1050 rasa,
583 975 660 1038 uude
686 985 792 1056 poetae
821 981 963 1039 oceanum
993 980 1103 1040 iaciunt
1139 986 1250 1057 patrem
1277 996 1381 1040 rerum.
1427 978 1486 1037 Alii
1515 985 1617 1039 contra
1645 988 1728 1039 extra

371 1079 516 1122 ooeauum
544 1068 627 1125 terris
657 1066 860 1126 circumfusum
890 1066 980 1126 alium
1008 1068 1177 1145 concipiunt
1204 1073 1296 1128 terrae
1326 1067 1467 1146 limbum,
1495 1068 1545 1142 qui
1577 1069 1725 1126 contineat

371 1167 514 1210 oceanum
537 1169 573 1211 ne
595 1151 709 1226 adluat,
738 1153 885 1230 iidemque
916 1163 944 1215 et
966 1156 1155 1213 substemuot
1178 1157 1203 1214 ei
1226 1164 1331 1214 terram
1355 1153 1456 1214 eadem
1481 1154 1517 1213 de
1540 1170 1644 1226 eausa,
1678 1155 1722 1213 di·

370 1245 481 1312 ceutes,
504 1257 596 1316 aquas
610 1243 745 1301 sustiueri
767 1243 891 1301 ateiris,
927 1241 1047 1302 Praeter
1069 1242 1124 1302 hos
1139 1250 1208 1301 sunt
1231 1251 1259 1301 et
1274 1243 1357 1314 tertii,
1382 1243 1488 1318 quibus
1511 1258 1577 1301 cunr
1594 1257 1724 1301 oceanus

372 1325 508 1385 rideatur
530 1327 618 1386 altior
640 1345 703 1388 esse
727 1318 865 1401 terris,'si
888 1329 953 1404 quis
977 1328 1209 1407 inspiciatillum
1232 1348 1267 1390 ex
1290 1329 1432 1403 litoribus,
1456 1328 1523 1389 ideo
1540 1327 1597 1387 illis
1620 1331 1724 1389 existi-

372 1422 469 1472 matur
491 1421 568 1473 terra
590 1417 673 1490 quasi
696 1415 823 1476 demissa
844 1418 919 1475 iuter
933 1434 1026 1492 aquas
1049 1415 1165 1476 fundari
1187 1429 1217 1475 st
1239 1416 1378 1476 custodiri
1402 1416 1491 1476 ailei
1513 1417 1726 1494 omnipotentia

370 1501 638 1579 supernaturaliter,
664 1519 701 1563 oe
723 1505 907 1564 imminentes
929 1521 966 1565 ex
988 1504 1049 1564 alto
1071 1522 1168 1581 aquae
1190 1510 1372 1564 revertantur
1393 1506 1505 1582 operire
1528 1499 1648 1585 eumd)

463 1588 547 1665 Quid
559 1606 630 1651 cero
642 1598 757 1666 putent
771 1592 863 1668 odeo
875 1591 1024 1652 numani
1045 1594 1169 1667 utrique
1183 1594 1238 1664 rei,
1258 1592 1369 1651 Terrae
1390 1609 1427 1650 ae
1451 1599 1479 1650 et
1493 1585 1610 1667 Aquini
1634 1593 1725 1666 Cogi·

372 1668 502 1735 tarrtibua
524 1674 691 1737 hominibus
713 1677 749 1738 de
771 1677 973 1752 fundamento,
1003 1682 1050 1738 eui
1072 1687 1155 1739 tanta
1185 1687 1324 1739 terrerum
1346 1679 1438 1739 moles
1461 1681 1615 1750 innitatur,
1650 1677 1725 1739 adeo

370 1772 401 1820 ut
424 1771 469 1823 tot
489 1763 551 1838 jam
574 1765 680 1824 seculis
703 1765 784 1826 finus
806 1774 836 1826 et
858 1765 1014 1826 immobilis
1037 1774 1095 1826 stet
1113 1784 1167 1826 nec
1191 1766 1324 1826 deorsum
1346 1766 1485 1840 labascat,
1510 1766 1602 1825 multe
1628 1767 1725 1825 odou-

371 1848 450 1908 ditur
474 1850 578 1926 caligo,
602 1853 714 1928 fuitque
736 1860 766 1913 et
788 1854 862 1913 inter
884 1856 995 1932 priscos
1019 1853 1209 1932 philosophos
1231 1853 1411 1926 Heraclitus,
1435 1861 1464 1913 et
1487 1856 1561 1912 inter
1583 1851 1725 1913 ecclesie·

369 1938 463 1997 atiena
492 1941 646 2016 scriptores
678 1939 862 2016 hactauhus,
904 1943 953 2016 qui
984 1940 1129 2014 dicerent,
1157 1941 1237 2000 illum
1267 1942 1386 2000 infinitis
1414 1941 1561 2000 radicibus
1591 1940 1725 2000 deorsum

370 2024 499 2084 extendi
1699 2050 1702 2057 ·

461 2113 545 2189 (incid
565 2115 687 2174 undem
709 2114 744 2173 de
765 2116 863 2175 ubero
877 2115 988 2175 mnndi
1005 2124 1105 2191 porte,
1127 2133 1166 2175 es.
1188 2116 1224 2174 ele
1245 2116 1324 2175 coelo
1346 2118 1469 2191 ejsuque
1490 2114 1727 2190 magnitudine?

372 2197 496 2258 Coelum
518 2202 684 2261 existimant
705 2201 838 2262 homines
859 2220 918 2262 noo
941 2201 1033 2263 multo
1056 2203 1153 2278 majos
1176 2220 1239 2262 esse
1264 2211 1404 2262 terrarum
1428 2203 1513 2277 orbe,
1537 2205 1644 2280 quippe
1667 2204 1726 2262 cir-

371 2287 438 2345 culo
462 2293 592 2348 exhomo
614 2292 696 2349 terris
719 2298 748 2351 et
771 2304 881 2350 oceano
903 2292 1138 2363 connexum,·itn
1161 2298 1195 2349 ut
1216 2293 1349 2350 terminet
1372 2300 1479 2363 terras,
1510 2290 1725 2369 progredienti·

371 2375 487 2450 bosque
515 2392 551 2435 eo
579 2393 690 2459 usque,
721 2378 747 2435 si
770 2377 830 2436 lieri
852 2386 966 2455 posset,
1000 2395 1064 2437 esse
1088 2394 1244 2437 occursuro
1266 2385 1395 2437 extrenm
1416 2377 1506 2450 coeli,
1537 2377 1726 2455 impedientia

372 2478 558 2538 progressum
589 2464 761 2524 ulteriorem.
818 2465 862 2523 dd
890 2484 977 2541 quam
1005 2465 1156 2524 hominurn
1189 2466 1426 2540 imaginationem
1456 2483 1488 2524 se
1521 2463 1725 2525 accommodat

298 2563 301 2572 ·
373 2551 461 2608 etiam
484 2545 641 2626 scriptura:
671 2551 706 2611 Si
726 2554 847 2629 sensnm
869 2553 994 2628 stuperet
1016 2571 1110 2628 usqne
1133 2553 1176 2612 ed
1196 2559 1339 2612 menso,
1353 2552 1440 2626 coeli,
1464 2552 1533 2612 trude
1555 2570 1608 2612 coa
1629 2553 1728 2613 recol·

371 2637 475 2712 liquam
522 2639 569 2697 Ab
590 2643 776 2699 mandute
797 2645 922 2716 cproeaio
936 2641 1008 2714 ejus,
1032 2648 1061 2698 st
1081 2657 1222 2700 occurram
1235 2642 1300 2713 ains
1321 2657 1417 2716 eaque
1438 2639 1481 2698 od
1506 2643 1727 2700 extremitatem
1802 2704 1808 2718 „

372 2726 443 2793 eina.
481 2721 544 2803 (Pa.
568 2722 625 2805 19.)
815 2722 817 2726 ’
1165 2785 1169 2800 ,
1307 2744 1314 2773 ‘-

458 2811 565 2888 Itaque
594 2816 699 2890 potitae
726 2812 878 2873 Atlantem
904 2823 1047 2890 montom,
1077 2817 1106 2872 in
1137 2821 1266 2875 exnemo
1289 2813 1405 2873 Africae
1436 2813 1521 2874 litore
1543 2815 1727 2881 altissimum,

374 2897 508 2958 dixerunt
530 2899 658 2961 humeris
679 2907 794 2978 portare
817 2902 948 2975 coelom,
972 2910 1000 2962 et
1023 2894 1170 2961 Homerus
1193 2901 1356 2977 Aethiopes
1379 2899 1504 2960 collocat
1526 2901 1564 2961 ad
1588 2903 1729 2962 exhomi-

373 2993 449 3046 tates
472 2994 554 3046 ortus
577 2995 606 3048 at
628 3003 764 3062 occasus,
797 2991 979 3063 existimans,
1007 2989 1106 3050 Solem
1131 2990 1168 3048 ob
1192 2988 1267 3048 hanc
1296 2986 1370 3048 coeli
1394 2996 1424 3047 et
1445 2988 1552 3049 Terrae
1581 2992 1728 3066 contigui·

372 3081 462 3132 tatem
486 3072 562 3133 adeo
584 3077 778 3153 propinquum
799 3077 871 3155 ipsis
893 3077 967 3150 ieri,
996 3086 1029 3136 ut
1050 3095 1150 3136 eornm
1171 3084 1267 3136 eutem
1290 3074 1403 3135 adurat.

462 3161 565 3239 Quam
586 3170 699 3238 putent
712 3179 770 3222 esre
792 3166 1042 3241 medonensem?
1065 3165 1151 3225 Oculi
1174 3163 1344 3225 adscribunt
1363 3163 1446 3225 coelo
1462 3164 1583 3241 figuram
1600 3166 1728 3237 tentorii,

372 3263 459 3325 super
482 3256 582 3310 nemra
600 3251 697 3327 eapite
719 3268 865 3329 superque
879 3252 988 3326 Solem,
1012 3253 1127 3313 Lunam
1142 3260 1171 3313 et
1192 3251 1292 3312 stellas
1307 3253 1437 3326 expansi,
1460 3269 1512 3312 asu
1535 3253 1634 3330 potios
1649 3252 1729 3327 figo·

372 3353 433 3395 ram
461 3337 597 3410 fornicis,
634 3347 763 3398 terrenae
793 3339 925 3416 planitiei
956 3342 1122 3414 innitentia,
1151 3357 1222 3399 arcu
1251 3338 1354 3399 leuiter
1387 3340 1493 3399 arduos
1525 3342 1568 3400 sic
1600 3346 1632 3397 ut
1659 3355 1729 3416 pars

372 3423 446 3485 oceli
478 3441 569 3501 supra
602 3427 735 3485 verticem
769 3429 808 3485 sit
840 3426 932 3486 multo
965 3430 1084 3505 propior
1116 3429 1289 3504 spectatori,
1327 3444 1416 3502 quam
1447 3436 1546 3503 partes
1579 3427 1729 3486 montibus

372 3513 538 3588 contiguae.

462 3598 548 3676 Quid
566 3616 658 3674 super
678 3609 764 3661 moto
784 3604 960 3677 concipient
981 3602 1138 3683 homines?
1170 3601 1291 3662 coelum
1313 3609 1505 3663 moveaturne
1527 3620 1565 3661 sn
1588 3603 1728 3678 quiescet,

374 3687 440 3744 risu
461 3702 523 3744 uon
546 3685 724 3762 discernitur,
748 3690 856 3766 qnippe
879 3690 943 3766 ejus
965 3690 1147 3749 substantiae
1163 3692 1291 3749 tenuitas
1313 3690 1415 3765 effugit
1431 3688 1542 3761 oculos,
1566 3690 1624 3748 nisi
1640 3688 1730 3764 quod,

371 3790 448 3849 quac
470 3772 582 3833 nullam
606 3773 699 3835 oculis
710 3778 881 3837 varietatem
904 3777 1054 3851 objiciunt,
1077 3778 1228 3852 quiescere
1245 3774 1388 3835 videntur.
1427 3774 1514 3847 Solis,
1540 3775 1640 3835 leonae
1657 3775 1732 3834 stel-

371 3860 525 3937 larumque
548 3862 599 3920 elil
622 3871 709 3938 atque
732 3862 783 3923 alii
810 3866 884 3925 situs
906 3864 944 3923 ad
967 3865 1164 3923 extremitates
1187 3863 1341 3923 Teucrum
1364 3861 1559 3939 aspectabiles
1584 3864 1732 3922 incurrunt

371 3950 400 4005 in
430 3947 544 4008 oculos.
588 3948 702 4009 Etenim
728 3951 848 4011 ,videtur
870 3951 921 4011 Sol
952 3953 1016 4010 nisu
1043 3949 1171 4025 quodam
1201 3952 1276 4010 inter
1305 3951 1420 4010 coelum
1442 3958 1473 4010 et
1504 3957 1618 4008 montes
1641 3964 1731 4008 ocea-

370 4052 479 4095 numsa
500 4036 666 4096 immobiles
694 4054 839 4116 emergere
867 4047 898 4098 et
924 4041 1009 4115 quasi
1033 4056 1048 4097 e
1071 4037 1201 4097 thalamo
1225 4039 1319 4108 exire,
1353 4037 1514 4113 eodemque
1542 4036 1630 4095 modo
1655 4034 1730 4096 coeli

369 4123 510 4183 fornicem
532 4140 666 4184 emmaus
686 4126 717 4183 iu
739 4127 876 4203 opposita
890 4126 979 4203 plaga
1000 4143 1066 4186 asse
1080 4143 1194 4184 rursum
1217 4124 1351 4198 condere,
1374 4128 1416 4184 sic
1440 4127 1529 4185 etiarn
1545 4122 1639 4196 Luna,
1662 4122 1729 4199 pla·

369 4218 457 4271 netas
487 4216 625 4287 totusque
657 4212 785 4290 reliquus
813 4211 961 4273 stellarum
996 4215 1155 4288 exereitus,
1191 4215 1276 4291 quasi
1308 4212 1500 4289 procederent
1529 4212 1671 4270 instructa
1701 4220 1757 4270 et-

369 4298 444 4358 bene
469 4298 616 4358 custodite
638 4302 709 4372 acie,
732 4291 811 4376 prior
833 4300 914 4375 haec,
938 4302 990 4361 illa
1012 4304 1156 4378 posterior
1178 4301 1346 4372 discedens,
1370 4299 1522 4378 quaelibet
1544 4315 1599 4358 suo
1621 4296 1730 4357 ordino.

456 4385 564 4462 Itaque
587 4402 653 4446 cum
675 4397 742 4464 post
764 4388 882 4449 ultimas
904 4399 995 4449 terras
1019 4396 1152 4449 occurrat
1174 4407 1311 4461 oceanus,
1335 4389 1442 4464 vulgus
1462 4386 1614 4446 bominum
1637 4394 1730 4461 purat,

369 4472 470 4533 Solem
501 4475 531 4531 iu
559 4489 699 4534 oceanum
729 4477 859 4554 immergi
895 4480 1100 4554 exstinguique
1130 4485 1159 4536 et
1188 4476 1319 4554 quotidie
1353 4478 1383 4533 in
1415 4475 1552 4551 opposita
1582 4480 1665 4550 parte
1696 4491 1730 4533 ex

370 4577 484 4621 maeno
514 4562 592 4620 exire
622 4578 739 4622 noxum.
785 4564 851 4625 Hoc
875 4566 962 4641 igitur
984 4567 1134 4623 imitentur
1163 4570 1267 4641 poitae
1289 4565 1351 4622 suis
1375 4561 1554 4621 fictionibus.
1600 4560 1678 4635 Quin
1701 4568 1732 4620 et

367 4647 539 4725 philosophi
568 4649 688 4726 quidam
709 4652 912 4728 prodiderunt,
943 4656 973 4710 in
1003 4651 1112 4711 ultimis
1137 4653 1306 4711 Lusitaniae
1336 4649 1470 4709 litoribus
1500 4646 1631 4708 exaudiri
1662 4651 1731 4707 stri·

368 4736 469 4796 dorem
494 4737 606 4809 oseam,
629 4738 760 4799 flammas
782 4740 861 4800 Solis
883 4742 1105 4815 exstinguentis,
1129 4749 1161 4797 ut
1184 4739 1289 4797 Strabo
1312 4744 1530 4796 commemorat

456 4823 506 4882 De
528 4826 740 4899 mopnitrrdine
761 4835 915 4887 anorum
938 4828 1015 4904 qnid
1035 4829 1143 4886 statuit
1164 4826 1295 4901 oadqrn?
1321 4824 1386 4882 Non
1411 4823 1514 4882 eadem
1536 4838 1651 4899 semper
1672 4837 1730 4896 pu·

368 4919 447 4970 tatur
471 4927 537 4971 esse
559 4928 660 4972 eorum
681 4914 863 4991 magnitudo.
910 4914 962 4975 Sol
984 4916 1076 4987 enim,
1107 4930 1174 4973 eum
1197 4915 1288 4973 oritur
1310 4917 1361 4967 aut
1383 4927 1448 4969 cum
1474 4909 1596 4981 occidit,
1628 4909 1733 4984 ingens

367 5005 503 5075 apparat,
528 5000 629 5074 itaque
651 5002 680 5057 in
704 5003 873 5077 egressione
896 5011 925 5061 et
948 5002 1091 5079 principio
1114 5017 1215 5061 cursus
1239 5006 1424 5074 comparatur
1439 4995 1560 5072 Giganti
1582 4993 1643 5075 (Ps.
1674 4994 1731 5074 19).

367 5085 418 5144 Sic
439 5085 542 5161 Luna,
574 5103 639 5146 cum
661 5085 748 5165 pleno
772 5090 854 5149 vultu
877 5091 984 5163 oritur,
1014 5091 1113 5164 magni
1137 5089 1217 5148 vasis
1248 5087 1347 5145 orbem
1378 5101 1431 5144 seu
1459 5082 1580 5142 tondum
1604 5101 1733 5162 aequare

368 5171 497 5232 ridetur.
541 5172 667 5251 Propius
693 5177 831 5239 xerdesm
854 5178 906 5237 ubi
929 5177 1035 5238 luerint
1056 5176 1109 5237 Sol
1131 5185 1162 5236 et
1182 5176 1280 5246 Luna,
1312 5172 1433 5232 humaui
1455 5172 1515 5230 iere
1538 5170 1640 5231 vultus
1663 5171 1733 5232 lati-

367 5258 501 5322 todirram
522 5277 594 5339 praa
613 5278 649 5324 aa
670 5263 775 5340 tasoot,
797 5267 873 5327 inter
895 5281 928 5328 se
950 5264 1091 5342 amodes
1113 5270 1144 5325 st
1165 5260 1238 5324 disat
1259 5260 1341 5339 plani
1364 5258 1513 5320 cumbria
1535 5257 1638 5335 ligura
1684 5259 1734 5323 Sic
