4459 6275
428 744 502 831 uro
670 736 673 743 ’
902 754 1323 829 ussum-mansum
1428 826 1436 835 .

433 894 1788 1017 wumuummmrnismdtasdmnn3unimu-preuoqaeihen

435 1025 594 1103 adjidntnr
614 1022 688 1103 loeis
709 1022 790 1085 Solis
813 1024 975 1087 sthunao
997 1024 1119 1085 diurnus
1139 1022 1236 1099 snm,
1267 1022 1382 1085 distare
1408 1020 1675 1087 κᾶε-,πω
1692 1022 1789 1089 h·

322 1152 327 1165 ·
435 1129 457 1174 a
477 1111 526 1173 dis
546 1110 656 1187 nauli,
678 1128 882 1190 quonumsro
905 1102 1047 1177 mmor'um
1070 1111 1162 1173 item
1182 1128 1278 1173 amus
1298 1111 1338 1173 eb
1358 1122 1438 1173 anno
1458 1110 1573 1187 netell',
1598 1112 1789 1175 m

436 1214 495 1276 qus
516 1200 621 1260 octub
642 1201 730 1279 (pute
758 1198 812 1260 alt.
834 1198 911 1277 poli,
944 1198 1018 1260 hora
1037 1198 1174 1261 natalitia
1200 1206 1232 1259 et
1256 1192 1332 1260 locis
1357 1199 1574 1277 promissoru
1604 1198 1790 1281 ΝΜ

340 1334 342 1341 .
416 1302 546 1351 ,norum
574 1287 703 1363 eripetm
730 1284 845 1360 thema,
870 1287 966 1365 ‘mjus
996 1285 1226 1348 medium‘cosll
1248 1280 1288 1347 'st
1316 1286 1481 1349 uendere
1514 1295 1645 1367 stpers
1674 1286 1791 1351 ich

435 1370 594 1451 (etquidem
615 1372 672 1434 Dis
694 1370 795 1451 pheor
816 1377 875 1435 iste
897 1372 1013 1452 oetmr)
1035 1373 1380 1435 sint..10osdlressionh
1406 1373 1514 1436 horum
1536 1376 1635 1437 trium
1656 1374 1791 1453 ἠὺ

361 1462 367 1475 ’
434 1471 540 1521 torum.
585 1458 750 1536 huone,
780 1460 819 1522 ob
842 1476 918 1538 quer
940 1460 1015 1522 haeo
1035 1462 1187 1539 proportio
1206 1458 1261 1522 liet
1281 1458 1486 1536 etim-cnr
1506 1478 1551 1523 er.
1574 1460 1664 1541 quoi
1683 1462 1790 1525 ab

435 1550 546 1610 utrdr
564 1546 793 1622 trioedmmd
814 1546 960 1625 rignlticet
981 1550 1012 1607 ln
1033 1564 1144 1609 sunum
1165 1548 1359 1625 hienimum,
1389 1550 1447 1611 etsi
1466 1552 1608 1611 nunes
1629 1566 1692 1613 nnn
1709 1548 1790 1611 sd·

436 1634 559 1697 reddere
581 1634 631 1696 vel
651 1634 751 1695 rimari
774 1635 933 1714 nsuolopl,
963 1636 1091 1697 contenti
1114 1637 1176 1697 suis
1198 1634 1340 1708 oraculis,
1368 1637 1543 1714 promittere
1564 1644 1673 1699 tamen
1691 1636 1789 1699 rb

437 1720 629 1805 philosophia
649 1721 778 1798 Bautica
799 1725 900 1784 ant-sl
922 1722 997 1785 baec
1017 1739 1078 1783 non
1098 1728 1223 1802 promet,
1244 1720 1326 1783 nulla
1343 1732 1468 1803 ponet.
1513 1724 1572 1785 Est
1593 1732 1701 1789 ut·
1717 1734 1789 1787 ran·

437 1810 508 1885 hile,
531 1827 584 1889 per
597 1809 655 1871 hos
669 1810 790 1870 enisum
802 1810 1025 1872 laudamentum
1040 1811 1226 1891 suppositum
1241 1809 1317 1869 ultro
1327 1810 1469 1873 resultare
1479 1813 1664 1875 nihilon-
1677 1815 1787 1875 fl

341 1966 346 1975 ,
436 1897 606 1973 modorum
629 1911 706 1975 qnos
724 1897 788 1974 iarn
809 1896 872 1959 diri
893 1896 932 1958 ab
953 1898 1189 1959 mocuwubm
1207 1894 1369 1959 adhibitos.

521 1984 650 2047 Prass.
673 1984 767 2046 sor..
789 1983 875 2047 Dato
896 1985 1346 2061 mmmmm,
1367 1986 1787 2064 sodomicam

296 2074 334 2143 ,’
435 2070 1785 2153 mimicum-homminmnummmqmvna·

434 2160 584 2223 residuum
614 2157 653 2222 ed
683 2158 824 2221 circulum
850 2159 1038 2238 mplsodum.
1077 2158 1170 2221 dinis
1195 2161 1360 2237 proximum
1387 2168 1504 2221 motum
1533 2170 1736 2241 eoaqu-
1757 2178 1784 2223 ι

298 2294 300 2299 -
435 2247 540 2311 nonin
560 2244 731 2309 diurnormrr
751 2262 875 2325 excerpe
899 2262 967 2308 cum
987 2262 1109 2309 numero
1132 2244 1254 2323 dbrnm,
1274 2244 1344 2307 hnic
1363 2244 1441 2309 eddo
1461 2246 1516 2309 vel
1527 2248 1680 2313 nbhehe
1697 2266 1785 2311 n

396 2352 400 2359 ·
435 2350 500 2396 rnm
522 2349 675 2410 unorum,
697 2350 765 2395 cnm
785 2350 876 2411 noro,
899 2336 950 2412 qni
971 2335 1016 2395 sis
1037 2334 1241 2410 ocmtitnitnr,
1260 2350 1382 2397 nnmsm
1404 2334 1520 2397 dierum
1542 2352 1675 2417 nempe
1693 2352 1785 2399 ner·

437 2428 643 2499 ecmannum,
665 2424 717 2500 qul
739 2420 954 2502 comparandus
976 2428 1023 2483 sst
1044 2438 1111 2483 cnm
1125 2422 1208 2500 prins
1221 2428 1367 2501 moerpto.
1389 2420 1491 2484 ehhso
1512 2424 1628 2487 minori
1649 2424 1783 2503 a*

437 2508 552 2587 Quodsi
574 2526 611 2570 er
632 2507 786 2581 additione
806 2509 845 2570 nd
859 2508 923 2571 dios
937 2504 1124 2571 resultaverit
1144 2524 1284 2571 nomem
1296 2509 1495 2589 mdorqnem
1513 2510 1590 2587 188,
1613 2512 1700 2575 ulcr
1717 2510 1782 2573 h

435 2617 456 2659 a
471 2597 546 2671 idi,
569 2613 635 2657 cnm
655 2596 783 2658 reridw
804 2595 909 2658 diebus
929 2612 1055 2674 exoups
1069 2595 1404 2675 musquetumnlternm
1423 2604 1455 2659 et
1467 2603 1542 2659 tnnc
1554 2596 1783 2677 nmmos

436 2686 559 2747 moretm
580 2701 600 2746 a
620 2686 749 2747 maximo
770 2682 1081 2763 ababajnugmtur
1108 2682 1227 2745 midae
1251 2684 1284 2743 in
1304 2700 1397 2745 unam
1415 2700 1577 2747 murman.
1623 2682 1783 2751 uuna

436 2778 507 2835 ente
528 2788 696 2850 epogeenm
716 2771 822 2833 enimri
844 2773 948 2850 nequit
968 2786 1107 2832 numerus
1127 2786 1272 2833 mnarum
1293 2788 1313 2832 a
1332 2786 1454 2833 numero
1475 2770 1596 2835 diuum
1618 2774 1783 2855 axaph

436 2860 594 2938 meipso,
616 2858 699 2921 enies
719 2858 859 2921 bunc-eh
880 2858 945 2933 illo,
968 2856 1175 2919 sumreridnls
1188 2858 1295 2921 umus
1314 2860 1782 2939 uoerpsooseunetusltn

438 2956 469 3008 st
490 2946 594 3008 ambos
616 2946 729 3024 conjice
750 2947 781 3006 in
803 2963 892 3008 unam
913 2962 1067 3006 summam·
1111 2945 1189 3006 Tum
1216 2944 1333 3008 demam
1354 2944 1404 3007 vel
1425 2944 1509 3009 illem
1530 2946 1728 3013 dium
1742 2948 1781 3011 nd

436 3034 515 3097 hans
535 3050 681 3095 rammam
701 3032 778 3096 eddo
799 3034 873 3095 locis
894 3031 1073 3095 radicellbus
1094 3028 1139 3115 Θ
1161 3039 1193 3095 et
1210 3026 1271 3115 Θ,
1300 3031 1461 3112 prodibant
1485 3050 1593 3097 sorum
1615 3036 1685 3101 loce
1702 3037 1783 3099 dhes·

435 3123 533 3185 tionis.
578 3120 745 3184 constituto
774 3120 841 3184 loeo
868 3119 1037 3184 directionis
1059 3118 1099 3200 Θ
1122 3120 1188 3199 eius
1214 3138 1275 3182 asc.
1297 3128 1395 3184 restas
1424 3120 1504 3186 adde
1531 3122 1628 3200 huns
1648 3126 1782 3188 untd-

435 3229 456 3272 a
476 3207 598 3272 meridls
620 3208 814 3289 praecedente
843 3215 1012 3270 numeratas
1039 3217 1067 3268 ct
1089 3225 1142 3286 per
1162 3225 1242 3282 eam,
1274 3225 1350 3286 quae
1379 3213 1424 3274 ris
1449 3209 1564 3288 prodit,
1603 3231 1668 3276 aas.
1689 3221 1782 3276 resin

436 3313 559 3375 excerpe
593 3305 733 3374 punctum
760 3296 941 3372 culminans3
971 3295 1002 3355 id
1031 3298 1087 3356 erit
1116 3295 1199 3357 locus
1227 3295 1395 3358 dheodouis
1420 3298 1462 3360 ht
1491 3298 1525 3358 (i.
1572 3298 1608 3360 Si
1640 3300 1783 3379 peresam

343 3407 346 3416 ·
437 3383 619 3462 excerpendo
652 3383 792 3460 angulum
825 3390 855 3444 et
887 3383 1111 3444 declinationem
1144 3391 1174 3443 et
1200 3382 1348 3461 operando
1379 3393 1412 3444 nt
1441 3402 1549 3462 snpra,
1582 3387 1687 3449 elicies
1709 3392 1783 3450 edu

435 3479 576 3550 punctum
599 3471 751 3549 eclipticas
774 3473 879 3541 oriem,
902 3473 954 3547 qni
976 3478 1021 3530 est
1041 3469 1125 3531 locus
1148 3470 1314 3530 directionis
1336 3471 1502 3551 horoscopi.
1549 3472 1634 3536 Huic
1655 3477 1720 3536 loeo
1738 3475 1783 3534 rd-

434 3561 496 3637 jica'
517 3558 645 3636 deniquo
667 3559 835 3618 distantiam
857 3553 899 3639 Θ
923 3575 942 3617 a
963 3554 1006 3639 Θ
1028 3557 1208 3631 natalitiam,
1240 3556 1368 3635 prodibit
1395 3559 1477 3621 locus
1507 3559 1682 3624 directionis
1702 3564 1783 3623 ruo

436 3648 600 3720 Fortunae,
623 3646 721 3707 Divae
744 3644 931 3706 Chaldaicos.

523 3734 653 3795 Proca
677 3735 750 3794 208.
797 3733 900 3794 dilecto
922 3733 994 3805 loco,
1018 3729 1062 3789 od
1082 3747 1173 3806 quem
1195 3731 1372 3807 diripesdus
1391 3735 1692 3811 atsipitipioatonsm
1705 3753 1783 3806 anso

435 3839 489 3882 sets
511 3821 583 3882 doto
606 3823 669 3882 loco
690 3823 886 3897 promissorio
907 3819 954 3878 vel
976 3820 1041 3892 ejus
1061 3817 1160 3890 rodii,
1184 3822 1322 3879 inuenire
1341 3837 1508 3881 numerem
1532 3840 1704 3898 annorunn,
1725 3828 1784 3900 qui-

435 3910 490 3970 bus
511 3913 537 3969 is
558 3913 642 3968 venit
663 3912 698 3967 iss
719 3908 961 3985 sipniltsutorsm.
1006 3903 1038 3965 Si
1054 3922 1122 3983 pers
1143 3905 1276 3967 fortunae
1290 3906 1480 3983 significatrix
1494 3917 1549 3982 est,
1573 3928 1595 3970 a
1614 3911 1682 3971 loco
1702 3911 1783 3970 dhes·

439 3997 527 4057 tionis
551 3996 645 4057 electo
669 3996 750 4056 auser
772 3996 941 4056 distantiam
955 3988 998 4074 Θ
1021 3992 1097 4069 αΘ
1121 3993 1295 4068 natalitiam,
1318 3994 1497 4073 relinquetur
1519 3996 1604 4057 locris
1629 3998 1783 4060 simmam

436 4083 608 4162 horoscopi,
638 4085 668 4141 in
698 4100 786 4160 quam
808 4085 851 4143 sic
880 4081 1036 4142 resolvitur
1066 4089 1096 4141 et
1125 4083 1217 4157 pertis
1238 4081 1372 4142 icaunae
1394 4081 1527 4143 directio.
1572 4084 1607 4143 Si
1631 4103 1701 4162 ergo
1721 4085 1783 4144 diri-

437 4171 549 4244 gendus
571 4180 618 4231 est
640 4169 820 4247 horoscopus
843 4170 880 4229 ad
903 4170 1016 4238 locum,
1047 4168 1094 4228 vel
1118 4171 1161 4229 sic
1184 4168 1313 4228 elicitum
1339 4167 1404 4249 (pro
1426 4169 1615 4232 absolvenda
1637 4173 1781 4234 directions

436 4257 534 4317 Partis
556 4257 734 4333 Fortunae),
758 4256 807 4317 rel
829 4258 914 4316 initio
936 4255 1061 4316 electum
1084 4257 1151 4331 (pro
1175 4258 1268 4332 ipsius
1289 4256 1444 4334 horoscopi
1467 4261 1587 4336 propria
1611 4258 1781 4326 directions),

440 4346 635 4405 constituetur
657 4344 714 4405 loci
736 4345 784 4405 vel
808 4344 897 4405 eliciti
921 4342 969 4403 vel
992 4342 1083 4402 oblati
1104 4359 1165 4402 asc
1188 4342 1324 4419 obliqua,
1351 4361 1417 4403 cum
1439 4344 1495 4405 hac
1518 4345 1780 4408 innotescatis

436 4418 481 4493 Μ’.
505 4432 554 4505 (i,
583 4434 632 4509 qui
656 4432 736 4508 quod
759 4430 886 4493 ostendit
909 4437 1047 4509 puuctum
1069 4430 1248 4504 culminans,
1275 4433 1301 4490 is
1330 4438 1375 4491 est
1396 4430 1480 4492 locus
1510 4432 1682 4496 directionis
1705 4433 1780 4494 medii

437 4519 521 4594 coeli,
545 4521 574 4577 in
598 4537 685 4596 qnam
707 4522 751 4578 sic
772 4518 929 4580 resolvitur
952 4516 1072 4577 directio
1094 4516 1250 4597 horoscopi
1272 4517 1412 4595 ct'partis
1434 4520 1578 4581 ionnnne.
1626 4522 1658 4582 Si
1682 4537 1779 4581 runnu

437 4605 620 4683 dirigendum
648 4614 693 4666 est
715 4606 756 4665 Μ.
781 4606 813 4666 Ο.
838 4604 876 4666 ad
906 4604 1003 4665 locum
1033 4603 1081 4664 vel
1109 4606 1153 4664 sic
1180 4604 1308 4666 elicitum
1337 4622 1391 4682 pro
1416 4608 1562 4682 prioribus
1585 4608 1778 4670 directionibus

437 4694 638 4765 absolvendis,
660 4693 709 4754 vel
731 4711 783 4770 per
805 4712 838 4754 sc
860 4692 986 4754 electum
1009 4709 1061 4769 pro
1076 4694 1210 4770 propria:
1234 4694 1273 4752 ab
1287 4693 1375 4769 hujus
1398 4693 1455 4754 loci
1472 4696 1539 4755 Asa
1561 4695 1598 4758 R.
1622 4698 1777 4758 cuiatem-

437 4799 512 4859 pora
534 4788 652 4858 aequat.
676 4781 816 4841 horarum
836 4779 1044 4851 natalitiorum,
1067 4779 1185 4840 residua
1207 4782 1262 4842 erit
1284 4781 1353 4840 Asc
1376 4779 1411 4840 R.
1434 4780 1492 4842 loci
1515 4782 1686 4845 direedonis
1703 4783 1776 4844 Solis

436 4870 474 4928 Et
496 4871 526 4927 in
549 4869 626 4928 banc
647 4867 751 4928 ultimo
773 4876 881 4929 exeunt
903 4870 992 4927 etlam
1016 4866 1232 4928 antecedentes.
1276 4866 1327 4927 Sic
1348 4868 1559 4944 propemodum
1583 4880 1616 4931 et
1639 4872 1732 4940 huns,
1756 4869 1776 4926 si

437 4953 591 5032 dirigenda
612 4963 657 5014 est
679 4953 718 5014 sd
741 4955 838 5015 locum
858 4957 1043 5033 promissoris
1065 4954 1208 5030 eleotnm3
1230 4955 1313 5016 anler
1335 4957 1373 5016 ab
1396 4973 1432 5017 eo
1453 4956 1522 5017 looo
1545 4957 1713 5020 distantiam
1726 4956 1775 5016 hr-

354 5065 359 5082 ’
436 5059 492 5102 nas
514 5062 533 5101 a
555 5042 626 5103 Sole
655 5040 838 5113 natalitiam,
866 5043 989 5102 restabit
1017 5050 1048 5102 et
1073 5045 1116 5101 sic
1138 5043 1221 5104 locas
1252 5042 1421 5104 directionis
1440 5043 1535 5119 Solis,
1566 5049 1598 5105 in
1625 5065 1711 5124 qnam
1730 5043 1774 5102 hos

436 5129 524 5189 modo
558 5132 646 5189 etiam
677 5129 779 5188 inune
811 5129 932 5191 directio
963 5130 1129 5190 resolvitur.
1180 5129 1311 5191 Tandem
1343 5132 1448 5211 igitur,
1479 5134 1505 5190 si
1538 5131 1706 5210 dirigendus
1731 5131 1773 5188 eri

440 5216 478 5290 Θ
502 5216 541 5277 ad
570 5217 666 5277 locum
693 5215 823 5292 aliquem
855 5217 1024 5296 eclipticus,
1054 5216 1277 5303 dinumerabo
1306 5235 1481 5296 numaque
1503 5219 1697 5299 Ephe-eride
1721 5233 1772 5278 sn
