4459 6275
484 734 488 741 ·
515 779 576 837 lso
868 824 870 829 ,
1012 770 1153 841 Epitomes
1169 771 1360 827 Astrommiae

493 931 576 1013 'cum
597 953 657 1011 siut
680 950 799 1028 quidam
822 951 906 1027 quasi
929 967 1025 1010 sermo
1040 958 1265 1027 geometrarum,
1288 959 1348 1011 tres
1363 957 1461 1011 tamen
1485 953 1597 1029 priores
1611 951 1706 1028 magis
1728 951 1767 1011 acl
1784 947 1873 1008 theo-

510 1043 582 1100 riam
605 1042 760 1117 pertinent,
784 1037 859 1097 duae
883 1037 1004 1098 ultimae
1026 1040 1123 1115 magis
1146 1038 1184 1098 ad
1206 1041 1320 1115 praxin.

988 1202 1038 1273 lle
1067 1202 1387 1274 observationibus.

603 1353 745 1413 Describe
767 1354 842 1412 milri
862 1354 994 1428 primurn
1017 1367 1126 1408 aarum
1147 1349 1330 1408 historicum.
1377 1349 1576 1409 Historica
1598 1351 1755 1411 conscribit
1777 1353 1873 1425 initio,

508 1440 604 1518 qualis
626 1442 713 1502 nobis
735 1448 877 1519 appareat
898 1437 998 1497 mnndi
1022 1437 1127 1509 iacies,
1159 1434 1287 1512 quidque
1311 1440 1340 1495 in
1365 1455 1401 1497 ea
1424 1438 1525 1497 dietim
1547 1445 1687 1512 mutetur,
1720 1438 1791 1515 qnid
1816 1457 1873 1499 an-

507 1530 618 1588 nuatim
650 1536 702 1589 ant
730 1546 782 1605 per
812 1527 958 1603 longiores
988 1533 1152 1602 temporum
1182 1526 1388 1600 circumactus,
1423 1542 1499 1600 quae
1528 1523 1653 1584 dirersis
1681 1533 1774 1587 terrae
1805 1545 1872 1587 ma·

508 1619 605 1692 risque
635 1617 709 1676 loeis
730 1621 893 1692 appareant
915 1611 1046 1684 diversa,
1080 1629 1156 1688 quae
1187 1609 1298 1671 eadem.
1345 1612 1382 1671 Et
1411 1615 1534 1670 rariores
1557 1611 1675 1688 quidem
1705 1631 1759 1673 seu
1781 1621 1872 1674 nota-

507 1703 624 1762 biliores
647 1712 788 1777 eventus,
822 1711 854 1761 nt
883 1708 952 1759 suut
981 1699 1105 1776 eclipses
1127 1697 1206 1759 Solis
1234 1706 1265 1759 et
1286 1699 1393 1759 Isunae
1425 1701 1704 1777 conjunctionesque
1730 1704 1872 1777 insigues,

507 1791 650 1867 depromit
665 1808 699 1850 er
723 1790 918 1851 monumentis
933 1786 1088 1860 historicis,
1111 1782 1281 1846 subtiliores
1306 1803 1376 1848 varo
1394 1786 1545 1846 stellamm
1567 1788 1750 1863 singularum
1765 1790 1872 1849 obser·

507 1880 641 1938 vadoues
672 1896 708 1938 ex
730 1878 812 1937 libris
834 1875 977 1935 artificum
999 1873 1056 1933 fide
1080 1872 1250 1949 dignorum,
1284 1891 1320 1933 ex
1343 1873 1531 1950 Hipparcho,
1560 1872 1750 1951 Ptolemaeo,
1774 1877 1872 1936 Alba·

506 1969 613 2042 tegniu‚
640 1964 800 2025 Amachele
823 1972 853 2023 et
873 1961 957 2035 diis,
982 1978 1058 2038 quus
1080 1960 1111 2019 hi
1134 1960 1282 2036 allegant,
1307 1960 1476 2037 depromtas
1499 1964 1530 2019 iu
1551 1977 1641 2021 nuum
1664 1962 1790 2039 colligit,
1817 1964 1872 2024 ad·

506 2053 577 2113 deus
601 2056 688 2112 etiam
712 2052 773 2125 illa,
797 2068 873 2128 qnae
897 2066 1034 2127 praesens
1061 2056 1144 2106 aetas
1167 2048 1348 2119 observavit,
1373 2066 1431 2124 qno
1454 2051 1484 2106 iu
1499 2066 1618 2109 munere
1641 2067 1711 2126 prae
1735 2052 1872 2111 ormribus

505 2141 573 2200 aliis
595 2139 757 2199 incredibili
782 2139 936 2214 diligentia
959 2145 1093 2195 versatus
1116 2142 1161 2194 est
1183 2135 1287 2211 'l'ycho
1307 2135 1414 2206 Brahe,
1438 2136 1546 2196 relictis
1571 2138 1611 2195 38
1635 2155 1777 2198 annorum
1801 2156 1872 2217 pro·

506 2230 576 2306 priis
600 2226 856 2286 observationibus
879 2225 1097 2300 copiosissimis,
1122 2240 1197 2299 pene
1219 2224 1375 2296 continuis,
1398 2223 1457 2283 fide
1481 2224 1670 2300 dignissimis.

605 2312 836 2375 Observationes
867 2312 957 2389 igltm
987 2308 1160 2386 hujusmodi
1192 2308 1301 2369 deberat
1332 2311 1490 2371 artificiose
1522 2314 1598 2371 iuter
1630 2329 1662 2372 se
1695 2314 1872 2390 comparari,

508 2404 595 2478 inque
618 2410 712 2462 certas
732 2402 851 2470 classes,
874 2416 927 2475 per
942 2406 1036 2456 certos
1059 2406 1222 2472 tempomm
1238 2399 1431 2457 circumactus
1455 2396 1580 2475 disponi,
1605 2406 1637 2457 ut
1651 2400 1764 2459 similes
1786 2403 1871 2460 simi-

506 2489 584 2548 libus
606 2496 787 2567 coaptentur,
811 2505 847 2549 eo
869 2488 928 2547 lere
951 2483 1049 2557 modo,
1073 2501 1132 2560 quo
1157 2485 1349 2558 Aristoteles,
1371 2494 1507 2544 naturam
1531 2485 1729 2563 explicaturus
1753 2491 1870 2549 anima·

506 2575 587 2652 lium,
610 2579 704 2654 quinio
720 2574 852 2637 condidit
866 2573 1019 2633 historiam
1036 2569 1206 2631 animalium
1222 2572 1500 2647 artificiosissimam,
1524 2576 1691 2634 summatim
1713 2593 1870 2637 recensens

507 2661 543 2723 de
565 2663 700 2725 omulbm
714 2662 878 2742 speciebus,
902 2660 956 2720 snb
976 2658 1079 2720 eodem
1101 2675 1209 2736 genere
1225 2662 1400 2733 consuturis,
1424 2678 1500 2737 quae
1517 2659 1575 2720 illis
1589 2670 1672 2722 erant
1687 2667 1866 2725 communia.

1013 2838 1063 2911 De
1091 2838 1361 2932 llypoihesibus.

592 2992 732 3052 Describe
761 2993 854 3049 etium
880 2990 1045 3050 seeundum
1071 2996 1192 3065 partem
1220 2993 1417 3052 amrorsomiei
1443 2996 1589 3051 muuerb.
1634 2992 1774 3055 Secunda
1804 3014 1871 3074 pars

506 3082 648 3161 opilea,
672 3077 863 3139 consideratis
875 3076 924 3138 his
936 3078 1177 3139 observationum
1192 3080 1394 3152 varietatibus,
1418 3087 1448 3140 et
1463 3079 1646 3141 diversarum
1660 3085 1870 3145 convenientis

507 3173 536 3227 in
560 3166 746 3247 quibusdam,
770 3165 808 3225 ad
823 3183 928 3226 causas
949 3174 1102 3243 penetrare
1117 3167 1227 3240 nititur,
1251 3167 1360 3243 quibus
1374 3167 1527 3241 eliciatur,
1551 3176 1584 3228 nt
1606 3170 1700 3229 oculis
1715 3169 1871 3232 homiuum

507 3259 620 3335 species
643 3256 731 3332 lunge
753 3253 971 3313 diversissimae
994 3272 1012 3312 a
1034 3270 1105 3311 vero
1129 3254 1314 3326 oboriantur,
1346 3271 1421 3330 quas
1443 3258 1557 3333 species
1580 3261 1741 3316 astronomi
1765 3259 1871 3338 appel·

507 3344 569 3403 lant
602 3343 877 3421 apparentias,
908 3341 1020 3400 Graece
1043 3361 1212 3413 carropera.
1256 3339 1315 3400 Ubi
1338 3348 1371 3399 ut
1394 3344 1521 3419 quisque
1543 3343 1635 3419 pollet
1660 3347 1798 3421 iugenio.
1830 3349 1871 3406 lta

509 3431 648 3508 plurimas
671 3428 907 3507 apparentiamm
931 3427 1115 3488 diversitates
1139 3428 1237 3486 salvat
1257 3438 1288 3487 et
1311 3427 1400 3487 elficit
1418 3445 1472 3505 per
1493 3431 1729 3507 unamaliquam
1752 3434 1871 3512 sibique

506 3527 647 3595 perpetuo
670 3516 796 3575 similem
811 3524 943 3575 motuum
966 3517 1088 3574 lormam
1111 3524 1164 3573 ant
1188 3515 1310 3592 liguram
1325 3533 1498 3592 corporum,
1523 3517 1783 3580 demonstrationis
1798 3537 1872 3582 suas
1918 3533 1923 3544 ·

507 3603 677 3664 methodum
701 3620 816 3662 omnem
839 3602 1064 3662 accommodans
1086 3602 1202 3678 legibus
1224 3613 1254 3661 et
1272 3604 1502 3668 theorematibus
1522 3623 1584 3682 qna
1599 3610 1786 3682 geometricis
1812 3626 1870 3686 qna

510 3694 623 3769 opticis,
649 3708 724 3767 qnae
747 3693 925 3766 geometriae
948 3689 1140 3749 subordinate
1163 3699 1224 3762 est,
1257 3690 1347 3767 litque
1371 3700 1402 3749 ut
1424 3691 1462 3750 ad
1485 3695 1580 3768 ipsam
1603 3711 1698 3753 rerum
1721 3705 1870 3770 naturam,

510 3779 711 3855 excogitandis
740 3777 908 3854 hujusmodi
931 3779 1030 3836 formis
1053 3787 1198 3850 motuum,
1230 3776 1306 3835 allus
1330 3778 1388 3838 allo
1411 3782 1532 3857 propius
1555 3784 1715 3858 perueniat.
1763 3783 1872 3860 ltaque

510 3884 574 3926 cum
598 3869 628 3924 in
651 3865 706 3925 hac
729 3865 828 3924 diticlli
858 3875 887 3924 ei
910 3881 998 3924 caeca
1026 3881 1180 3924 causarum
1209 3868 1376 3942 captatione
1398 3870 1549 3943 cnutiirgat
1572 3877 1694 3928 naturae
1716 3873 1869 3945 consultis,

509 3955 642 4014 aberrare
666 3971 684 4012 a
708 3970 776 4012 vero
800 3955 828 4010 in
852 3951 999 4011 nonnullis
1023 3954 1193 4029 opinionum
1216 3970 1333 4011 suarum
1355 3955 1501 4027 membris,
1525 3973 1579 4014 nee
1595 3973 1632 4016 eo
1655 3958 1753 4015 minus
1769 3967 1869 4018 tamen

509 4057 560 4118 per
583 4040 648 4100 illas
671 4040 788 4099 salvent
811 4042 997 4118 apparentiae
1021 4039 1178 4111 coelestes,
1209 4057 1280 4098 usus
1303 4041 1446 4111 obtinuit,
1477 4048 1510 4099 ut
1531 4045 1698 4119 opinionem
1722 4046 1868 4123 cujusque

508 4148 544 4189 ex
578 4128 787 4188 celebrioribus
821 4128 998 4199 artificibus,
1033 4143 1092 4202 qua
1125 4143 1230 4185 eamas
1259 4127 1386 4205 explieat
1417 4133 1652 4207 apparentiamm
1684 4133 1868 4204 coelestium,

509 4215 748 4294 hypotheses
778 4216 973 4293 appellemus,
1005 4216 1075 4290 qnia
1097 4212 1193 4272 dicere
1215 4214 1292 4274 solet
1313 4225 1511 4288 astronomus,
1544 4218 1601 4277 boc
1624 4218 1671 4279 rel
1695 4219 1747 4278 illo
1772 4225 1869 4297 posito

509 4302 556 4362 vel
579 4303 733 4379 supposito
756 4299 993 4383 (iusserimus),
1025 4301 1105 4376 quod
1129 4303 1192 4377 ipse
1215 4300 1251 4360 de
1273 4302 1383 4362 mundo
1404 4305 1547 4376 allirmai,
1576 4309 1660 4382 sequi
1691 4310 1870 4367 necessitate

509 4391 788 4449 demonstrationum
812 4391 1070 4466 geometricam,
1104 4398 1135 4446 ut
1165 4393 1351 4467 apparuerint
1374 4389 1424 4449 illa
1448 4401 1508 4451 tarn
1529 4394 1640 4466 multa,
1670 4411 1747 4472 quae
1769 4397 1870 4455 insunt

509 4481 538 4535 in
560 4472 782 4553 consignatione
805 4477 946 4537 historica
968 4476 1127 4555 praedicta,
1152 4476 1290 4554 quodque
1312 4495 1367 4536 suo
1391 4487 1529 4556 tempore.

594 4563 641 4624 lta
662 4563 751 4624 hodie
773 4574 831 4625 tres
853 4565 984 4625 teruntur
1004 4564 1212 4642 hypothesium
1235 4566 1354 4638 iormae,
1379 4565 1556 4640 Ptolemaei,
1573 4567 1727 4645 Copemici
1750 4577 1781 4629 et
1804 4569 1869 4649 Ty·

511 4652 612 4713 chunis
635 4651 752 4712 lirahsl.

597 4740 725 4799 Pertinet
756 4747 855 4799 autem
884 4741 1075 4799 communiter
1104 4739 1142 4798 ad
1172 4740 1226 4799 has
1257 4739 1332 4798 duas
1362 4743 1473 4817 priores
1501 4751 1599 4818 parter
1622 4745 1711 4801 etiarn
1733 4753 1870 4806 coutem-

509 4828 601 4907 platlo
623 4835 745 4888 naturae
768 4834 797 4887 et
818 4830 1026 4906 proprietatnm
1050 4826 1133 4900 lucis,
1157 4845 1209 4887 seu
1233 4831 1331 4904 praxis
1354 4826 1503 4889 doctrinae
1527 4830 1564 4891 de
1586 4831 1823 4892 retractionibus.

952 4991 1002 5061 lle
1029 4992 1145 5061 causis
1172 4993 1424 5081 hypothesium.

599 5141 761 5218 ῼυααιωη
789 5149 830 5200 eat
859 5147 947 5203 tertia
967 5162 1042 5220 pars
1064 5149 1258 5206 ‹sscrnnoruies¹
1289 5147 1446 5206 rumiens?
1483 5143 1585 5209 Tertia
1612 5165 1681 5224 pars
1709 5148 1869 5228 physica

512 5225 601 5308 selgo
624 5243 685 5292 usn
712 5233 1033 5320 camstarnscassaria
1055 5241 1240 5306 uuonumo,
1270 5251 1337 5296 curn
1368 5245 1465 5296 mmsu
1498 5236 1545 5296 vel
1573 5239 1701 5300 maxims
1722 5241 1870 5317 padum
