<?xml version="1.0" encoding="UTF-8"?>
<!DOCTYPE html PUBLIC "-//W3C//DTD XHTML 1.0 Transitional//EN"
    "http://www.w3.org/TR/xhtml1/DTD/xhtml1-transitional.dtd">
<html xmlns="http://www.w3.org/1999/xhtml" xml:lang="en" lang="en">
 <head>
  <title>
</title>
<meta http-equiv="Content-Type" content="text/html;charset=utf-8" />
  <meta name='ocr-system' content='tesseract 3.04.00' />
  <meta name='ocr-capabilities' content='ocr_page ocr_carea ocr_par ocr_line ocrx_word'/>
</head>
<body>
  <div class='ocr_page' id='page_1' title='image "./joanniskepleria03frisgoog/joanniskepleria03frisgoog_0633.png"; bbox 0 0 4459 6275; ppageno 0'>
   <div class='ocr_carea' id='block_1_1' title="bbox 934 751 1786 851">
    <p class='ocr_par' dir='ltr' id='par_1_1' title="bbox 934 751 1786 851">
     <span class='ocr_line' id='line_1_1' title="bbox 934 751 1786 851; baseline 0.005 -43"><span class='ocrx_word' id='word_1_1' title='bbox 934 751 1073 851; x_wconf 68' lang='lat' dir='ltr'><strong>Praefatio</strong></span> <span class='ocrx_word' id='word_1_2' title='bbox 1092 758 1120 808; x_wconf 90' lang='lat' dir='ltr'><strong>et</strong></span> <span class='ocrx_word' id='word_1_3' title='bbox 1138 751 1288 824; x_wconf 73' lang='lat' dir='ltr'><strong>Epistulae.</strong></span> <span class='ocrx_word' id='word_1_4' title='bbox 1726 757 1786 819; x_wconf 72' lang='grc'><strong>611</strong></span> 
     </span>
    </p>
   </div>
   <div class='ocr_carea' id='block_1_2' title="bbox 431 928 1800 1793">
    <p class='ocr_par' dir='ltr' id='par_1_2' title="bbox 431 928 1800 1604">
     <span class='ocr_line' id='line_1_2' title="bbox 431 928 1792 1009; baseline -0.001 -19"><span class='ocrx_word' id='word_1_5' title='bbox 431 930 574 1009; x_wconf 88' lang='lat' dir='ltr'><strong>proximis</strong></span> <span class='ocrx_word' id='word_1_6' title='bbox 589 929 736 993; x_wconf 88' lang='lat' dir='ltr'><strong>nondinis.</strong></span> <span class='ocrx_word' id='word_1_7' title='bbox 783 932 831 991; x_wconf 84' lang='lat' dir='ltr'><strong>An</strong></span> <span class='ocrx_word' id='word_1_8' title='bbox 854 932 1120 1009; x_wconf 83' lang='lat' dir='ltr'><strong>ergoFranhoiurti</strong></span> <span class='ocrx_word' id='word_1_9' title='bbox 1136 931 1296 994; x_wconf 90' lang='lat' dir='ltr'><strong>considebo</strong></span> <span class='ocrx_word' id='word_1_10' title='bbox 1319 949 1385 992; x_wconf 90' lang='lat' dir='ltr'><strong>com</strong></span> <span class='ocrx_word' id='word_1_11' title='bbox 1401 929 1521 1005; x_wconf 78' lang='lat' dir='ltr'><strong>familia,</strong></span> <span class='ocrx_word' id='word_1_12' title='bbox 1544 937 1578 990; x_wconf 89' lang='lat' dir='ltr'><strong>nt</strong></span> <span class='ocrx_word' id='word_1_13' title='bbox 1592 947 1628 992; x_wconf 89' lang='lat' dir='ltr'><strong>ea</strong></span> <span class='ocrx_word' id='word_1_14' title='bbox 1649 931 1712 1006; x_wconf 94' lang='lat' dir='ltr'><strong>ipse</strong></span> <span class='ocrx_word' id='word_1_15' title='bbox 1728 928 1792 989; x_wconf 90' lang='lat' dir='ltr'><strong>dis·</strong></span> 
     </span>
     <span class='ocr_line' id='line_1_3' title="bbox 432 1016 1800 1098; baseline -0.002 -20"><span class='ocrx_word' id='word_1_16' title='bbox 432 1018 556 1092; x_wconf 76' lang='lat' dir='ltr'><strong>baham,</strong></span> <span class='ocrx_word' id='word_1_17' title='bbox 581 1028 613 1078; x_wconf 92' lang='lat' dir='ltr'><strong>ut</strong></span> <span class='ocrx_word' id='word_1_18' title='bbox 636 1019 695 1079; x_wconf 90' lang='lat' dir='ltr'><strong>alia</strong></span> <span class='ocrx_word' id='word_1_19' title='bbox 717 1035 807 1096; x_wconf 90' lang='lat' dir='ltr'><strong>opera</strong></span> <span class='ocrx_word' id='word_1_20' title='bbox 830 1019 914 1079; x_wconf 91' lang='lat' dir='ltr'><strong>edam</strong></span> <span class='ocrx_word' id='word_1_21' title='bbox 938 1019 986 1080; x_wconf 87' lang='lat' dir='ltr'><strong>vel</strong></span> <span class='ocrx_word' id='word_1_22' title='bbox 1008 1023 1090 1093; x_wconf 89' lang='lat' dir='ltr'><strong>meis,</strong></span> <span class='ocrx_word' id='word_1_23' title='bbox 1114 1023 1140 1079; x_wconf 89' lang='lat' dir='ltr'><strong>si</strong></span> <span class='ocrx_word' id='word_1_24' title='bbox 1162 1037 1293 1098; x_wconf 89' lang='lat' dir='ltr'><strong>possum,</strong></span> <span class='ocrx_word' id='word_1_25' title='bbox 1317 1018 1365 1079; x_wconf 87' lang='lat' dir='ltr'><strong>vel</strong></span> <span class='ocrx_word' id='word_1_26' title='bbox 1379 1028 1576 1097; x_wconf 88' lang='lat' dir='ltr'><strong>patronorum,</strong></span> <span class='ocrx_word' id='word_1_27' title='bbox 1601 1016 1649 1077; x_wconf 87' lang='lat' dir='ltr'><strong>vel</strong></span> <span class='ocrx_word' id='word_1_28' title='bbox 1663 1017 1800 1094; x_wconf 82' lang='lat' dir='ltr'><strong>donique.</strong></span> 
     </span>
     <span class='ocr_line' id='line_1_4' title="bbox 434 1105 1790 1186; baseline -0.002 -21"><span class='ocrx_word' id='word_1_29' title='bbox 434 1106 686 1184; x_wconf 78' lang='lat' dir='ltr'><strong>typographorum</strong></span> <span class='ocrx_word' id='word_1_30' title='bbox 708 1108 862 1178; x_wconf 80' lang='lat' dir='ltr'><strong>sumtibus,</strong></span> <span class='ocrx_word' id='word_1_31' title='bbox 885 1109 936 1183; x_wconf 90' lang='lat' dir='ltr'><strong>qui</strong></span> <span class='ocrx_word' id='word_1_32' title='bbox 957 1111 1081 1186; x_wconf 77' lang='lat' dir='ltr'><strong>gratiam</strong></span> <span class='ocrx_word' id='word_1_33' title='bbox 1104 1109 1162 1166; x_wconf 90' lang='lat' dir='ltr'><strong>sibi</strong></span> <span class='ocrx_word' id='word_1_34' title='bbox 1185 1107 1286 1167; x_wconf 87' lang='lat' dir='ltr'><strong>deberi</strong></span> <span class='ocrx_word' id='word_1_35' title='bbox 1308 1107 1400 1183; x_wconf 88' lang='lat' dir='ltr'><strong>ajunt,</strong></span> <span class='ocrx_word' id='word_1_36' title='bbox 1424 1108 1449 1165; x_wconf 90' lang='lat' dir='ltr'><strong>si</strong></span> <span class='ocrx_word' id='word_1_37' title='bbox 1471 1106 1578 1165; x_wconf 91' lang='lat' dir='ltr'><strong>librom</strong></span> <span class='ocrx_word' id='word_1_38' title='bbox 1600 1105 1790 1166; x_wconf 88' lang='lat' dir='ltr'><strong>mathemati-</strong></span> 
     </span>
     <span class='ocr_line' id='line_1_5' title="bbox 432 1190 1792 1271; baseline -0.002 -18"><span class='ocrx_word' id='word_1_39' title='bbox 432 1210 501 1253; x_wconf 89' lang='lat' dir='ltr'><strong>cum</strong></span> <span class='ocrx_word' id='word_1_40' title='bbox 524 1195 686 1271; x_wconf 87' lang='lat' dir='ltr'><strong>suscipiant</strong></span> <span class='ocrx_word' id='word_1_41' title='bbox 709 1193 871 1267; x_wconf 89' lang='lat' dir='ltr'><strong>edendum,</strong></span> <span class='ocrx_word' id='word_1_42' title='bbox 901 1194 943 1254; x_wconf 83' lang='lat'><strong>30</strong></span> <span class='ocrx_word' id='word_1_43' title='bbox 966 1195 1146 1271; x_wconf 86' lang='lat' dir='ltr'><strong>exemplaria</strong></span> <span class='ocrx_word' id='word_1_44' title='bbox 1169 1193 1239 1254; x_wconf 89' lang='lat' dir='ltr'><strong>dant</strong></span> <span class='ocrx_word' id='word_1_45' title='bbox 1261 1211 1314 1271; x_wconf 93' lang='lat' dir='ltr'><strong>pro</strong></span> <span class='ocrx_word' id='word_1_46' title='bbox 1336 1192 1447 1255; x_wconf 87' lang='lat' dir='ltr'><strong>labore.</strong></span> <span class='ocrx_word' id='word_1_47' title='bbox 1492 1192 1544 1252; x_wconf 85' lang='lat' dir='ltr'><strong>Sic</strong></span> <span class='ocrx_word' id='word_1_48' title='bbox 1564 1191 1705 1252; x_wconf 85' lang='lat' dir='ltr'><strong>hactenus</strong></span> <span class='ocrx_word' id='word_1_49' title='bbox 1728 1190 1792 1252; x_wconf 88' lang='lat' dir='ltr'><strong>sedi</strong></span> 
     </span>
     <span class='ocr_line' id='line_1_6' title="bbox 431 1279 1791 1362; baseline -0.001 -22"><span class='ocrx_word' id='word_1_50' title='bbox 431 1279 529 1340; x_wconf 84' lang='lat' dir='ltr'><strong>Lincii</strong></span> <span class='ocrx_word' id='word_1_51' title='bbox 552 1280 660 1341; x_wconf 89' lang='lat' dir='ltr'><strong>salario</strong></span> <span class='ocrx_word' id='word_1_52' title='bbox 684 1281 820 1341; x_wconf 79' lang='lat' dir='ltr'><strong>suffultus</strong></span> <span class='ocrx_word' id='word_1_53' title='bbox 843 1299 1011 1358; x_wconf 89' lang='lat' dir='ltr'><strong>procerum,</strong></span> <span class='ocrx_word' id='word_1_54' title='bbox 1044 1282 1172 1342; x_wconf 89' lang='lat' dir='ltr'><strong>aulicum</strong></span> <span class='ocrx_word' id='word_1_55' title='bbox 1197 1284 1226 1341; x_wconf 91' lang='lat' dir='ltr'><strong>in</strong></span> <span class='ocrx_word' id='word_1_56' title='bbox 1249 1285 1398 1360; x_wconf 79' lang='lat' dir='ltr'>augmenti</span> <span class='ocrx_word' id='word_1_57' title='bbox 1427 1281 1575 1362; x_wconf 90' lang='lat' dir='ltr'><strong>honorarii</strong></span> <span class='ocrx_word' id='word_1_58' title='bbox 1597 1287 1680 1358; x_wconf 87' lang='lat' dir='ltr'><strong>parte</strong></span> <span class='ocrx_word' id='word_1_59' title='bbox 1702 1296 1791 1356; x_wconf 91' lang='lat' dir='ltr'><strong>repu-</strong></span> 
     </span>
     <span class='ocr_line' id='line_1_7' title="bbox 432 1368 1793 1448; baseline -0.001 -21"><span class='ocrx_word' id='word_1_60' title='bbox 432 1369 496 1427; x_wconf 87' lang='lat' dir='ltr'><strong>tavi</strong></span> <span class='ocrx_word' id='word_1_61' title='bbox 520 1385 573 1428; x_wconf 92' lang='lat' dir='ltr'><strong>nec</strong></span> <span class='ocrx_word' id='word_1_62' title='bbox 596 1369 655 1427; x_wconf 88' lang='lat' dir='ltr'><strong>orsi</strong></span> <span class='ocrx_word' id='word_1_63' title='bbox 674 1368 817 1445; x_wconf 88' lang='lat' dir='ltr'><strong>sollicite;</strong></span> <span class='ocrx_word' id='word_1_64' title='bbox 845 1369 1069 1448; x_wconf 80' lang='lat' dir='ltr'><strong>typographiam</strong></span> <span class='ocrx_word' id='word_1_65' title='bbox 1094 1368 1224 1446; x_wconf 84' lang='lat' dir='ltr'><strong>aliquam</strong></span> <span class='ocrx_word' id='word_1_66' title='bbox 1243 1368 1391 1429; x_wconf 83' lang='lat' dir='ltr'><strong>introduxi</strong></span> <span class='ocrx_word' id='word_1_67' title='bbox 1411 1368 1572 1446; x_wconf 85' lang='lat' dir='ltr'><strong>adjurique</strong></span> <span class='ocrx_word' id='word_1_68' title='bbox 1595 1384 1648 1444; x_wconf 95' lang='lat' dir='ltr'><strong>pro</strong></span> <span class='ocrx_word' id='word_1_69' title='bbox 1672 1368 1793 1438; x_wconf 84' lang='lat' dir='ltr'><strong>viribus,</strong></span> 
     </span>
     <span class='ocr_line' id='line_1_8' title="bbox 432 1454 1791 1537; baseline -0.002 -23"><span class='ocrx_word' id='word_1_70' title='bbox 432 1454 578 1533; x_wconf 87' lang='lat' dir='ltr'><strong>opuscola</strong></span> <span class='ocrx_word' id='word_1_71' title='bbox 599 1455 740 1516; x_wconf 89' lang='lat' dir='ltr'><strong>nonnulla</strong></span> <span class='ocrx_word' id='word_1_72' title='bbox 763 1456 876 1537; x_wconf 82' lang='lat' dir='ltr'><strong>excudi.</strong></span> <span class='ocrx_word' id='word_1_73' title='bbox 922 1458 962 1516; x_wconf 82' lang='lat' dir='ltr'><strong>Ar</strong></span> <span class='ocrx_word' id='word_1_74' title='bbox 985 1475 1062 1517; x_wconf 91' lang='lat' dir='ltr'><strong>nunc</strong></span> <span class='ocrx_word' id='word_1_75' title='bbox 1080 1459 1167 1536; x_wconf 88' lang='lat' dir='ltr'><strong>periit</strong></span> <span class='ocrx_word' id='word_1_76' title='bbox 1189 1457 1325 1533; x_wconf 86' lang='lat' dir='ltr'><strong>Austria;</strong></span> <span class='ocrx_word' id='word_1_77' title='bbox 1349 1459 1374 1516; x_wconf 93' lang='lat' dir='ltr'><strong>si</strong></span> <span class='ocrx_word' id='word_1_78' title='bbox 1389 1462 1528 1524; x_wconf 79' lang='lat' dir='ltr'><strong>revertar,</strong></span> <span class='ocrx_word' id='word_1_79' title='bbox 1552 1457 1581 1513; x_wconf 91' lang='lat' dir='ltr'><strong>in</strong></span> <span class='ocrx_word' id='word_1_80' title='bbox 1597 1454 1694 1515; x_wconf 88' lang='lat' dir='ltr'><strong>aulam</strong></span> <span class='ocrx_word' id='word_1_81' title='bbox 1719 1471 1791 1514; x_wconf 59' lang='lat' dir='ltr'><strong>con,</strong></span> 
     </span>
     <span class='ocr_line' id='line_1_9' title="bbox 433 1541 684 1604; baseline -0.008 -1"><span class='ocrx_word' id='word_1_82' title='bbox 433 1541 596 1604; x_wconf 89' lang='lat' dir='ltr'><strong>cedendum</strong></span> <span class='ocrx_word' id='word_1_83' title='bbox 621 1545 684 1602; x_wconf 86' lang='lat' dir='ltr'><strong>erit.</strong></span> 
     </span>
    </p>

    <p class='ocr_par' dir='ltr' id='par_1_3' title="bbox 435 1627 1793 1793">
     <span class='ocr_line' id='line_1_10' title="bbox 523 1627 1793 1707; baseline -0.001 -19"><span class='ocrx_word' id='word_1_84' title='bbox 523 1629 626 1690; x_wconf 88' lang='lat' dir='ltr'><strong>Habes</strong></span> <span class='ocrx_word' id='word_1_85' title='bbox 649 1627 819 1690; x_wconf 82' lang='lat' dir='ltr'><strong>fasciculum</strong></span> <span class='ocrx_word' id='word_1_86' title='bbox 842 1629 1067 1707; x_wconf 80' lang='lat' dir='ltr'><strong>perplexitatem</strong></span> <span class='ocrx_word' id='word_1_87' title='bbox 1089 1647 1235 1705; x_wconf 89' lang='lat' dir='ltr'><strong>mearum,</strong></span> <span class='ocrx_word' id='word_1_88' title='bbox 1270 1650 1305 1692; x_wconf 89' lang='lat' dir='ltr'><strong>ex</strong></span> <span class='ocrx_word' id='word_1_89' title='bbox 1336 1631 1442 1707; x_wconf 87' lang='lat' dir='ltr'><strong>quibus</strong></span> <span class='ocrx_word' id='word_1_90' title='bbox 1465 1629 1490 1688; x_wconf 89' lang='lat' dir='ltr'><strong>si</strong></span> <span class='ocrx_word' id='word_1_91' title='bbox 1515 1629 1572 1688; x_wconf 88' lang='lat' dir='ltr'><strong>tuis</strong></span> <span class='ocrx_word' id='word_1_92' title='bbox 1594 1646 1640 1689; x_wconf 91' lang='lat' dir='ltr'><strong>me</strong></span> <span class='ocrx_word' id='word_1_93' title='bbox 1664 1627 1793 1688; x_wconf 89' lang='lat' dir='ltr'><strong>consiliis</strong></span> 
     </span>
     <span class='ocr_line' id='line_1_11' title="bbox 435 1715 1788 1793; baseline -0.001 -15"><span class='ocrx_word' id='word_1_94' title='bbox 435 1718 640 1792; x_wconf 87' lang='lat' dir='ltr'><strong>extricaveris,</strong></span> <span class='ocrx_word' id='word_1_95' title='bbox 665 1716 788 1777; x_wconf 88' lang='lat' dir='ltr'><strong>multum</strong></span> <span class='ocrx_word' id='word_1_96' title='bbox 815 1725 932 1778; x_wconf 89' lang='lat' dir='ltr'><strong>nostrae</strong></span> <span class='ocrx_word' id='word_1_97' title='bbox 954 1719 1101 1780; x_wconf 85' lang='lat' dir='ltr'><strong>amicitiae</strong></span> <span class='ocrx_word' id='word_1_98' title='bbox 1126 1717 1249 1778; x_wconf 81' lang='lat' dir='ltr'><strong>debebo.</strong></span> <span class='ocrx_word' id='word_1_99' title='bbox 1296 1717 1371 1778; x_wconf 86' lang='lat' dir='ltr'><strong>Vale</strong></span> <span class='ocrx_word' id='word_1_100' title='bbox 1394 1726 1423 1780; x_wconf 86' lang='lat' dir='ltr'><strong>et</strong></span> <span class='ocrx_word' id='word_1_101' title='bbox 1446 1715 1525 1793; x_wconf 89' lang='lat' dir='ltr'><strong>quod</strong></span> <span class='ocrx_word' id='word_1_102' title='bbox 1551 1734 1628 1776; x_wconf 89' lang='lat' dir='ltr'><strong>nunc</strong></span> <span class='ocrx_word' id='word_1_103' title='bbox 1650 1723 1678 1777; x_wconf 90' lang='lat' dir='ltr'><strong>tc</strong></span> <span class='ocrx_word' id='word_1_104' title='bbox 1701 1732 1788 1793; x_wconf 84' lang='lat' dir='ltr'><strong>agere</strong></span> 
     </span>
    </p>
   </div>
   <div class='ocr_carea' id='block_1_3' title="bbox 436 1802 1792 1882">
    <p class='ocr_par' dir='ltr' id='par_1_4' title="bbox 436 1802 1792 1882">
     <span class='ocr_line' id='line_1_12' title="bbox 436 1802 1792 1882; baseline -0.003 -18"><span class='ocrx_word' id='word_1_105' title='bbox 436 1812 511 1882; x_wconf 90' lang='lat' dir='ltr'><strong>puto</strong></span> <span class='ocrx_word' id='word_1_106' title='bbox 534 1823 571 1865; x_wconf 91' lang='lat' dir='ltr'><strong>ex</strong></span> <span class='ocrx_word' id='word_1_107' title='bbox 593 1804 808 1882; x_wconf 87' lang='lat' dir='ltr'><strong>significatione</strong></span> <span class='ocrx_word' id='word_1_108' title='bbox 831 1813 955 1877; x_wconf 88' lang='lat' dir='ltr'><strong>tuarum,</strong></span> <span class='ocrx_word' id='word_1_109' title='bbox 979 1813 1095 1866; x_wconf 90' lang='lat' dir='ltr'><strong>strenue</strong></span> <span class='ocrx_word' id='word_1_110' title='bbox 1118 1823 1177 1864; x_wconf 91' lang='lat' dir='ltr'><strong>rem</strong></span> <span class='ocrx_word' id='word_1_111' title='bbox 1201 1822 1278 1882; x_wconf 90' lang='lat' dir='ltr'><strong>gere.</strong></span> <span class='ocrx_word' id='word_1_112' title='bbox 1325 1802 1429 1865; x_wconf 91' lang='lat' dir='ltr'><strong>Ulmae</strong></span> <span class='ocrx_word' id='word_1_113' title='bbox 1450 1806 1478 1863; x_wconf 83' lang='grc'><strong>6.</strong></span> <span class='ocrx_word' id='word_1_114' title='bbox 1495 1802 1566 1880; x_wconf 84' lang='lat' dir='ltr'><strong>Apr.</strong></span> <span class='ocrx_word' id='word_1_115' title='bbox 1586 1807 1674 1875; x_wconf 73' lang='lat' dir='ltr'><strong>(san.)</strong></span> <span class='ocrx_word' id='word_1_116' title='bbox 1700 1804 1792 1862; x_wconf 73' lang='lat'><strong>1627.</strong></span> 
     </span>
    </p>
   </div>
   <div class='ocr_carea' id='block_1_4' title="bbox 405 1889 1819 3285">
    <p class='ocr_par' dir='ltr' id='par_1_5' title="bbox 405 1889 1819 3285">
     <span class='ocr_line' id='line_1_13' title="bbox 542 1889 1791 1954; baseline -0.002 -15"><span class='ocrx_word' id='word_1_117' title='bbox 542 1891 613 1950; x_wconf 80' lang='lat' dir='ltr'><strong>Quae</strong></span> <span class='ocrx_word' id='word_1_118' title='bbox 631 1892 720 1940; x_wconf 88' lang='lat' dir='ltr'><strong>ultimo</strong></span> <span class='ocrx_word' id='word_1_119' title='bbox 740 1892 794 1940; x_wconf 91' lang='lat' dir='ltr'><strong>loco</strong></span> <span class='ocrx_word' id='word_1_120' title='bbox 814 1893 876 1941; x_wconf 89' lang='lat' dir='ltr'><strong>dicit</strong></span> <span class='ocrx_word' id='word_1_121' title='bbox 893 1892 1024 1953; x_wconf 86' lang='lat' dir='ltr'><strong>Ksplerns,</strong></span> <span class='ocrx_word' id='word_1_122' title='bbox 1043 1907 1092 1941; x_wconf 91' lang='lat' dir='ltr'><strong>non</strong></span> <span class='ocrx_word' id='word_1_123' title='bbox 1111 1893 1186 1954; x_wconf 87' lang='lat' dir='ltr'><strong>plane</strong></span> <span class='ocrx_word' id='word_1_124' title='bbox 1204 1889 1330 1940; x_wconf 88' lang='lat' dir='ltr'><strong>illustrant</strong></span> <span class='ocrx_word' id='word_1_125' title='bbox 1349 1889 1472 1952; x_wconf 77' lang='lat' dir='ltr'><strong>epistolar</strong></span> <span class='ocrx_word' id='word_1_126' title='bbox 1490 1890 1644 1951; x_wconf 64' lang='lat' dir='ltr'><strong>Rsrrieggeri</strong></span> <span class='ocrx_word' id='word_1_127' title='bbox 1664 1891 1707 1951; x_wconf 87' lang='lat' dir='ltr'><strong>qui</strong></span> <span class='ocrx_word' id='word_1_128' title='bbox 1726 1902 1791 1937; x_wconf 90' lang='lat' dir='ltr'><strong>anno</strong></span> 
     </span>
     <span class='ocr_line' id='line_1_14' title="bbox 435 1955 1792 2027; baseline -0.001 -17"><span class='ocrx_word' id='word_1_129' title='bbox 435 1961 514 2011; x_wconf 77' lang='lat' dir='ltr'><strong>toas.</strong></span> <span class='ocrx_word' id='word_1_130' title='bbox 533 1961 642 2024; x_wconf 82' lang='lat' dir='ltr'><strong>chlero</strong></span> <span class='ocrx_word' id='word_1_131' title='bbox 659 1963 753 2022; x_wconf 79' lang='lat' dir='ltr'><strong>gratias</strong></span> <span class='ocrx_word' id='word_1_132' title='bbox 771 1964 823 2025; x_wconf 84' lang='lat' dir='ltr'><strong>agit</strong></span> <span class='ocrx_word' id='word_1_133' title='bbox 840 1975 902 2027; x_wconf 78' lang='lat' dir='ltr'><strong>„pro</strong></span> <span class='ocrx_word' id='word_1_134' title='bbox 921 1963 1106 2024; x_wconf 85' lang='lat' dir='ltr'><strong>sapientissimo</strong></span> <span class='ocrx_word' id='word_1_135' title='bbox 1120 1961 1316 2025; x_wconf 81' lang='lat' dir='ltr'><strong>fidelissimoque</strong></span> <span class='ocrx_word' id='word_1_136' title='bbox 1334 1956 1457 2010; x_wconf 86' lang='lat' dir='ltr'><strong>consilio“</strong></span> <span class='ocrx_word' id='word_1_137' title='bbox 1476 1961 1502 2010; x_wconf 85' lang='lat' dir='ltr'><strong>et</strong></span> <span class='ocrx_word' id='word_1_138' title='bbox 1524 1959 1555 2008; x_wconf 87' lang='lat' dir='ltr'><strong>de</strong></span> <span class='ocrx_word' id='word_1_139' title='bbox 1573 1958 1721 2007; x_wconf 74' lang='lat' dir='ltr'><strong>advorsariis</strong></span> <span class='ocrx_word' id='word_1_140' title='bbox 1739 1955 1792 2008; x_wconf 88' lang='lat' dir='ltr'><strong>suis</strong></span> 
     </span>
     <span class='ocr_line' id='line_1_15' title="bbox 436 2029 1804 2105; baseline -0.001 -27"><span class='ocrx_word' id='word_1_141' title='bbox 436 2029 508 2091; x_wconf 87' lang='lat' dir='ltr'><strong>dicit,</strong></span> <span class='ocrx_word' id='word_1_142' title='bbox 526 2032 589 2095; x_wconf 89' lang='lat' dir='ltr'><strong>„qni</strong></span> <span class='ocrx_word' id='word_1_143' title='bbox 602 2033 712 2080; x_wconf 83' lang='lat' dir='ltr'><strong>incutere</strong></span> <span class='ocrx_word' id='word_1_144' title='bbox 726 2036 843 2080; x_wconf 89' lang='lat' dir='ltr'><strong>terrorem</strong></span> <span class='ocrx_word' id='word_1_145' title='bbox 863 2030 995 2080; x_wconf 84' lang='lat' dir='ltr'><strong>volucrunt</strong></span> <span class='ocrx_word' id='word_1_146' title='bbox 1013 2034 1143 2081; x_wconf 83' lang='lat' dir='ltr'><strong>ostentatis</strong></span> <span class='ocrx_word' id='word_1_147' title='bbox 1161 2034 1187 2078; x_wconf 92' lang='lat' dir='ltr'><strong>in</strong></span> <span class='ocrx_word' id='word_1_148' title='bbox 1201 2031 1339 2096; x_wconf 88' lang='lat' dir='ltr'><strong>longinquo</strong></span> <span class='ocrx_word' id='word_1_149' title='bbox 1353 2033 1379 2078; x_wconf 94' lang='lat' dir='ltr'><strong>in</strong></span> <span class='ocrx_word' id='word_1_150' title='bbox 1391 2045 1431 2079; x_wconf 91' lang='lat' dir='ltr'><strong>ms</strong></span> <span class='ocrx_word' id='word_1_151' title='bbox 1443 2030 1500 2078; x_wconf 86' lang='lat' dir='ltr'><strong>tells</strong></span> <span class='ocrx_word' id='word_1_152' title='bbox 1513 2034 1537 2078; x_wconf 88' lang='lat' dir='ltr'><strong>et</strong></span> <span class='ocrx_word' id='word_1_153' title='bbox 1549 2030 1681 2077; x_wconf 89' lang='lat' dir='ltr'><strong>missitatis</strong></span> <span class='ocrx_word' id='word_1_154' title='bbox 1693 2029 1728 2079; x_wconf 86' lang='lat' dir='ltr'><strong>sd</strong></span> <span class='ocrx_word' id='word_1_155' title='bbox 1745 2043 1804 2105; x_wconf 73' lang='lat' dir='ltr'><strong>no·¹</strong></span> 
     </span>
     <span class='ocr_line' id='line_1_16' title="bbox 435 2097 1793 2166; baseline -0.001 -18"><span class='ocrx_word' id='word_1_156' title='bbox 435 2105 502 2149; x_wconf 83' lang='lat' dir='ltr'><strong>siros</strong></span> <span class='ocrx_word' id='word_1_157' title='bbox 515 2099 612 2166; x_wconf 79' lang='lat' dir='ltr'><strong>aliquot</strong></span> <span class='ocrx_word' id='word_1_158' title='bbox 625 2099 808 2162; x_wconf 77' lang='lat' dir='ltr'><strong>exemplaribus</strong></span> <span class='ocrx_word' id='word_1_159' title='bbox 821 2103 973 2164; x_wconf 71' lang='lat' dir='ltr'><strong>frontispicii</strong></span> <span class='ocrx_word' id='word_1_160' title='bbox 985 2100 1052 2166; x_wconf 81' lang='lat' dir='ltr'><strong>libri,</strong></span> <span class='ocrx_word' id='word_1_161' title='bbox 1071 2106 1142 2162; x_wconf 88' lang='lat' dir='ltr'><strong>cnjns</strong></span> <span class='ocrx_word' id='word_1_162' title='bbox 1155 2107 1280 2150; x_wconf 86' lang='lat' dir='ltr'><strong>auctorem</strong></span> <span class='ocrx_word' id='word_1_163' title='bbox 1293 2101 1458 2162; x_wconf 86' lang='lat' dir='ltr'><strong>praetendunt</strong></span> <span class='ocrx_word' id='word_1_164' title='bbox 1471 2113 1542 2159; x_wconf 85' lang='lat' dir='ltr'><strong>agere</strong></span> <span class='ocrx_word' id='word_1_165' title='bbox 1555 2113 1621 2147; x_wconf 91' lang='lat' dir='ltr'><strong>nnnc</strong></span> <span class='ocrx_word' id='word_1_166' title='bbox 1634 2097 1793 2160; x_wconf 83' lang='lat' dir='ltr'><strong>iioguntiae“</strong></span> 
     </span>
     <span class='ocr_line' id='line_1_17' title="bbox 434 2169 1795 2236; baseline -0.002 -17"><span class='ocrx_word' id='word_1_167' title='bbox 434 2175 483 2222; x_wconf 83' lang='lat' dir='ltr'><strong>cto.</strong></span> <span class='ocrx_word' id='word_1_168' title='bbox 503 2171 577 2219; x_wconf 78' lang='lat' dir='ltr'><strong>suno</strong></span> <span class='ocrx_word' id='word_1_169' title='bbox 595 2169 662 2221; x_wconf 73' lang='lat'><strong>1626</strong></span> <span class='ocrx_word' id='word_1_170' title='bbox 673 2172 768 2231; x_wconf 87' lang='lat' dir='ltr'><strong>scribit,</strong></span> <span class='ocrx_word' id='word_1_171' title='bbox 781 2178 896 2234; x_wconf 85' lang='lat' dir='ltr'><strong>spectans</strong></span> <span class='ocrx_word' id='word_1_172' title='bbox 905 2171 969 2219; x_wconf 87' lang='lat' dir='ltr'><strong>iorte</strong></span> <span class='ocrx_word' id='word_1_173' title='bbox 981 2169 1045 2225; x_wconf 80' lang='lat' dir='ltr'><strong>illud</strong></span> <span class='ocrx_word' id='word_1_174' title='bbox 1058 2170 1226 2236; x_wconf 84' lang='lat' dir='ltr'><strong>,‚consllium“</strong></span> <span class='ocrx_word' id='word_1_175' title='bbox 1240 2171 1354 2234; x_wconf 86' lang='lat' dir='ltr'><strong>Keplsrl:</strong></span> <span class='ocrx_word' id='word_1_176' title='bbox 1372 2170 1527 2218; x_wconf 85' lang='lat' dir='ltr'><strong>adversarius</strong></span> <span class='ocrx_word' id='word_1_177' title='bbox 1538 2183 1617 2234; x_wconf 87' lang='lat' dir='ltr'><strong>meus,</strong></span> <span class='ocrx_word' id='word_1_178' title='bbox 1631 2183 1704 2233; x_wconf 88' lang='lat' dir='ltr'><strong>quem</strong></span> <span class='ocrx_word' id='word_1_179' title='bbox 1718 2170 1795 2234; x_wconf 82' lang='lat' dir='ltr'><strong>nosti,</strong></span> 
     </span>
     <span class='ocr_line' id='line_1_18' title="bbox 434 2239 1794 2305; baseline -0.001 -17"><span class='ocrx_word' id='word_1_180' title='bbox 434 2240 539 2289; x_wconf 71' lang='lat' dir='ltr'><strong>undem</strong></span> <span class='ocrx_word' id='word_1_181' title='bbox 554 2243 653 2303; x_wconf 87' lang='lat' dir='ltr'><strong>peperit</strong></span> <span class='ocrx_word' id='word_1_182' title='bbox 666 2247 773 2303; x_wconf 87' lang='lat' dir='ltr'><strong>partum,</strong></span> <span class='ocrx_word' id='word_1_183' title='bbox 791 2255 865 2305; x_wconf 87' lang='lat' dir='ltr'><strong>qnam</strong></span> <span class='ocrx_word' id='word_1_184' title='bbox 879 2241 921 2289; x_wconf 91' lang='lat' dir='ltr'><strong>din</strong></span> <span class='ocrx_word' id='word_1_185' title='bbox 932 2241 994 2290; x_wconf 90' lang='lat' dir='ltr'><strong>edao</strong></span> <span class='ocrx_word' id='word_1_186' title='bbox 1007 2243 1112 2304; x_wconf 85' lang='lat' dir='ltr'><strong>peperit.</strong></span> <span class='ocrx_word' id='word_1_187' title='bbox 1131 2243 1159 2289; x_wconf 93' lang='lat' dir='ltr'><strong>ln</strong></span> <span class='ocrx_word' id='word_1_188' title='bbox 1173 2242 1260 2289; x_wconf 85' lang='lat' dir='ltr'><strong>ceteris</strong></span> <span class='ocrx_word' id='word_1_189' title='bbox 1273 2255 1371 2305; x_wconf 84' lang='lat' dir='ltr'><strong>aequor,</strong></span> <span class='ocrx_word' id='word_1_190' title='bbox 1391 2240 1459 2305; x_wconf 90' lang='lat' dir='ltr'><strong>quod</strong></span> <span class='ocrx_word' id='word_1_191' title='bbox 1472 2239 1533 2287; x_wconf 91' lang='lat' dir='ltr'><strong>mihi</strong></span> <span class='ocrx_word' id='word_1_192' title='bbox 1545 2239 1640 2300; x_wconf 88' lang='lat' dir='ltr'><strong>pridern</strong></span> <span class='ocrx_word' id='word_1_193' title='bbox 1654 2239 1794 2288; x_wconf 89' lang='lat' dir='ltr'><strong>communi·</strong></span> 
     </span>
     <span class='ocr_line' id='line_1_19' title="bbox 435 2309 1795 2372; baseline -0.001 -12"><span class='ocrx_word' id='word_1_194' title='bbox 435 2311 507 2371; x_wconf 88' lang='lat' dir='ltr'><strong>casti,</strong></span> <span class='ocrx_word' id='word_1_195' title='bbox 520 2312 732 2372; x_wconf 86' lang='lat' dir='ltr'><strong>sapientissimum</strong></span> <span class='ocrx_word' id='word_1_196' title='bbox 746 2313 879 2359; x_wconf 88' lang='lat' dir='ltr'><strong>consilium</strong></span> <span class='ocrx_word' id='word_1_197' title='bbox 891 2318 970 2371; x_wconf 87' lang='lat' dir='ltr'><strong>tunm,</strong></span> <span class='ocrx_word' id='word_1_198' title='bbox 983 2317 1074 2359; x_wconf 91' lang='lat' dir='ltr'><strong>namet</strong></span> <span class='ocrx_word' id='word_1_199' title='bbox 1087 2312 1226 2372; x_wconf 84' lang='lat' dir='ltr'><strong>superiores</strong></span> <span class='ocrx_word' id='word_1_200' title='bbox 1236 2312 1329 2371; x_wconf 83' lang='lat' dir='ltr'><strong>jubent</strong></span> <span class='ocrx_word' id='word_1_201' title='bbox 1339 2316 1364 2358; x_wconf 91' lang='lat' dir='ltr'><strong>et</strong></span> <span class='ocrx_word' id='word_1_202' title='bbox 1375 2311 1451 2358; x_wconf 89' lang='lat' dir='ltr'><strong>amici</strong></span> <span class='ocrx_word' id='word_1_203' title='bbox 1459 2314 1569 2368; x_wconf 88' lang='lat' dir='ltr'><strong>monent,</strong></span> <span class='ocrx_word' id='word_1_204' title='bbox 1582 2315 1610 2357; x_wconf 92' lang='lat' dir='ltr'><strong>nt</strong></span> <span class='ocrx_word' id='word_1_205' title='bbox 1623 2309 1795 2371; x_wconf 85' lang='lat' dir='ltr'><strong>respondeam.</strong></span> 
     </span>
     <span class='ocr_line' id='line_1_20' title="bbox 435 2377 1797 2446; baseline -0.002 -17"><span class='ocrx_word' id='word_1_206' title='bbox 435 2383 512 2429; x_wconf 78' lang='lat' dir='ltr'><strong>Anno</strong></span> <span class='ocrx_word' id='word_1_207' title='bbox 532 2383 599 2431; x_wconf 77' lang='lat'><strong>1627</strong></span> <span class='ocrx_word' id='word_1_208' title='bbox 618 2381 656 2446; x_wconf 76' lang='lat' dir='ltr'><strong>[in</strong></span> <span class='ocrx_word' id='word_1_209' title='bbox 674 2382 754 2429; x_wconf 86' lang='lat' dir='ltr'><strong>literis</strong></span> <span class='ocrx_word' id='word_1_210' title='bbox 773 2380 797 2432; x_wconf 89' lang='lat' dir='ltr'><strong>d.</strong></span> <span class='ocrx_word' id='word_1_211' title='bbox 816 2383 860 2430; x_wconf 73' lang='lat'><strong>23.</strong></span> <span class='ocrx_word' id='word_1_212' title='bbox 880 2377 966 2445; x_wconf 83' lang='lat' dir='ltr'><strong>Febr.)</strong></span> <span class='ocrx_word' id='word_1_213' title='bbox 989 2382 1081 2443; x_wconf 84' lang='lat' dir='ltr'><strong>pergit:</strong></span> <span class='ocrx_word' id='word_1_214' title='bbox 1106 2381 1145 2429; x_wconf 90' lang='lat' dir='ltr'><strong>De</strong></span> <span class='ocrx_word' id='word_1_215' title='bbox 1163 2380 1302 2429; x_wconf 78' lang='lat' dir='ltr'><strong>adversario</strong></span> <span class='ocrx_word' id='word_1_216' title='bbox 1321 2394 1385 2444; x_wconf 86' lang='lat' dir='ltr'><strong>qnae</strong></span> <span class='ocrx_word' id='word_1_217' title='bbox 1403 2385 1504 2442; x_wconf 90' lang='lat' dir='ltr'><strong>paterne</strong></span> <span class='ocrx_word' id='word_1_218' title='bbox 1521 2392 1622 2439; x_wconf 89' lang='lat' dir='ltr'><strong>mones,</strong></span> <span class='ocrx_word' id='word_1_219' title='bbox 1644 2384 1715 2440; x_wconf 88' lang='lat' dir='ltr'><strong>grata</strong></span> <span class='ocrx_word' id='word_1_220' title='bbox 1737 2383 1797 2427; x_wconf 89' lang='lat' dir='ltr'><strong>sunt</strong></span> 
     </span>
     <span class='ocr_line' id='line_1_21' title="bbox 436 2449 1795 2515; baseline -0.001 -17"><span class='ocrx_word' id='word_1_221' title='bbox 436 2455 462 2498; x_wconf 90' lang='lat' dir='ltr'><strong>et</strong></span> <span class='ocrx_word' id='word_1_222' title='bbox 480 2451 603 2500; x_wconf 86' lang='lat' dir='ltr'><strong>hactenus</strong></span> <span class='ocrx_word' id='word_1_223' title='bbox 622 2453 755 2515; x_wconf 84' lang='lat' dir='ltr'><strong>obsequar,</strong></span> <span class='ocrx_word' id='word_1_224' title='bbox 773 2455 802 2505; x_wconf 91' lang='lat' dir='ltr'><strong>ut</strong></span> <span class='ocrx_word' id='word_1_225' title='bbox 820 2451 881 2499; x_wconf 90' lang='lat' dir='ltr'><strong>mihi</strong></span> <span class='ocrx_word' id='word_1_226' title='bbox 900 2455 1033 2511; x_wconf 86' lang='lat' dir='ltr'><strong>temperem</strong></span> <span class='ocrx_word' id='word_1_227' title='bbox 1045 2464 1062 2499; x_wconf 88' lang='lat' dir='ltr'><strong>a</strong></span> <span class='ocrx_word' id='word_1_228' title='bbox 1074 2452 1192 2499; x_wconf 81' lang='lat' dir='ltr'><strong>convitiis</strong></span> <span class='ocrx_word' id='word_1_229' title='bbox 1211 2456 1235 2498; x_wconf 91' lang='lat' dir='ltr'><strong>et</strong></span> <span class='ocrx_word' id='word_1_230' title='bbox 1253 2451 1383 2498; x_wconf 87' lang='lat' dir='ltr'><strong>verborum</strong></span> <span class='ocrx_word' id='word_1_231' title='bbox 1401 2451 1545 2499; x_wconf 85' lang='lat' dir='ltr'><strong>acerbitate.</strong></span> <span class='ocrx_word' id='word_1_232' title='bbox 1581 2449 1628 2498; x_wconf 77' lang='lat' dir='ltr'><strong>sec</strong></span> <span class='ocrx_word' id='word_1_233' title='bbox 1647 2454 1676 2499; x_wconf 90' lang='lat' dir='ltr'><strong>ut</strong></span> <span class='ocrx_word' id='word_1_234' title='bbox 1693 2462 1795 2511; x_wconf 87' lang='lat' dir='ltr'><strong>prorsus</strong></span> 
     </span>
     <span class='ocr_line' id='line_1_22' title="bbox 436 2519 1795 2587; baseline -0.001 -18"><span class='ocrx_word' id='word_1_235' title='bbox 436 2534 585 2584; x_wconf 88' lang='lat' dir='ltr'><strong>responsum</strong></span> <span class='ocrx_word' id='word_1_236' title='bbox 605 2523 726 2581; x_wconf 87' lang='lat' dir='ltr'><strong>omittam,</strong></span> <span class='ocrx_word' id='word_1_237' title='bbox 744 2519 770 2568; x_wconf 90' lang='lat' dir='ltr'><strong>id</strong></span> <span class='ocrx_word' id='word_1_238' title='bbox 789 2521 850 2569; x_wconf 91' lang='lat' dir='ltr'><strong>mihl</strong></span> <span class='ocrx_word' id='word_1_239' title='bbox 869 2534 912 2582; x_wconf 88' lang='lat' dir='ltr'><strong>per</strong></span> <span class='ocrx_word' id='word_1_240' title='bbox 930 2535 999 2569; x_wconf 90' lang='lat' dir='ltr'><strong>meos</strong></span> <span class='ocrx_word' id='word_1_241' title='bbox 1016 2534 1066 2587; x_wconf 83' lang='lat' dir='ltr'><strong>npn</strong></span> <span class='ocrx_word' id='word_1_242' title='bbox 1084 2522 1192 2581; x_wconf 87' lang='lat' dir='ltr'><strong>amplias</strong></span> <span class='ocrx_word' id='word_1_243' title='bbox 1210 2525 1249 2568; x_wconf 91' lang='lat' dir='ltr'><strong>est</strong></span> <span class='ocrx_word' id='word_1_244' title='bbox 1267 2521 1395 2580; x_wconf 82' lang='lat' dir='ltr'><strong>integrum.</strong></span> <span class='ocrx_word' id='word_1_245' title='bbox 1431 2520 1567 2582; x_wconf 82' lang='lat' dir='ltr'><strong>Hucusque</strong></span> <span class='ocrx_word' id='word_1_246' title='bbox 1589 2521 1665 2568; x_wconf 81' lang='lat' dir='ltr'><strong>rarils</strong></span> <span class='ocrx_word' id='word_1_247' title='bbox 1689 2519 1795 2568; x_wconf 88' lang='lat' dir='ltr'><strong>distrac-</strong></span> 
     </span>
     <span class='ocr_line' id='line_1_23' title="bbox 436 2588 1796 2652; baseline -0.002 -13"><span class='ocrx_word' id='word_1_248' title='bbox 436 2594 477 2639; x_wconf 86' lang='lat' dir='ltr'><strong>tus</strong></span> <span class='ocrx_word' id='word_1_249' title='bbox 497 2591 705 2652; x_wconf 78' lang='lat' dir='ltr'><strong>occupationibus</strong></span> <span class='ocrx_word' id='word_1_250' title='bbox 723 2590 760 2637; x_wconf 94' lang='lat' dir='ltr'><strong>nil</strong></span> <span class='ocrx_word' id='word_1_251' title='bbox 779 2591 895 2638; x_wconf 88' lang='lat' dir='ltr'><strong>meditari</strong></span> <span class='ocrx_word' id='word_1_252' title='bbox 911 2592 994 2651; x_wconf 85' lang='lat' dir='ltr'><strong>potul.</strong></span> <span class='ocrx_word' id='word_1_253' title='bbox 1029 2591 1052 2637; x_wconf 82' lang='grc' dir='ltr'><strong>Α</strong></span> <span class='ocrx_word' id='word_1_254' title='bbox 1069 2591 1134 2639; x_wconf 78' lang='lat' dir='ltr'><strong>{esto</strong></span> <span class='ocrx_word' id='word_1_255' title='bbox 1153 2589 1294 2651; x_wconf 89' lang='lat' dir='ltr'><strong>paschatis,</strong></span> <span class='ocrx_word' id='word_1_256' title='bbox 1312 2590 1461 2638; x_wconf 84' lang='lat' dir='ltr'><strong>intermissis</strong></span> <span class='ocrx_word' id='word_1_257' title='bbox 1479 2589 1511 2637; x_wconf 90' lang='lat' dir='ltr'><strong>ad</strong></span> <span class='ocrx_word' id='word_1_258' title='bbox 1529 2595 1627 2651; x_wconf 89' lang='lat' dir='ltr'><strong>tempus</strong></span> <span class='ocrx_word' id='word_1_259' title='bbox 1644 2588 1796 2637; x_wconf 81' lang='lat' dir='ltr'><strong>academicis</strong></span> 
     </span>
     <span class='ocr_line' id='line_1_24' title="bbox 436 2656 1795 2725; baseline -0.002 -17"><span class='ocrx_word' id='word_1_260' title='bbox 436 2660 577 2725; x_wconf 85' lang='lat' dir='ltr'><strong>laboribus,</strong></span> <span class='ocrx_word' id='word_1_261' title='bbox 596 2661 656 2710; x_wconf 88' lang='lat' dir='ltr'><strong>huic</strong></span> <span class='ocrx_word' id='word_1_262' title='bbox 674 2661 720 2708; x_wconf 92' lang='lat' dir='ltr'><strong>uni</strong></span> <span class='ocrx_word' id='word_1_263' title='bbox 738 2661 773 2707; x_wconf 91' lang='lat' dir='ltr'><strong>rei</strong></span> <span class='ocrx_word' id='word_1_264' title='bbox 792 2661 894 2709; x_wconf 78' lang='lat' dir='ltr'><strong>vacabo.</strong></span> <span class='ocrx_word' id='word_1_265' title='bbox 916 2685 946 2695; x_wconf 93' lang='lat'><em>—</em></span> <span class='ocrx_word' id='word_1_266' title='bbox 965 2660 1034 2709; x_wconf 86' lang='lat' dir='ltr'><strong>Hace</strong></span> <span class='ocrx_word' id='word_1_267' title='bbox 1052 2661 1123 2724; x_wconf 76' lang='lat' dir='ltr'><strong>torte,</strong></span> <span class='ocrx_word' id='word_1_268' title='bbox 1142 2659 1203 2721; x_wconf 89' lang='lat' dir='ltr'><strong>quid</strong></span> <span class='ocrx_word' id='word_1_269' title='bbox 1221 2660 1248 2706; x_wconf 90' lang='lat' dir='ltr'><strong>in</strong></span> <span class='ocrx_word' id='word_1_270' title='bbox 1266 2673 1291 2706; x_wconf 86' lang='lat' dir='ltr'><strong>re</strong></span> <span class='ocrx_word' id='word_1_271' title='bbox 1310 2661 1351 2717; x_wconf 88' lang='lat' dir='ltr'><strong>slt,</strong></span> <span class='ocrx_word' id='word_1_272' title='bbox 1369 2660 1544 2721; x_wconf 83' lang='lat' dir='ltr'><strong>explicabunt:</strong></span> <span class='ocrx_word' id='word_1_273' title='bbox 1567 2662 1633 2708; x_wconf 83' lang='lat' dir='ltr'><strong>inter</strong></span> <span class='ocrx_word' id='word_1_274' title='bbox 1650 2657 1728 2706; x_wconf 89' lang='lat' dir='ltr'><strong>libros</strong></span> <span class='ocrx_word' id='word_1_275' title='bbox 1747 2656 1795 2706; x_wconf 83' lang='lat' dir='ltr'><strong>Ga·</strong></span> 
     </span>
     <span class='ocr_line' id='line_1_25' title="bbox 437 2727 1796 2794; baseline -0.002 -16"><span class='ocrx_word' id='word_1_276' title='bbox 437 2731 522 2793; x_wconf 88' lang='lat' dir='ltr'><strong>sparia</strong></span> <span class='ocrx_word' id='word_1_277' title='bbox 547 2728 660 2792; x_wconf 77' lang='lat' dir='ltr'><strong>scioppii</strong></span> <span class='ocrx_word' id='word_1_278' title='bbox 685 2729 894 2790; x_wconf 85' lang='lat' dir='ltr'><strong>deprehendimus</strong></span> <span class='ocrx_word' id='word_1_279' title='bbox 920 2728 997 2778; x_wconf 90' lang='lat' dir='ltr'><strong>hune:</strong></span> <span class='ocrx_word' id='word_1_280' title='bbox 1027 2728 1166 2778; x_wconf 82' lang='lat' dir='ltr'><strong>Classicum</strong></span> <span class='ocrx_word' id='word_1_281' title='bbox 1189 2729 1251 2776; x_wconf 87' lang='lat' dir='ltr'><strong>belli</strong></span> <span class='ocrx_word' id='word_1_282' title='bbox 1272 2731 1349 2794; x_wconf 85' lang='lat' dir='ltr'><strong>sacri,</strong></span> <span class='ocrx_word' id='word_1_283' title='bbox 1380 2731 1433 2777; x_wconf 87' lang='lat' dir='ltr'><strong>sive</strong></span> <span class='ocrx_word' id='word_1_284' title='bbox 1458 2728 1552 2777; x_wconf 83' lang='lat' dir='ltr'><strong>Heldua</strong></span> <span class='ocrx_word' id='word_1_285' title='bbox 1576 2728 1716 2791; x_wconf 78' lang='lat' dir='ltr'><strong>redivivus,</strong></span> <span class='ocrx_word' id='word_1_286' title='bbox 1747 2727 1796 2791; x_wconf 88' lang='lat' dir='ltr'><strong>„ds</strong></span> 
     </span>
     <span class='ocr_line' id='line_1_26' title="bbox 437 2797 1795 2866; baseline -0.004 -17"><span class='ocrx_word' id='word_1_287' title='bbox 437 2798 576 2849; x_wconf 78' lang='lat' dir='ltr'><strong>Christiani</strong></span> <span class='ocrx_word' id='word_1_288' title='bbox 594 2799 708 2849; x_wconf 77' lang='lat' dir='ltr'><strong>Caesaris</strong></span> <span class='ocrx_word' id='word_1_289' title='bbox 732 2813 791 2858; x_wconf 86' lang='lat' dir='ltr'><strong>erga</strong></span> <span class='ocrx_word' id='word_1_290' title='bbox 813 2801 938 2862; x_wconf 86' lang='lat' dir='ltr'><strong>principes</strong></span> <span class='ocrx_word' id='word_1_291' title='bbox 961 2798 1079 2849; x_wconf 88' lang='lat' dir='ltr'><strong>ccclesias</strong></span> <span class='ocrx_word' id='word_1_292' title='bbox 1096 2798 1201 2848; x_wconf 88' lang='lat' dir='ltr'><strong>rebelles</strong></span> <span class='ocrx_word' id='word_1_293' title='bbox 1220 2797 1321 2847; x_wconf 87' lang='lat' dir='ltr'><strong>oillclo“</strong></span> <span class='ocrx_word' id='word_1_294' title='bbox 1342 2804 1390 2848; x_wconf 88' lang='lat' dir='ltr'><strong>etc.</strong></span> <span class='ocrx_word' id='word_1_295' title='bbox 1427 2799 1510 2866; x_wconf 78' lang='lat' dir='ltr'><strong>Ticini</strong></span> <span class='ocrx_word' id='word_1_296' title='bbox 1536 2800 1612 2849; x_wconf 78' lang='grc'><strong>1619.</strong></span> <span class='ocrx_word' id='word_1_297' title='bbox 1649 2798 1677 2845; x_wconf 95' lang='lat' dir='ltr'><strong>ln</strong></span> <span class='ocrx_word' id='word_1_298' title='bbox 1698 2797 1795 2860; x_wconf 83' lang='lat' dir='ltr'><strong>praeis·</strong></span> 
     </span>
     <span class='ocr_line' id='line_1_27' title="bbox 405 2865 1797 2933; baseline -0.004 -15"><span class='ocrx_word' id='word_1_299' title='bbox 405 2922 411 2930; x_wconf 55' lang='lat'><strong>,</strong></span> <span class='ocrx_word' id='word_1_300' title='bbox 437 2871 509 2919; x_wconf 85' lang='lat' dir='ltr'><strong>tione</strong></span> <span class='ocrx_word' id='word_1_301' title='bbox 527 2872 602 2919; x_wconf 76' lang='lat' dir='ltr'><strong>refert</strong></span> <span class='ocrx_word' id='word_1_302' title='bbox 613 2869 755 2933; x_wconf 71' lang='lat' dir='ltr'><strong>Scioppius,</strong></span> <span class='ocrx_word' id='word_1_303' title='bbox 774 2870 861 2918; x_wconf 87' lang='lat' dir='ltr'><strong>libello</strong></span> <span class='ocrx_word' id='word_1_304' title='bbox 880 2871 926 2918; x_wconf 91' lang='lat' dir='ltr'><strong>hoc</strong></span> <span class='ocrx_word' id='word_1_305' title='bbox 944 2882 1062 2920; x_wconf 79' lang='lat' dir='ltr'><strong>reuocare</strong></span> <span class='ocrx_word' id='word_1_306' title='bbox 1080 2871 1143 2918; x_wconf 86' lang='lat' dir='ltr'><strong>sein</strong></span> <span class='ocrx_word' id='word_1_307' title='bbox 1161 2870 1303 2918; x_wconf 83' lang='lat' dir='ltr'><strong>memoriam</strong></span> <span class='ocrx_word' id='word_1_308' title='bbox 1324 2874 1479 2931; x_wconf 87' lang='lat' dir='ltr'><strong>posterorum</strong></span> <span class='ocrx_word' id='word_1_309' title='bbox 1492 2870 1566 2916; x_wconf 81' lang='lat' dir='ltr'><strong>rerba</strong></span> <span class='ocrx_word' id='word_1_310' title='bbox 1579 2867 1700 2916; x_wconf 84' lang='lat' dir='ltr'><strong>Matthiae</strong></span> <span class='ocrx_word' id='word_1_311' title='bbox 1714 2865 1797 2931; x_wconf 81' lang='lat' dir='ltr'><strong>lleldl,</strong></span> 
     </span>
     <span class='ocr_line' id='line_1_28' title="bbox 436 2936 1819 3006; baseline -0.004 -16"><span class='ocrx_word' id='word_1_312' title='bbox 436 2938 574 3003; x_wconf 85' lang='lat' dir='ltr'><strong>imperialis</strong></span> <span class='ocrx_word' id='word_1_313' title='bbox 589 2940 715 3004; x_wconf 88' lang='lat' dir='ltr'><strong>quondam</strong></span> <span class='ocrx_word' id='word_1_314' title='bbox 728 2939 914 3001; x_wconf 88' lang='lat' dir='ltr'><strong>procancellaril</strong></span> <span class='ocrx_word' id='word_1_315' title='bbox 933 2936 1093 3006; x_wconf 75' lang='lat' dir='ltr'><strong>(Caroliv.)‚</strong></span> <span class='ocrx_word' id='word_1_316' title='bbox 1112 2940 1156 3004; x_wconf 90' lang='lat' dir='ltr'><strong>qni</strong></span> <span class='ocrx_word' id='word_1_317' title='bbox 1174 2940 1280 3001; x_wconf 86' lang='lat' dir='ltr'><strong>epistola</strong></span> <span class='ocrx_word' id='word_1_318' title='bbox 1298 2937 1441 3002; x_wconf 83' lang='lat' dir='ltr'><strong>,‚suasorla“</strong></span> <span class='ocrx_word' id='word_1_319' title='bbox 1460 2937 1577 2986; x_wconf 82' lang='lat' dir='ltr'><strong>Oarolnm</strong></span> <span class='ocrx_word' id='word_1_320' title='bbox 1596 2937 1746 3001; x_wconf 87' lang='lat' dir='ltr'><strong>dehortatur,</strong></span> <span class='ocrx_word' id='word_1_321' title='bbox 1765 2950 1819 2993; x_wconf 67' lang='lat' dir='ltr'><strong>na,</strong></span> 
     </span>
     <span class='ocr_line' id='line_1_29' title="bbox 438 3007 1798 3073; baseline -0.004 -14"><span class='ocrx_word' id='word_1_322' title='bbox 438 3024 498 3059; x_wconf 87' lang='lat' dir='ltr'><strong>cum</strong></span> <span class='ocrx_word' id='word_1_323' title='bbox 523 3011 653 3059; x_wconf 89' lang='lat' dir='ltr'><strong>haereticis</strong></span> <span class='ocrx_word' id='word_1_324' title='bbox 676 3010 764 3059; x_wconf 87' lang='lat' dir='ltr'><strong>ioedns</strong></span> <span class='ocrx_word' id='word_1_325' title='bbox 787 3012 866 3058; x_wconf 85' lang='lat' dir='ltr'><strong>iaciat</strong></span> <span class='ocrx_word' id='word_1_326' title='bbox 887 3010 1037 3073; x_wconf 90' lang='lat' dir='ltr'><strong>illorumque</strong></span> <span class='ocrx_word' id='word_1_327' title='bbox 1061 3008 1165 3058; x_wconf 72' lang='lat' dir='ltr'><strong>armillis</strong></span> <span class='ocrx_word' id='word_1_328' title='bbox 1189 3014 1279 3057; x_wconf 85' lang='lat' dir='ltr'><strong>utatur.</strong></span> <span class='ocrx_word' id='word_1_329' title='bbox 1315 3009 1360 3057; x_wconf 83' lang='lat' dir='ltr'><strong>llis</strong></span> <span class='ocrx_word' id='word_1_330' title='bbox 1384 3007 1513 3070; x_wconf 85' lang='lat' dir='ltr'><strong>respondit</strong></span> <span class='ocrx_word' id='word_1_331' title='bbox 1535 3008 1703 3067; x_wconf 78' lang='lat' dir='ltr'><strong>Berneggerua</strong></span> <span class='ocrx_word' id='word_1_332' title='bbox 1725 3008 1798 3054; x_wconf 87' lang='lat' dir='ltr'><strong>annis</strong></span> 
     </span>
     <span class='ocr_line' id='line_1_30' title="bbox 438 3077 1793 3141; baseline -0.004 -10"><span class='ocrx_word' id='word_1_333' title='bbox 438 3082 509 3131; x_wconf 78' lang='lat' dir='ltr'><strong>loto</strong></span> <span class='ocrx_word' id='word_1_334' title='bbox 528 3086 552 3128; x_wconf 91' lang='lat' dir='ltr'><strong>et</strong></span> <span class='ocrx_word' id='word_1_335' title='bbox 571 3083 637 3130; x_wconf 78' lang='lat'>1621</span> <span class='ocrx_word' id='word_1_336' title='bbox 656 3079 716 3128; x_wconf 85' lang='lat' dir='ltr'><strong>ficto</strong></span> <span class='ocrx_word' id='word_1_337' title='bbox 734 3081 834 3128; x_wconf 90' lang='lat' dir='ltr'><strong>nomine</strong></span> <span class='ocrx_word' id='word_1_338' title='bbox 851 3079 994 3129; x_wconf 85' lang='lat' dir='ltr'><strong>Theodosio</strong></span> <span class='ocrx_word' id='word_1_339' title='bbox 1013 3081 1132 3128; x_wconf 85' lang='lat' dir='ltr'><strong>Berenice</strong></span> <span class='ocrx_word' id='word_1_340' title='bbox 1150 3078 1238 3127; x_wconf 89' lang='lat' dir='ltr'><strong>libello</strong></span> <span class='ocrx_word' id='word_1_341' title='bbox 1257 3079 1389 3141; x_wconf 88' lang='lat' dir='ltr'><strong>inscripto:</strong></span> <span class='ocrx_word' id='word_1_342' title='bbox 1408 3079 1551 3127; x_wconf 83' lang='lat' dir='ltr'><strong>Proculium</strong></span> <span class='ocrx_word' id='word_1_343' title='bbox 1568 3078 1643 3133; x_wconf 80' lang='lat' dir='ltr'><strong>tubae</strong></span> <span class='ocrx_word' id='word_1_344' title='bbox 1661 3077 1732 3139; x_wconf 85' lang='lat' dir='ltr'><strong>pacis</strong></span> <span class='ocrx_word' id='word_1_345' title='bbox 1750 3090 1793 3125; x_wconf 89' lang='lat' dir='ltr'><strong>oc·</strong></span> 
     </span>
     <span class='ocr_line' id='line_1_31' title="bbox 438 3142 1797 3212; baseline -0.004 -11"><span class='ocrx_word' id='word_1_346' title='bbox 438 3155 533 3201; x_wconf 84' lang='lat' dir='ltr'><strong>cantas</strong></span> <span class='ocrx_word' id='word_1_347' title='bbox 556 3150 708 3212; x_wconf 75' lang='lat' dir='ltr'><strong>scioppiano</strong></span> <span class='ocrx_word' id='word_1_348' title='bbox 734 3148 794 3199; x_wconf 90' lang='lat' dir='ltr'><strong>belli</strong></span> <span class='ocrx_word' id='word_1_349' title='bbox 817 3152 881 3199; x_wconf 86' lang='lat' dir='ltr'><strong>sacri</strong></span> <span class='ocrx_word' id='word_1_350' title='bbox 905 3150 1017 3202; x_wconf 84' lang='lat' dir='ltr'><strong>classico.</strong></span> <span class='ocrx_word' id='word_1_351' title='bbox 1054 3150 1125 3211; x_wconf 81' lang='lat' dir='ltr'><strong>Quae</strong></span> <span class='ocrx_word' id='word_1_352' title='bbox 1148 3164 1205 3199; x_wconf 84' lang='lat' dir='ltr'><strong>vero</strong></span> <span class='ocrx_word' id='word_1_353' title='bbox 1221 3142 1285 3211; x_wconf 83' lang='lat' dir='ltr'><strong>&#39;post</strong></span> <span class='ocrx_word' id='word_1_354' title='bbox 1310 3150 1371 3207; x_wconf 84' lang='lat' dir='ltr'><strong>haec</strong></span> <span class='ocrx_word' id='word_1_355' title='bbox 1389 3155 1502 3210; x_wconf 87' lang='lat' dir='ltr'><strong>tempora</strong></span> <span class='ocrx_word' id='word_1_356' title='bbox 1519 3149 1689 3209; x_wconf 85' lang='lat' dir='ltr'><strong>Bernrggerns</strong></span> <span class='ocrx_word' id='word_1_357' title='bbox 1708 3152 1797 3197; x_wconf 86' lang='lat' dir='ltr'><strong>contra</strong></span> 
     </span>
     <span class='ocr_line' id='line_1_32' title="bbox 437 3218 1221 3285; baseline -0.003 -13"><span class='ocrx_word' id='word_1_358' title='bbox 437 3220 587 3282; x_wconf 80' lang='lat' dir='ltr'><strong>Scioppiom</strong></span> <span class='ocrx_word' id='word_1_359' title='bbox 605 3221 740 3285; x_wconf 85' lang='lat' dir='ltr'><strong>scripserit,</strong></span> <span class='ocrx_word' id='word_1_360' title='bbox 759 3225 803 3268; x_wconf 87' lang='lat' dir='ltr'><strong>aut</strong></span> <span class='ocrx_word' id='word_1_361' title='bbox 820 3220 862 3270; x_wconf 91' lang='lat' dir='ltr'><strong>hic</strong></span> <span class='ocrx_word' id='word_1_362' title='bbox 881 3225 969 3268; x_wconf 86' lang='lat' dir='ltr'><strong>contra</strong></span> <span class='ocrx_word' id='word_1_363' title='bbox 985 3218 1066 3281; x_wconf 90' lang='lat' dir='ltr'><strong>illum,</strong></span> <span class='ocrx_word' id='word_1_364' title='bbox 1085 3222 1221 3271; x_wconf 82' lang='lat' dir='ltr'><strong>nescimus.</strong></span> 
     </span>
    </p>
   </div>
   <div class='ocr_carea' id='block_1_5' title="bbox 434 3285 1843 5292">
    <p class='ocr_par' dir='ltr' id='par_1_6' title="bbox 434 3285 1843 4942">
     <span class='ocr_line' id='line_1_33' title="bbox 527 3285 1799 3369; baseline -0.002 -20"><span class='ocrx_word' id='word_1_365' title='bbox 527 3289 719 3369; x_wconf 88' lang='lat' dir='ltr'><strong>Keplerus</strong></span> <span class='ocrx_word' id='word_1_366' title='bbox 742 3291 989 3367; x_wconf 87' lang='lat' dir='ltr'><strong>Berneggero</strong></span> <span class='ocrx_word' id='word_1_367' title='bbox 1013 3289 1043 3351; x_wconf 87' lang='lat' dir='ltr'><strong>S.</strong></span> <span class='ocrx_word' id='word_1_368' title='bbox 1065 3290 1099 3350; x_wconf 89' lang='lat' dir='ltr'><strong>P.</strong></span> <span class='ocrx_word' id='word_1_369' title='bbox 1124 3291 1161 3349; x_wconf 89' lang='lat' dir='ltr'><strong>D.</strong></span> <span class='ocrx_word' id='word_1_370' title='bbox 1207 3290 1375 3354; x_wconf 81' lang='lat' dir='ltr'><strong>Clarissima</strong></span> <span class='ocrx_word' id='word_1_371' title='bbox 1397 3289 1633 3367; x_wconf 88' lang='lat' dir='ltr'><strong>amicissimeque</strong></span> <span class='ocrx_word' id='word_1_372' title='bbox 1649 3288 1702 3348; x_wconf 82' lang='lat' dir='ltr'><strong>vir.</strong></span> <span class='ocrx_word' id='word_1_373' title='bbox 1735 3285 1799 3358; x_wconf 80' lang='lat' dir='ltr'><strong>Ta·</strong></span> 
     </span>
     <span class='ocr_line' id='line_1_34' title="bbox 436 3374 1799 3457; baseline -0.003 -18"><span class='ocrx_word' id='word_1_374' title='bbox 436 3376 518 3439; x_wconf 84' lang='lat' dir='ltr'><strong>bulis</strong></span> <span class='ocrx_word' id='word_1_375' title='bbox 541 3375 736 3457; x_wconf 86' lang='lat' dir='ltr'><strong>Rudolphinis</strong></span> <span class='ocrx_word' id='word_1_376' title='bbox 759 3377 913 3450; x_wconf 83' lang='lat' dir='ltr'><strong>absolutis,</strong></span> <span class='ocrx_word' id='word_1_377' title='bbox 937 3376 1026 3455; x_wconf 90' lang='lat' dir='ltr'><strong>idque</strong></span> <span class='ocrx_word' id='word_1_378' title='bbox 1048 3380 1122 3438; x_wconf 89' lang='lat' dir='ltr'><strong>meis</strong></span> <span class='ocrx_word' id='word_1_379' title='bbox 1143 3380 1303 3452; x_wconf 89' lang='lat' dir='ltr'><strong>sumtibus,</strong></span> <span class='ocrx_word' id='word_1_380' title='bbox 1326 3394 1391 3439; x_wconf 90' lang='lat' dir='ltr'><strong>cum</strong></span> <span class='ocrx_word' id='word_1_381' title='bbox 1414 3378 1624 3439; x_wconf 85' lang='lat' dir='ltr'><strong>mercatoribus</strong></span> <span class='ocrx_word' id='word_1_382' title='bbox 1647 3374 1799 3438; x_wconf 90' lang='lat' dir='ltr'><strong>Ulmenai·</strong></span> 
     </span>
     <span class='ocr_line' id='line_1_35' title="bbox 434 3458 1799 3543; baseline -0.002 -18"><span class='ocrx_word' id='word_1_383' title='bbox 434 3465 495 3525; x_wconf 90' lang='lat' dir='ltr'><strong>bns</strong></span> <span class='ocrx_word' id='word_1_384' title='bbox 518 3465 664 3543; x_wconf 87' lang='lat' dir='ltr'><strong>proiectus</strong></span> <span class='ocrx_word' id='word_1_385' title='bbox 687 3483 752 3524; x_wconf 89' lang='lat' dir='ltr'><strong>sum</strong></span> <span class='ocrx_word' id='word_1_386' title='bbox 776 3465 1007 3525; x_wconf 84' lang='lat' dir='ltr'><strong>Francoiurtom.</strong></span> <span class='ocrx_word' id='word_1_387' title='bbox 1051 3464 1110 3525; x_wconf 90' lang='lat' dir='ltr'><strong>Hic</strong></span> <span class='ocrx_word' id='word_1_388' title='bbox 1132 3482 1199 3526; x_wconf 91' lang='lat' dir='ltr'><strong>cum</strong></span> <span class='ocrx_word' id='word_1_389' title='bbox 1223 3465 1380 3525; x_wconf 79' lang='lat' dir='ltr'><strong>difficultas</strong></span> <span class='ocrx_word' id='word_1_390' title='bbox 1403 3469 1525 3528; x_wconf 89' lang='lat' dir='ltr'><strong>oriretur</strong></span> <span class='ocrx_word' id='word_1_391' title='bbox 1547 3464 1583 3525; x_wconf 91' lang='lat' dir='ltr'><strong>de</strong></span> <span class='ocrx_word' id='word_1_392' title='bbox 1606 3458 1676 3525; x_wconf 80' lang='lat' dir='ltr'><strong>taxa</strong></span> <span class='ocrx_word' id='word_1_393' title='bbox 1697 3480 1799 3524; x_wconf 71' lang='lat' dir='ltr'><strong>mem·</strong></span> 
     </span>
     <span class='ocr_line' id='line_1_36' title="bbox 435 3550 1800 3633; baseline -0.001 -23"><span class='ocrx_word' id='word_1_394' title='bbox 435 3551 538 3633; x_wconf 87' lang='lat' dir='ltr'><strong>piaris,</strong></span> <span class='ocrx_word' id='word_1_395' title='bbox 555 3554 625 3629; x_wconf 89' lang='lat' dir='ltr'><strong>qnia</strong></span> <span class='ocrx_word' id='word_1_396' title='bbox 638 3570 703 3612; x_wconf 91' lang='lat' dir='ltr'><strong>sum</strong></span> <span class='ocrx_word' id='word_1_397' title='bbox 719 3555 747 3610; x_wconf 93' lang='lat' dir='ltr'><strong>in</strong></span> <span class='ocrx_word' id='word_1_398' title='bbox 763 3555 904 3612; x_wconf 85' lang='lat' dir='ltr'><strong>socictate</strong></span> <span class='ocrx_word' id='word_1_399' title='bbox 919 3569 986 3613; x_wconf 92' lang='lat' dir='ltr'><strong>cum</strong></span> <span class='ocrx_word' id='word_1_400' title='bbox 997 3552 1167 3627; x_wconf 87' lang='lat' dir='ltr'><strong>Brahcanis,</strong></span> <span class='ocrx_word' id='word_1_401' title='bbox 1184 3570 1245 3613; x_wconf 91' lang='lat' dir='ltr'><strong>rem</strong></span> <span class='ocrx_word' id='word_1_402' title='bbox 1260 3550 1351 3613; x_wconf 90' lang='lat' dir='ltr'><strong>detuli</strong></span> <span class='ocrx_word' id='word_1_403' title='bbox 1369 3552 1405 3613; x_wconf 90' lang='lat' dir='ltr'><strong>ad</strong></span> <span class='ocrx_word' id='word_1_404' title='bbox 1419 3553 1648 3612; x_wconf 86' lang='lat' dir='ltr'><strong>commissarium</strong></span> <span class='ocrx_word' id='word_1_405' title='bbox 1660 3550 1800 3612; x_wconf 88' lang='lat' dir='ltr'><strong>librorum</strong></span> 
     </span>
     <span class='ocr_line' id='line_1_37' title="bbox 437 3639 1800 3719; baseline -0.003 -20"><span class='ocrx_word' id='word_1_406' title='bbox 437 3639 627 3701; x_wconf 82' lang='lat' dir='ltr'><strong>Caesareum.</strong></span> <span class='ocrx_word' id='word_1_407' title='bbox 672 3640 738 3712; x_wconf 89' lang='lat' dir='ltr'><strong>Hic,</strong></span> <span class='ocrx_word' id='word_1_408' title='bbox 763 3640 904 3699; x_wconf 88' lang='lat' dir='ltr'><strong>consultis</strong></span> <span class='ocrx_word' id='word_1_409' title='bbox 926 3640 1048 3715; x_wconf 84' lang='lat' dir='ltr'><strong>idoneis,</strong></span> <span class='ocrx_word' id='word_1_410' title='bbox 1073 3639 1204 3701; x_wconf 87' lang='lat' dir='ltr'><strong>diversas</strong></span> <span class='ocrx_word' id='word_1_411' title='bbox 1220 3642 1326 3719; x_wconf 89' lang='lat' dir='ltr'><strong>reperit</strong></span> <span class='ocrx_word' id='word_1_412' title='bbox 1347 3642 1516 3699; x_wconf 89' lang='lat' dir='ltr'><strong>sententias.</strong></span> <span class='ocrx_word' id='word_1_413' title='bbox 1561 3639 1655 3714; x_wconf 88' lang='lat' dir='ltr'><strong>Docti,</strong></span> <span class='ocrx_word' id='word_1_414' title='bbox 1679 3647 1709 3700; x_wconf 89' lang='lat' dir='ltr'><strong>et</strong></span> <span class='ocrx_word' id='word_1_415' title='bbox 1731 3639 1800 3715; x_wconf 89' lang='lat' dir='ltr'><strong>qni·</strong></span> 
     </span>
     <span class='ocr_line' id='line_1_38' title="bbox 439 3725 1799 3806; baseline -0.001 -21"><span class='ocrx_word' id='word_1_416' title='bbox 439 3726 508 3787; x_wconf 89' lang='lat' dir='ltr'><strong>dem</strong></span> <span class='ocrx_word' id='word_1_417' title='bbox 530 3726 683 3800; x_wconf 87' lang='lat' dir='ltr'><strong>Jesuitse,</strong></span> <span class='ocrx_word' id='word_1_418' title='bbox 715 3728 849 3786; x_wconf 90' lang='lat' dir='ltr'><strong>omnibns</strong></span> <span class='ocrx_word' id='word_1_419' title='bbox 871 3730 1021 3805; x_wconf 87' lang='lat' dir='ltr'><strong>perpensis</strong></span> <span class='ocrx_word' id='word_1_420' title='bbox 1044 3734 1224 3802; x_wconf 88' lang='lat' dir='ltr'><strong>statuerunt,</strong></span> <span class='ocrx_word' id='word_1_421' title='bbox 1254 3725 1428 3806; x_wconf 88' lang='lat' dir='ltr'><strong>exemplaris</strong></span> <span class='ocrx_word' id='word_1_422' title='bbox 1450 3736 1549 3787; x_wconf 84' lang='lat' dir='ltr'><strong>texam</strong></span> <span class='ocrx_word' id='word_1_423' title='bbox 1573 3726 1591 3785; x_wconf 82' lang='lat'><strong>5</strong></span> <span class='ocrx_word' id='word_1_424' title='bbox 1614 3726 1799 3799; x_wconf 84' lang='lat' dir='ltr'><strong>florenorum,</strong></span> 
     </span>
     <span class='ocr_line' id='line_1_39' title="bbox 438 3812 1800 3898; baseline -0.002 -25"><span class='ocrx_word' id='word_1_425' title='bbox 438 3830 507 3873; x_wconf 93' lang='lat' dir='ltr'><strong>cum</strong></span> <span class='ocrx_word' id='word_1_426' title='bbox 530 3816 588 3873; x_wconf 88' lang='lat' dir='ltr'><strong>sint</strong></span> <span class='ocrx_word' id='word_1_427' title='bbox 609 3817 735 3891; x_wconf 86' lang='lat' dir='ltr'><strong>paginae</strong></span> <span class='ocrx_word' id='word_1_428' title='bbox 761 3816 810 3888; x_wconf 80' lang='lat'><strong>65,</strong></span> <span class='ocrx_word' id='word_1_429' title='bbox 834 3822 867 3873; x_wconf 89' lang='lat' dir='ltr'><strong>nt</strong></span> <span class='ocrx_word' id='word_1_430' title='bbox 888 3817 931 3874; x_wconf 89' lang='lat' dir='ltr'><strong>sic</strong></span> <span class='ocrx_word' id='word_1_431' title='bbox 954 3817 1061 3893; x_wconf 88' lang='lat' dir='ltr'><strong>pagina</strong></span> <span class='ocrx_word' id='word_1_432' title='bbox 1076 3817 1177 3874; x_wconf 82' lang='lat' dir='ltr'><strong>veniat</strong></span> <span class='ocrx_word' id='word_1_433' title='bbox 1196 3831 1250 3894; x_wconf 90' lang='lat' dir='ltr'><strong>pro</strong></span> <span class='ocrx_word' id='word_1_434' title='bbox 1268 3812 1330 3898; x_wconf 58' lang='grc' dir='ltr'><strong>ψ,</strong></span> <span class='ocrx_word' id='word_1_435' title='bbox 1353 3814 1575 3890; x_wconf 88' lang='lat' dir='ltr'><strong>cmcigerorum.</strong></span> <span class='ocrx_word' id='word_1_436' title='bbox 1620 3813 1800 3874; x_wconf 86' lang='lat' dir='ltr'><strong>Mercatores</strong></span> 
     </span>
     <span class='ocr_line' id='line_1_40' title="bbox 439 3900 1800 3977; baseline -0.002 -17"><span class='ocrx_word' id='word_1_437' title='bbox 439 3917 513 3960; x_wconf 88' lang='lat' dir='ltr'><strong>vcro</strong></span> <span class='ocrx_word' id='word_1_438' title='bbox 536 3900 686 3975; x_wconf 90' lang='lat' dir='ltr'><strong>librorum,</strong></span> <span class='ocrx_word' id='word_1_439' title='bbox 708 3900 801 3961; x_wconf 89' lang='lat' dir='ltr'><strong>solam</strong></span> <span class='ocrx_word' id='word_1_440' title='bbox 824 3917 947 3961; x_wconf 90' lang='lat' dir='ltr'><strong>mercem</strong></span> <span class='ocrx_word' id='word_1_441' title='bbox 971 3904 1075 3962; x_wconf 90' lang='lat' dir='ltr'><strong>intueri</strong></span> <span class='ocrx_word' id='word_1_442' title='bbox 1094 3902 1181 3977; x_wconf 88' lang='lat' dir='ltr'><strong>jussi,</strong></span> <span class='ocrx_word' id='word_1_443' title='bbox 1203 3911 1302 3961; x_wconf 76' lang='lat' dir='ltr'><strong>msam</strong></span> <span class='ocrx_word' id='word_1_444' title='bbox 1326 3902 1460 3962; x_wconf 88' lang='lat' dir='ltr'><strong>dixerunt</strong></span> <span class='ocrx_word' id='word_1_445' title='bbox 1483 3904 1501 3959; x_wconf 80' lang='lat'><strong>2</strong></span> <span class='ocrx_word' id='word_1_446' title='bbox 1524 3900 1658 3961; x_wconf 87' lang='lat' dir='ltr'><strong>florenos.</strong></span> <span class='ocrx_word' id='word_1_447' title='bbox 1693 3900 1800 3960; x_wconf 89' lang='lat' dir='ltr'><strong>Domi-</strong></span> 
     </span>
     <span class='ocr_line' id='line_1_41' title="bbox 439 3986 1801 4068; baseline -0.001 -21"><span class='ocrx_word' id='word_1_448' title='bbox 439 4005 499 4047; x_wconf 89' lang='lat' dir='ltr'><strong>nus</strong></span> <span class='ocrx_word' id='word_1_449' title='bbox 522 3990 737 4049; x_wconf 89' lang='lat' dir='ltr'><strong>commissarius</strong></span> <span class='ocrx_word' id='word_1_450' title='bbox 765 3987 894 4049; x_wconf 89' lang='lat' dir='ltr'><strong>medium</strong></span> <span class='ocrx_word' id='word_1_451' title='bbox 923 3988 1009 4063; x_wconf 84' lang='lat' dir='ltr'><strong>dixit,</strong></span> <span class='ocrx_word' id='word_1_452' title='bbox 1042 3989 1145 4049; x_wconf 72' lang='lat' dir='ltr'><strong>iiior.</strong></span> <span class='ocrx_word' id='word_1_453' title='bbox 1170 3991 1312 4067; x_wconf 88' lang='lat' dir='ltr'><strong>pecuniae</strong></span> <span class='ocrx_word' id='word_1_454' title='bbox 1335 3991 1509 4068; x_wconf 87' lang='lat' dir='ltr'><strong>praesentis,</strong></span> <span class='ocrx_word' id='word_1_455' title='bbox 1541 3991 1582 4049; x_wconf 87' lang='lat' dir='ltr'><strong>ita</strong></span> <span class='ocrx_word' id='word_1_456' title='bbox 1613 3996 1646 4048; x_wconf 90' lang='lat' dir='ltr'><strong>ut</strong></span> <span class='ocrx_word' id='word_1_457' title='bbox 1676 3986 1801 4047; x_wconf 88' lang='lat' dir='ltr'><strong>studiosi</strong></span> 
     </span>
     <span class='ocr_line' id='line_1_42' title="bbox 440 4074 1801 4154; baseline -0.001 -20"><span class='ocrx_word' id='word_1_458' title='bbox 440 4076 500 4153; x_wconf 90' lang='lat' dir='ltr'><strong>ipsi</strong></span> <span class='ocrx_word' id='word_1_459' title='bbox 524 4093 575 4152; x_wconf 90' lang='lat' dir='ltr'><strong>per</strong></span> <span class='ocrx_word' id='word_1_460' title='bbox 595 4077 723 4154; x_wconf 89' lang='lat' dir='ltr'><strong>aliquem</strong></span> <span class='ocrx_word' id='word_1_461' title='bbox 746 4074 922 4153; x_wconf 88' lang='lat' dir='ltr'><strong>delegatum,</strong></span> <span class='ocrx_word' id='word_1_462' title='bbox 946 4094 1010 4137; x_wconf 91' lang='lat' dir='ltr'><strong>cum</strong></span> <span class='ocrx_word' id='word_1_463' title='bbox 1034 4093 1092 4153; x_wconf 89' lang='lat' dir='ltr'><strong>quo</strong></span> <span class='ocrx_word' id='word_1_464' title='bbox 1117 4075 1153 4136; x_wconf 89' lang='lat' dir='ltr'><strong>dc</strong></span> <span class='ocrx_word' id='word_1_465' title='bbox 1176 4093 1265 4154; x_wconf 90' lang='lat' dir='ltr'><strong>opera</strong></span> <span class='ocrx_word' id='word_1_466' title='bbox 1287 4085 1317 4137; x_wconf 91' lang='lat' dir='ltr'><strong>et</strong></span> <span class='ocrx_word' id='word_1_467' title='bbox 1339 4084 1459 4137; x_wconf 87' lang='lat' dir='ltr'><strong>rectura</strong></span> <span class='ocrx_word' id='word_1_468' title='bbox 1482 4078 1659 4136; x_wconf 84' lang='lat' dir='ltr'><strong>conveniant</strong></span> <span class='ocrx_word' id='word_1_469' title='bbox 1680 4089 1801 4152; x_wconf 90' lang='lat' dir='ltr'><strong>separa·</strong></span> 
     </span>
     <span class='ocr_line' id='line_1_43' title="bbox 442 4162 1801 4242; baseline -0.003 -19"><span class='ocrx_word' id='word_1_470' title='bbox 442 4164 513 4235; x_wconf 88' lang='lat' dir='ltr'><strong>tim,</strong></span> <span class='ocrx_word' id='word_1_471' title='bbox 543 4165 639 4223; x_wconf 87' lang='lat' dir='ltr'><strong>missis</strong></span> <span class='ocrx_word' id='word_1_472' title='bbox 667 4167 685 4222; x_wconf 81' lang='lat'><strong>2</strong></span> <span class='ocrx_word' id='word_1_473' title='bbox 709 4164 910 4240; x_wconf 88' lang='lat' dir='ltr'><strong>imperialibus</strong></span> <span class='ocrx_word' id='word_1_474' title='bbox 937 4164 1044 4225; x_wconf 89' lang='lat' dir='ltr'><strong>hahere</strong></span> <span class='ocrx_word' id='word_1_475' title='bbox 1066 4165 1180 4242; x_wconf 90' lang='lat' dir='ltr'><strong>possint</strong></span> <span class='ocrx_word' id='word_1_476' title='bbox 1207 4180 1298 4224; x_wconf 88' lang='lat' dir='ltr'><strong>unum</strong></span> <span class='ocrx_word' id='word_1_477' title='bbox 1329 4163 1486 4241; x_wconf 80' lang='lat' dir='ltr'><strong>exemplar.</strong></span> <span class='ocrx_word' id='word_1_478' title='bbox 1532 4163 1617 4224; x_wconf 84' lang='lat' dir='ltr'><strong>Tusa</strong></span> <span class='ocrx_word' id='word_1_479' title='bbox 1648 4162 1727 4224; x_wconf 91' lang='lat' dir='ltr'><strong>dicta</strong></span> <span class='ocrx_word' id='word_1_480' title='bbox 1756 4168 1801 4220; x_wconf 88' lang='lat' dir='ltr'><strong>est</strong></span> 
     </span>
     <span class='ocr_line' id='line_1_44' title="bbox 441 4248 1801 4329; baseline -0.003 -18"><span class='ocrx_word' id='word_1_481' title='bbox 441 4249 533 4311; x_wconf 91' lang='lat' dir='ltr'><strong>hodie</strong></span> <span class='ocrx_word' id='word_1_482' title='bbox 556 4251 722 4311; x_wconf 84' lang='lat' dir='ltr'><strong>finientibus</strong></span> <span class='ocrx_word' id='word_1_483' title='bbox 741 4252 804 4327; x_wconf 88' lang='lat' dir='ltr'><strong>jam</strong></span> <span class='ocrx_word' id='word_1_484' title='bbox 828 4252 974 4313; x_wconf 87' lang='lat' dir='ltr'><strong>nundinis.</strong></span> <span class='ocrx_word' id='word_1_485' title='bbox 1018 4251 1105 4312; x_wconf 86' lang='lat' dir='ltr'><strong>Mitto</strong></span> <span class='ocrx_word' id='word_1_486' title='bbox 1129 4253 1216 4329; x_wconf 90' lang='lat' dir='ltr'><strong>igitur</strong></span> <span class='ocrx_word' id='word_1_487' title='bbox 1231 4251 1394 4329; x_wconf 85' lang='lat' dir='ltr'><strong>exemplar,</strong></span> <span class='ocrx_word' id='word_1_488' title='bbox 1417 4258 1450 4312; x_wconf 92' lang='lat' dir='ltr'><strong>ut</strong></span> <span class='ocrx_word' id='word_1_489' title='bbox 1472 4250 1502 4310; x_wconf 91' lang='lat' dir='ltr'><strong>id</strong></span> <span class='ocrx_word' id='word_1_490' title='bbox 1526 4250 1664 4311; x_wconf 89' lang='lat' dir='ltr'><strong>studiosis</strong></span> <span class='ocrx_word' id='word_1_491' title='bbox 1687 4248 1801 4309; x_wconf 90' lang='lat' dir='ltr'><strong>idoneis</strong></span> 
     </span>
     <span class='ocr_line' id='line_1_45' title="bbox 442 4338 1802 4419; baseline -0.004 -20"><span class='ocrx_word' id='word_1_492' title='bbox 442 4339 542 4419; x_wconf 88' lang='lat' dir='ltr'><strong>possis</strong></span> <span class='ocrx_word' id='word_1_493' title='bbox 563 4345 724 4400; x_wconf 87' lang='lat' dir='ltr'><strong>monstrare</strong></span> <span class='ocrx_word' id='word_1_494' title='bbox 747 4347 789 4414; x_wconf 91' lang='lat' dir='ltr'><strong>et,</strong></span> <span class='ocrx_word' id='word_1_495' title='bbox 818 4339 844 4399; x_wconf 91' lang='lat' dir='ltr'><strong>si</strong></span> <span class='ocrx_word' id='word_1_496' title='bbox 866 4357 920 4414; x_wconf 88' lang='lat' dir='ltr'><strong>me,</strong></span> <span class='ocrx_word' id='word_1_497' title='bbox 945 4342 1003 4399; x_wconf 90' lang='lat' dir='ltr'><strong>imo</strong></span> <span class='ocrx_word' id='word_1_498' title='bbox 1025 4341 1051 4398; x_wconf 90' lang='lat' dir='ltr'><strong>sl</strong></span> <span class='ocrx_word' id='word_1_499' title='bbox 1073 4340 1173 4399; x_wconf 90' lang='lat' dir='ltr'><strong>literas</strong></span> <span class='ocrx_word' id='word_1_500' title='bbox 1195 4357 1290 4413; x_wconf 88' lang='lat' dir='ltr'><strong>amas,</strong></span> <span class='ocrx_word' id='word_1_501' title='bbox 1324 4357 1375 4400; x_wconf 88' lang='lat' dir='ltr'><strong>eos</strong></span> <span class='ocrx_word' id='word_1_502' title='bbox 1403 4341 1542 4415; x_wconf 88' lang='lat' dir='ltr'><strong>instigare</strong></span> <span class='ocrx_word' id='word_1_503' title='bbox 1572 4340 1683 4414; x_wconf 72' lang='lat' dir='ltr'><strong>(misma</strong></span> <span class='ocrx_word' id='word_1_504' title='bbox 1712 4338 1802 4397; x_wconf 89' lang='lat' dir='ltr'><strong>ctiam</strong></span> 
     </span>
     <span class='ocr_line' id='line_1_46' title="bbox 441 4422 1800 4506; baseline -0.004 -18"><span class='ocrx_word' id='word_1_505' title='bbox 441 4427 537 4488; x_wconf 89' lang='lat' dir='ltr'><strong>literis</strong></span> <span class='ocrx_word' id='word_1_506' title='bbox 564 4428 594 4485; x_wconf 91' lang='lat' dir='ltr'><strong>ln</strong></span> <span class='ocrx_word' id='word_1_507' title='bbox 617 4425 731 4487; x_wconf 81' lang='lat' dir='ltr'><strong>Gallias</strong></span> <span class='ocrx_word' id='word_1_508' title='bbox 761 4426 800 4485; x_wconf 91' lang='lat' dir='ltr'><strong>ad</strong></span> <span class='ocrx_word' id='word_1_509' title='bbox 821 4425 967 4506; x_wconf 90' lang='lat' dir='ltr'><strong>idoneos),</strong></span> <span class='ocrx_word' id='word_1_510' title='bbox 999 4436 1032 4487; x_wconf 92' lang='lat' dir='ltr'><strong>ut</strong></span> <span class='ocrx_word' id='word_1_511' title='bbox 1053 4429 1110 4490; x_wconf 86' lang='lat' dir='ltr'><strong>sibi</strong></span> <span class='ocrx_word' id='word_1_512' title='bbox 1132 4429 1189 4504; x_wconf 91' lang='lat' dir='ltr'><strong>ipsi</strong></span> <span class='ocrx_word' id='word_1_513' title='bbox 1212 4435 1382 4506; x_wconf 90' lang='lat' dir='ltr'><strong>comparent</strong></span> <span class='ocrx_word' id='word_1_514' title='bbox 1410 4424 1604 4504; x_wconf 85' lang='lat' dir='ltr'><strong>exemplaria,</strong></span> <span class='ocrx_word' id='word_1_515' title='bbox 1632 4426 1731 4484; x_wconf 88' lang='lat' dir='ltr'><strong>missis</strong></span> <span class='ocrx_word' id='word_1_516' title='bbox 1760 4422 1800 4483; x_wconf 93' lang='lat' dir='ltr'><strong>ad</strong></span> 
     </span>
     <span class='ocr_line' id='line_1_47' title="bbox 441 4513 1798 4594; baseline 0 -21"><span class='ocrx_word' id='word_1_517' title='bbox 441 4513 657 4589; x_wconf 78' lang='lat' dir='ltr'><strong>Tampachlum</strong></span> <span class='ocrx_word' id='word_1_518' title='bbox 686 4516 827 4592; x_wconf 89' lang='lat' dir='ltr'><strong>pecuniis.</strong></span> <span class='ocrx_word' id='word_1_519' title='bbox 873 4515 931 4576; x_wconf 89' lang='lat' dir='ltr'><strong>Sed</strong></span> <span class='ocrx_word' id='word_1_520' title='bbox 960 4517 985 4573; x_wconf 90' lang='lat' dir='ltr'><strong>is</strong></span> <span class='ocrx_word' id='word_1_521' title='bbox 1008 4532 1066 4575; x_wconf 92' lang='lat' dir='ltr'><strong>non</strong></span> <span class='ocrx_word' id='word_1_522' title='bbox 1089 4515 1171 4575; x_wconf 90' lang='lat' dir='ltr'><strong>dabit</strong></span> <span class='ocrx_word' id='word_1_523' title='bbox 1193 4514 1355 4594; x_wconf 89' lang='lat' dir='ltr'><strong>exemplar,</strong></span> <span class='ocrx_word' id='word_1_524' title='bbox 1387 4516 1444 4573; x_wconf 88' lang='lat' dir='ltr'><strong>uisi</strong></span> <span class='ocrx_word' id='word_1_525' title='bbox 1465 4515 1589 4591; x_wconf 90' lang='lat' dir='ltr'><strong>pecunia</strong></span> <span class='ocrx_word' id='word_1_526' title='bbox 1608 4513 1671 4589; x_wconf 85' lang='lat' dir='ltr'><strong>jam</strong></span> <span class='ocrx_word' id='word_1_527' title='bbox 1693 4528 1798 4574; x_wconf 81' lang='grc' dir='ltr'>ιιιιιιιι·</span> 
     </span>
     <span class='ocr_line' id='line_1_48' title="bbox 442 4599 1800 4685; baseline -0.002 -24"><span class='ocrx_word' id='word_1_528' title='bbox 442 4608 518 4661; x_wconf 84' lang='lat' dir='ltr'><strong>rata</strong></span> <span class='ocrx_word' id='word_1_529' title='bbox 564 4600 638 4662; x_wconf 82' lang='lat' dir='ltr'><strong>Cum</strong></span> <span class='ocrx_word' id='word_1_530' title='bbox 661 4602 824 4678; x_wconf 79' lang='lat' dir='ltr'><strong>professore</strong></span> <span class='ocrx_word' id='word_1_531' title='bbox 853 4602 1021 4662; x_wconf 89' lang='lat' dir='ltr'><strong>matheseos</strong></span> <span class='ocrx_word' id='word_1_532' title='bbox 1044 4604 1092 4679; x_wconf 85' lang='lat' dir='ltr'><strong>agi</strong></span> <span class='ocrx_word' id='word_1_533' title='bbox 1114 4610 1224 4685; x_wconf 84' lang='lat' dir='ltr'><strong>posset,</strong></span> <span class='ocrx_word' id='word_1_534' title='bbox 1248 4609 1280 4662; x_wconf 90' lang='lat' dir='ltr'><strong>nt</strong></span> <span class='ocrx_word' id='word_1_535' title='bbox 1295 4602 1324 4660; x_wconf 94' lang='lat' dir='ltr'><strong>id</strong></span> <span class='ocrx_word' id='word_1_536' title='bbox 1348 4618 1399 4680; x_wconf 88' lang='lat' dir='ltr'><strong>pro</strong></span> <span class='ocrx_word' id='word_1_537' title='bbox 1421 4599 1547 4662; x_wconf 87' lang='lat' dir='ltr'><strong>lectione</strong></span> <span class='ocrx_word' id='word_1_538' title='bbox 1569 4600 1748 4677; x_wconf 87' lang='lat' dir='ltr'><strong>signiticaret</strong></span> <span class='ocrx_word' id='word_1_539' title='bbox 1769 4606 1800 4659; x_wconf 89' lang='lat' dir='ltr'><strong>et</strong></span> 
     </span>
     <span class='ocr_line' id='line_1_49' title="bbox 444 4686 1800 4766; baseline -0.001 -19"><span class='ocrx_word' id='word_1_540' title='bbox 444 4686 595 4748; x_wconf 90' lang='lat' dir='ltr'><strong>studiosos</strong></span> <span class='ocrx_word' id='word_1_541' title='bbox 623 4688 826 4749; x_wconf 88' lang='lat' dir='ltr'><strong>adhortaretur</strong></span> <span class='ocrx_word' id='word_1_542' title='bbox 856 4690 894 4748; x_wconf 93' lang='lat' dir='ltr'><strong>ad</strong></span> <span class='ocrx_word' id='word_1_543' title='bbox 925 4689 1088 4750; x_wconf 90' lang='lat' dir='ltr'><strong>emendum.</strong></span> <span class='ocrx_word' id='word_1_544' title='bbox 1143 4690 1271 4750; x_wconf 87' lang='lat' dir='ltr'><strong>Possunt</strong></span> <span class='ocrx_word' id='word_1_545' title='bbox 1306 4707 1358 4766; x_wconf 89' lang='lat' dir='ltr'><strong>per</strong></span> <span class='ocrx_word' id='word_1_546' title='bbox 1388 4688 1586 4750; x_wconf 78' lang='lat' dir='ltr'><strong>eastabnias</strong></span> <span class='ocrx_word' id='word_1_547' title='bbox 1613 4690 1677 4749; x_wconf 87' lang='lat' dir='ltr'><strong>sine</strong></span> <span class='ocrx_word' id='word_1_548' title='bbox 1711 4702 1800 4765; x_wconf 88' lang='lat' dir='ltr'><strong>opere</strong></span> 
     </span>
     <span class='ocr_line' id='line_1_50' title="bbox 445 4774 1843 4855; baseline 0 -21"><span class='ocrx_word' id='word_1_549' title='bbox 445 4774 665 4854; x_wconf 84' lang='lat' dir='ltr'><strong>ephemeridem</strong></span> <span class='ocrx_word' id='word_1_550' title='bbox 696 4776 921 4853; x_wconf 88' lang='lat' dir='ltr'><strong>tabularumque</strong></span> <span class='ocrx_word' id='word_1_551' title='bbox 955 4777 1145 4838; x_wconf 87' lang='lat' dir='ltr'><strong>directionum</strong></span> <span class='ocrx_word' id='word_1_552' title='bbox 1178 4778 1248 4855; x_wconf 89' lang='lat' dir='ltr'><strong>erigi</strong></span> <span class='ocrx_word' id='word_1_553' title='bbox 1281 4778 1367 4838; x_wconf 89' lang='lat' dir='ltr'><strong>etiam</strong></span> <span class='ocrx_word' id='word_1_554' title='bbox 1400 4775 1532 4836; x_wconf 89' lang='lat' dir='ltr'><strong>themata</strong></span> <span class='ocrx_word' id='word_1_555' title='bbox 1562 4781 1593 4836; x_wconf 88' lang='lat' dir='ltr'><strong>et</strong></span> <span class='ocrx_word' id='word_1_556' title='bbox 1627 4775 1802 4836; x_wconf 87' lang='lat' dir='ltr'><strong>directiones</strong></span> <span class='ocrx_word' id='word_1_557' title='bbox 1841 4794 1843 4799; x_wconf 56' lang='lat'><strong><em>¹</em></strong></span> 
     </span>
     <span class='ocr_line' id='line_1_51' title="bbox 447 4862 1617 4942; baseline -0.001 -18"><span class='ocrx_word' id='word_1_558' title='bbox 447 4864 612 4941; x_wconf 90' lang='lat' dir='ltr'><strong>computari</strong></span> <span class='ocrx_word' id='word_1_559' title='bbox 635 4862 922 4942; x_wconf 89' lang='lat' dir='ltr'><strong>compendiosissime</strong></span> <span class='ocrx_word' id='word_1_560' title='bbox 944 4882 996 4942; x_wconf 91' lang='lat' dir='ltr'><strong>per</strong></span> <span class='ocrx_word' id='word_1_561' title='bbox 1018 4865 1077 4925; x_wconf 88' lang='lat' dir='ltr'><strong>tab.</strong></span> <span class='ocrx_word' id='word_1_562' title='bbox 1101 4865 1202 4940; x_wconf 86' lang='lat' dir='ltr'><strong>anguli</strong></span> <span class='ocrx_word' id='word_1_563' title='bbox 1225 4866 1344 4925; x_wconf 89' lang='lat' dir='ltr'><strong>orientis</strong></span> <span class='ocrx_word' id='word_1_564' title='bbox 1367 4870 1397 4925; x_wconf 92' lang='lat' dir='ltr'><strong>et</strong></span> <span class='ocrx_word' id='word_1_565' title='bbox 1418 4862 1617 4940; x_wconf 89' lang='lat' dir='ltr'><strong>logarithmos.</strong></span> 
     </span>
    </p>

    <p class='ocr_par' dir='ltr' id='par_1_7' title="bbox 446 4948 1804 5292">
     <span class='ocr_line' id='line_1_52' title="bbox 539 4948 1803 5030; baseline -0.001 -20"><span class='ocrx_word' id='word_1_566' title='bbox 539 4948 788 5012; x_wconf 84' lang='lat' dir='ltr'><strong>Observationum</strong></span> <span class='ocrx_word' id='word_1_567' title='bbox 819 4951 968 5030; x_wconf 86' lang='lat' dir='ltr'><strong>Tychonis</strong></span> <span class='ocrx_word' id='word_1_568' title='bbox 1001 4949 1235 5012; x_wconf 87' lang='lat' dir='ltr'><strong>excudendamm</strong></span> <span class='ocrx_word' id='word_1_569' title='bbox 1275 4970 1365 5013; x_wconf 87' lang='lat' dir='ltr'><strong>cauas</strong></span> <span class='ocrx_word' id='word_1_570' title='bbox 1396 4952 1596 5028; x_wconf 88' lang='lat' dir='ltr'><strong>circumspicio</strong></span> <span class='ocrx_word' id='word_1_571' title='bbox 1632 4953 1803 5011; x_wconf 86' lang='lat' dir='ltr'><strong>occasiones</strong></span> 
     </span>
     <span class='ocr_line' id='line_1_53' title="bbox 446 5036 1804 5120; baseline 0 -22"><span class='ocrx_word' id='word_1_572' title='bbox 446 5037 586 5098; x_wconf 87' lang='lat' dir='ltr'><strong>manendi</strong></span> <span class='ocrx_word' id='word_1_573' title='bbox 609 5039 638 5099; x_wconf 89' lang='lat' dir='ltr'><strong>in</strong></span> <span class='ocrx_word' id='word_1_574' title='bbox 662 5038 821 5099; x_wconf 83' lang='lat' dir='ltr'><strong>Germania</strong></span> <span class='ocrx_word' id='word_1_575' title='bbox 842 5040 999 5120; x_wconf 89' lang='lat' dir='ltr'><strong>superiori,</strong></span> <span class='ocrx_word' id='word_1_576' title='bbox 1026 5041 1198 5117; x_wconf 88' lang='lat' dir='ltr'><strong>praesertim</strong></span> <span class='ocrx_word' id='word_1_577' title='bbox 1225 5056 1292 5100; x_wconf 90' lang='lat' dir='ltr'><strong>curn</strong></span> <span class='ocrx_word' id='word_1_578' title='bbox 1314 5058 1414 5101; x_wconf 87' lang='lat' dir='ltr'><strong>omnes</strong></span> <span class='ocrx_word' id='word_1_579' title='bbox 1437 5038 1601 5116; x_wconf 84' lang='lat' dir='ltr'><strong>evangelici</strong></span> <span class='ocrx_word' id='word_1_580' title='bbox 1624 5056 1660 5099; x_wconf 90' lang='lat' dir='ltr'><strong>ex</strong></span> <span class='ocrx_word' id='word_1_581' title='bbox 1683 5036 1804 5100; x_wconf 77' lang='lat' dir='ltr'><strong>ausina</strong></span> 
     </span>
     <span class='ocr_line' id='line_1_54' title="bbox 448 5124 1803 5205; baseline 0.003 -22"><span class='ocrx_word' id='word_1_582' title='bbox 448 5124 633 5203; x_wconf 61' lang='lat' dir='ltr'><strong>relegentem</strong></span> <span class='ocrx_word' id='word_1_583' title='bbox 661 5133 756 5188; x_wconf 89' lang='lat' dir='ltr'><strong>metus</strong></span> <span class='ocrx_word' id='word_1_584' title='bbox 777 5131 878 5204; x_wconf 83' lang='lat' dir='ltr'><strong>itaque</strong></span> <span class='ocrx_word' id='word_1_585' title='bbox 900 5146 946 5189; x_wconf 91' lang='lat' dir='ltr'><strong>me</strong></span> <span class='ocrx_word' id='word_1_586' title='bbox 970 5127 1073 5201; x_wconf 88' lang='lat' dir='ltr'><strong>habet,</strong></span> <span class='ocrx_word' id='word_1_587' title='bbox 1105 5144 1143 5188; x_wconf 90' lang='lat' dir='ltr'><strong>ne</strong></span> <span class='ocrx_word' id='word_1_588' title='bbox 1165 5136 1195 5189; x_wconf 90' lang='lat' dir='ltr'><strong>et</strong></span> <span class='ocrx_word' id='word_1_589' title='bbox 1216 5145 1272 5205; x_wconf 91' lang='lat' dir='ltr'><strong>ego</strong></span> <span class='ocrx_word' id='word_1_590' title='bbox 1295 5128 1430 5188; x_wconf 89' lang='lat' dir='ltr'><strong>exulibus</strong></span> <span class='ocrx_word' id='word_1_591' title='bbox 1452 5144 1621 5200; x_wconf 80' lang='lat' dir='ltr'><strong>accenseat,</strong></span> <span class='ocrx_word' id='word_1_592' title='bbox 1644 5125 1711 5187; x_wconf 87' lang='lat' dir='ltr'><strong>loco</strong></span> <span class='ocrx_word' id='word_1_593' title='bbox 1731 5143 1803 5202; x_wconf 62' lang='lat' dir='ltr'><strong>gras</strong></span> 
     </span>
     <span class='ocr_line' id='line_1_55' title="bbox 447 5213 1803 5292; baseline 0.001 -18"><span class='ocrx_word' id='word_1_594' title='bbox 447 5213 525 5291; x_wconf 84' lang='lat' dir='ltr'><strong>tiae,</strong></span> <span class='ocrx_word' id='word_1_595' title='bbox 554 5230 614 5292; x_wconf 88' lang='lat' dir='ltr'><strong>qua</strong></span> <span class='ocrx_word' id='word_1_596' title='bbox 642 5214 760 5276; x_wconf 89' lang='lat' dir='ltr'><strong>irnebar</strong></span> <span class='ocrx_word' id='word_1_597' title='bbox 779 5215 929 5278; x_wconf 85' lang='lat' dir='ltr'><strong>hactenus.</strong></span> <span class='ocrx_word' id='word_1_598' title='bbox 974 5215 1110 5278; x_wconf 82' lang='lat' dir='ltr'><strong>Eundem</strong></span> <span class='ocrx_word' id='word_1_599' title='bbox 1137 5224 1236 5279; x_wconf 88' lang='lat' dir='ltr'><strong>tamen</strong></span> <span class='ocrx_word' id='word_1_600' title='bbox 1262 5224 1309 5278; x_wconf 88' lang='lat' dir='ltr'><strong>est</strong></span> <span class='ocrx_word' id='word_1_601' title='bbox 1335 5216 1475 5278; x_wconf 65' lang='lat' dir='ltr'><strong>unctum</strong></span> <span class='ocrx_word' id='word_1_602' title='bbox 1499 5215 1631 5277; x_wconf 86' lang='lat' dir='ltr'><strong>alcestae</strong></span> <span class='ocrx_word' id='word_1_603' title='bbox 1658 5214 1803 5291; x_wconf 85' lang='lat' dir='ltr'><strong>pecuniae</strong></span> 
     </span>
    </p>
   </div>
   <div class='ocr_carea' id='block_1_6' title="bbox 0 0 2253 6275">
    <p class='ocr_par' dir='ltr' id='par_1_8' title="bbox 0 0 2253 6275">
     <span class='ocr_line' id='line_1_56' title="bbox 0 0 2253 6275; baseline 0 0"><span class='ocrx_word' id='word_1_604' title='bbox 0 0 2253 6275; x_wconf 95' lang='lat' dir='ltr'><strong> </strong></span> 
     </span>
    </p>
   </div>
  </div>
 </body>
</html>
