4459 6275
469 798 490 854 s
832 792 866 850 n
889 793 1035 864 apuam
1052 795 1461 868 mammosam

468 969 548 1028 tibus
570 978 600 1028 et
622 971 652 1028 in
673 968 836 1030 Hannonis
858 991 937 1034 nora
959 980 1134 1036 astronomis
1157 978 1264 1037 tradita
1285 987 1381 1046 erant,
1415 985 1444 1035 et
1467 992 1542 1051 quae
1566 991 1621 1051 ope
1644 976 1706 1033 tubi
1731 977 1823 1050 optici

468 1055 622 1116 Galilaeus
650 1067 680 1116 et
707 1057 757 1117 Jo.
784 1060 934 1120 Fabricius
965 1066 993 1120 in
1023 1066 1110 1124 coelo
1139 1068 1278 1125 memoria
1306 1066 1394 1141 digua
1417 1063 1455 1123 ad
1477 1061 1707 1140 promovendam
1730 1075 1824 1120 artem

468 1147 649 1204 invenerant
695 1145 797 1205 insunt
825 1150 913 1224 igitur
936 1150 1004 1209 huic
1027 1155 1107 1228 operi
1139 1155 1258 1228 ‚leges“
1288 1172 1308 1212 a
1334 1152 1462 1228 lieplero
1493 1155 1644 1222 inventae,
1677 1150 1829 1227 Tychonis

468 1234 706 1292 observationum
728 1234 858 1307 historia,
883 1237 992 1313 placita
1014 1239 1163 1316 Tychouis
1180 1241 1215 1300 de
1231 1252 1311 1298 motu
1328 1252 1358 1298 et
1373 1241 1492 1297 orbibus
1507 1237 1690 1313 planetarum
1707 1256 1827 1296 eorum·

468 1338 525 1396 que
549 1320 694 1379 distantiis
717 1341 736 1380 a
757 1321 826 1380 Sole
849 1335 878 1382 et
900 1325 1000 1398 Terra,
1023 1340 1052 1385 et
1070 1327 1169 1386 Lunae
1185 1329 1298 1387 theoria
1313 1326 1453 1402 ejusdem,
1476 1326 1598 1384 historia
1613 1343 1723 1396 eorum,
1748 1343 1825 1400 quae

467 1407 620 1467 Galilaeus
635 1418 664 1467 et
678 1409 779 1466 Simon
796 1409 908 1468 ilarius
925 1415 953 1469 in
971 1413 1070 1472 Lunae
1084 1417 1247 1491 superficie,
1271 1418 1301 1472 in
1316 1415 1438 1473 Veneris
1461 1424 1489 1472 et
1512 1412 1650 1471 Mercurii
1674 1414 1826 1470 illumiua-

467 1499 562 1568 tione,
592 1499 620 1552 iu
650 1494 729 1555 Jove
757 1508 786 1555 et
814 1498 943 1557 Saturno
974 1498 1159 1573 detexerant,
1191 1521 1244 1562 nec
1273 1520 1330 1559 non
1361 1501 1479 1578 liepleri
1504 1503 1595 1577 ipsius
1618 1502 1766 1559 sententia
1788 1498 1825 1556 de

469 1594 550 1642 motu
574 1582 651 1641 Solis
674 1587 751 1641 cirea
773 1602 858 1644 axem
881 1604 976 1658 suum,
1000 1607 1088 1662 quam
1111 1590 1250 1649 iulciebat
1273 1589 1404 1661 maculis,
1428 1606 1502 1664 quas
1524 1587 1575 1648 Jo.
1593 1588 1745 1647 Fabricius
1760 1589 1824 1664 pri·

466 1689 531 1729 mus
560 1672 588 1726 iu
617 1670 686 1729 Sele
713 1683 919 1747 conspexerat,
951 1693 1002 1750 per
1029 1675 1106 1734 Solis
1135 1677 1317 1753 superficiem
1347 1695 1378 1736 se
1408 1677 1658 1751 promoventibus.
1705 1675 1822 1733 Novum

467 1758 592 1833 denique
616 1757 745 1816 condidit
761 1759 906 1836 Keplems
930 1764 958 1818 in
981 1762 1037 1820 hoc
1060 1780 1148 1839 opere
1171 1765 1313 1823 theoriam
1336 1772 1467 1823 motuum
1488 1763 1588 1820 Lunae
1612 1761 1826 1837 deliquiorum·

468 1863 525 1923 que
547 1845 693 1904 Solarium
716 1858 745 1905 et
768 1847 938 1922 Lanarium,
962 1850 1120 1909 emendans
1144 1860 1173 1911 ct
1195 1852 1378 1928 locupletans
1401 1869 1444 1923 ea,
1470 1868 1546 1926 quae
1561 1849 1667 1926 Tycho
1683 1853 1712 1907 in
1731 1850 1826 1923 ‚Pro-

468 1935 741 2013 gymnasmatibus‘
766 1934 906 1993 edixerat.

555 2018 594 2079 ti
617 2020 718 2079 cadem
742 2025 854 2082 ratione
883 2042 942 2098 qua
975 2027 1004 2081 in
1035 2028 1204 2100 praemissis
1227 2025 1424 2084 voluminibus
1453 2022 1661 2101 procedam,
1696 2025 1824 2100 singula,

468 2125 545 2183 quae
568 2111 666 2165 insunt
689 2113 823 2183 sequenti
847 2114 936 2186 operi,
960 2110 1062 2170 ordine
1088 2113 1313 2172 recensebimus.

558 2195 649 2253 Liber
672 2196 697 2252 1.
722 2200 852 2272 quinque
874 2200 1007 2274 partibus
1030 2202 1175 2277 principia
1197 2200 1285 2259 tradit
1311 2201 1525 2273 „astronomiae
1547 2202 1576 2257 in
1592 2217 1698 2274 genere
1715 2197 1826 2257 doctri·

468 2299 582 2359 uaeque
612 2282 782 2357 sphaericae
812 2288 841 2342 in
871 2288 1000 2361 specie.“
1046 2287 1219 2347 Praemissis
1248 2286 1464 2346 delinitionibus
1487 2286 1549 2344 adit
1571 2286 1716 2362 lieplems
1736 2295 1829 2360 porte

466 2374 571 2446 priam
601 2375 809 2429 astronomiam
839 2375 952 2447 ipsam,
983 2373 1104 2450 figuram
1134 2374 1241 2434 Terrae
1272 2375 1425 2433 rotundam
1455 2373 1652 2444 demonstrat,
1691 2373 1826 2447 eiusdem

466 2457 697 2535 magnitudinem
719 2458 926 2518 dimetiendam
949 2460 1051 2534 docet,
1079 2465 1182 2537 paucis
1209 2480 1346 2522 enarrans
1369 2472 1500 2522 veterum
1532 2460 1569 2520 de
1602 2461 1695 2536 figura
1717 2460 1828 2520 Tenue

466 2548 621 2622 opiniones
643 2555 673 2604 ct
696 2556 820 2605 conatus
843 2547 923 2606 illam
946 2548 1126 2610 dimetiendi.
1173 2550 1267 2608 Parte
1287 2550 1419 2608 aoeundu
1442 2551 1545 2607 transit
1570 2547 1608 2606 ed
1623 2548 1725 2606 stellam
1742 2548 1829 2621 fixas,

465 2632 503 2693 dc
526 2651 625 2693 earum
648 2633 840 2710 dispositione
867 2637 944 2693 circa
967 2636 1103 2709 Terram,
1136 2654 1234 2696 earum
1265 2636 1483 2713 magnitudine,
1515 2635 1670 2708 distantia,
1702 2654 1826 2694 numero

465 2724 536 2780 certi
558 2720 677 2797 quidem
699 2739 752 2797 pro
774 2739 805 2781 re
821 2732 892 2780 nata
905 2724 976 2782 nibil
990 2725 1195 2800 pronuncians,
1218 2724 1383 2800 probabilia
1398 2733 1511 2782 tantum
1529 2739 1704 2799 proponens.
1742 2723 1828 2782 llaec

465 2809 661 2869 wnaideratio
683 2808 804 2868 abducit
826 2809 985 2885 Kaplernm
1008 2811 1046 2870 ad
1069 2814 1271 2887 quaestionem
1294 2809 1332 2871 de
1354 2811 1435 2869 linito
1457 2819 1486 2869 et
1509 2810 1631 2882 infinito,
1656 2810 1692 2870 de
1715 2822 1824 2869 natura

465 2912 629 2973 corporum,
645 2895 743 2973 planis
766 2907 795 2955 et
817 2897 978 2972 sphaericis
1002 2899 1212 2974 superficiebus
1235 2899 1517 2975 comprehensomm,
1542 2915 1601 2973 qua
1622 2899 1829 2974 speculatione

465 2982 611 3060 chlerus
633 2993 789 3044 revocatur
810 2983 848 3042 ad
871 2985 1107 3045 mathematicam
1131 2996 1160 3044 et
1175 2987 1302 3062 opticam
1318 2986 1603 3058 demonstrationem,
1628 2984 1737 3057 Solem,
1763 2985 1828 3044 Lu·

464 3087 534 3130 nam
556 3080 586 3131 et
608 3071 742 3148 planetas
765 3088 830 3130 esse
852 3071 957 3148 globos
987 3072 1107 3131 solidos.
1157 3074 1237 3132 Para
1259 3077 1364 3132 tenio:
1395 3075 1440 3132 De
1470 3081 1574 3132 natura
1604 3081 1634 3131 et
1665 3071 1827 3133 altitudine

465 3163 550 3220 aeris.
595 3158 740 3236 Keplerua
772 3159 925 3235 distinguit
954 3163 1029 3221 inter
1055 3166 1170 3234 adrem,
1204 3165 1274 3238 ,qui
1303 3165 1351 3219 vir
1382 3161 1497 3221 excedit
1519 3178 1656 3236 suprema
1677 3163 1825 3220 montium

462 3247 557 3325 Juga“
582 3256 611 3307 et
634 3248 792 3320 aetherem,
815 3265 867 3323 per
885 3255 979 3306 totum
1004 3250 1176 3307 universum
1202 3249 1297 3307 iusum
1319 3247 1380 3328 (cir.
1398 3247 1534 3325 Opticem
1550 3248 1607 3306 vol.
1627 3248 1665 3306 11.
1682 3252 1828 3325 passim);

465 3339 562 3395 wrem
585 3334 656 3393 dicit
679 3335 775 3394 colore
797 3335 932 3394 caeruleo
956 3338 1095 3408 tinctum,
1120 3337 1231 3395 aetheri
1254 3336 1430 3412 quandoque
1453 3338 1606 3394 immisceri
1629 3336 1743 3411 aliquid
1767 3340 1826 3395 im-

465 3439 586 3500 purum,
618 3423 693 3480 alias
724 3422 801 3480 htrnc
823 3440 887 3481 esse
910 3426 1113 3501 purissimum,
1145 3426 1351 3483 tenuissimum
1370 3431 1399 3483 et
1421 3423 1508 3499 plane
1532 3422 1721 3498 pellucidum.
1769 3425 1827 3483 Hic

465 3510 561 3569 locum
591 3512 702 3568 incenit
730 3509 899 3586 disputandi
923 3512 960 3571 de
984 3521 1047 3571 ortu
1073 3521 1101 3570 et
1126 3520 1231 3571 natura
1254 3519 1447 3582 cometarum,
1481 3518 1570 3585 negat
1593 3528 1659 3569 cum
1682 3511 1828 3587 Tychonc

465 3597 606 3675 sphaeras
630 3606 762 3656 veterum
785 3596 916 3670 solidas,
945 3608 973 3659 et
1005 3601 1072 3658 hinc
1095 3602 1200 3658 transit
1224 3598 1263 3658 ad
1284 3599 1488 3658 refractionem
1510 3600 1755 3669 astronomicam,
1789 3600 1828 3657 ad

465 3684 603 3763 Opticam
625 3703 709 3743 suam
732 3687 907 3760 respiciens3
932 3686 1019 3745 tradit
1042 3687 1161 3746 modum
1186 3686 1374 3762 computandi
1398 3704 1433 3744 er
1448 3686 1671 3744 retractionibus
1690 3685 1828 3745 altitudi-

465 3791 532 3834 nem
555 3772 647 3844 a'eris,
679 3784 709 3832 et
732 3775 925 3848 quantitatem
949 3774 1200 3849 crepusculorum,
1232 3777 1301 3833 item
1328 3775 1470 3832 rationem
1493 3774 1615 3830 nubium
1639 3772 1827 3833 altitudinem

466 3860 645 3921 dimetiendi.
691 3861 793 3919 Finem
816 3860 885 3919 lacit
908 3864 1058 3937 proposita
1081 3880 1171 3921 causa
1190 3861 1436 3938 crepusculorum,
1460 3860 1677 3919 scintillationis
1692 3860 1828 3934 fixarum,

467 3949 602 4009 diversae
638 3947 847 4023 magnitudinis
884 3948 962 4007 Solia
996 3958 1052 4008 etc.
1083 3951 1112 4007 iu
1143 3951 1294 4008 horizonte
1326 3956 1356 4006 et
1385 3949 1415 4004 iu
1444 3949 1551 4006 vertice
1579 3950 1678 4023 positi.
1746 3950 1829 4006 Pura

467 4045 591 4116 quana
637 4037 683 4095 De
706 4036 772 4095 loco
795 4035 903 4095 Terrae
926 4038 955 4093 in
972 4034 1090 4095 mundo.
1138 4037 1185 4096 Ad
1208 4031 1434 4111 'explicationem
1458 4036 1562 4110 ,primi
1580 4036 1696 4094 motus“
1714 4032 1828 4115 (diurni

468 4124 595 4186 visibilia
617 4126 695 4183 circa
717 4119 853 4203 Tenem)
876 4124 993 4197 scilicit,
1018 4135 1050 4183 ut
1072 4123 1164 4183 Terra
1186 4124 1346 4183 collocetur
1369 4125 1398 4179 in
1421 4130 1519 4181 centro
1534 4121 1623 4197 hujus
1639 4131 1746 4195 motus,
1771 4127 1829 4183 etsi

465 4230 524 4273 nou
548 4214 637 4271 sitin
661 4220 761 4272 centro
783 4215 874 4270 totius
897 4215 1041 4286 uuiversi;
1064 4212 1280 4271 semidiameter
1301 4210 1408 4269 Terrae
1432 4227 1501 4285 prae
1526 4211 1636 4284 ingenti
1661 4210 1786 4269 lixarum
1811 4231 1830 4269 a

465 4301 556 4361 Terra
579 4300 719 4359 distantia
740 4317 793 4376 pro
815 4300 905 4357 nihilo
929 4310 983 4360 est.
1028 4300 1192 4359 Receusitls
1217 4299 1307 4356 variis
1329 4298 1492 4357 rationibus
1514 4300 1732 4372 astronomicis,
1756 4299 1829 4374 qui·

466 4390 521 4449 bus
545 4390 714 4456 evincatur,
737 4388 857 4447 Terram
881 4405 939 4445 nou
964 4406 1028 4448 esse
1052 4390 1080 4444 iu
1104 4386 1201 4446 medio
1225 4384 1341 4457 mundi,
1365 4384 1425 4444 alia
1447 4393 1619 4459 argumenta
1642 4403 1677 4443 ex
1700 4386 1828 4463 physica

467 4485 651 4553 repetuntur,
683 4485 715 4532 ut
747 4476 803 4535 hnc
832 4477 986 4553 probetur,
1021 4475 1056 4535 de
1088 4485 1193 4533 natura
1215 4475 1350 4549 gravium
1373 4480 1402 4531 et
1423 4471 1532 4531 levium
1556 4471 1701 4531 desumta.
1748 4474 1830 4532 Para
1875 4535 1884 4553 .

466 4568 584 4642 quinta.
632 4565 676 4622 De
699 4573 780 4622 motu
803 4565 910 4623 'l'crrae
935 4563 1047 4622 diurno.
1094 4563 1183 4620 Visus
1213 4560 1324 4620 fallitur
1351 4561 1428 4618 circa
1457 4568 1568 4617 motum
1597 4563 1737 4635 primum,
1768 4579 1828 4620 nou

465 4652 562 4711 sidera
586 4670 653 4711 vere
676 4651 838 4711 ascendunt
860 4669 949 4729 supra
973 4660 1100 4723 montes,
1136 4647 1189 4708 sed
1223 4649 1253 4706 hi
1288 4664 1353 4706 cum
1387 4654 1449 4704 tote
1473 4645 1600 4704 Telluris
1629 4648 1720 4722 globo
1751 4650 1831 4707 circa

466 4757 551 4800 axem
576 4739 653 4798 illius
675 4749 884 4800 convertuntur
907 4758 924 4798 a
947 4740 1037 4815 plaga
1060 4754 1183 4798 occasus
1206 4736 1245 4794 ad
1260 4735 1378 4812 plagam
1394 4734 1530 4805 orientis,
1554 4733 1610 4792 hoc
1626 4744 1707 4794 motu
1724 4752 1829 4796 omues

465 4831 655 4905 apparentiae
685 4840 782 4888 motus
811 4831 896 4906 primi
919 4828 1102 4886 exactissime
1126 4824 1320 4899 explicantur.
1365 4821 1509 4879 Probatur
1530 4820 1577 4879 hic
1600 4830 1697 4881 motus
1719 4823 1831 4884 Terrae

465 4926 577 4992 septem
601 4921 794 4992 argumentis:
823 4914 857 4995 i)
879 4924 984 4974 natura
1007 4931 1129 4989 semper,
1154 4911 1234 4987 quod
1257 4918 1355 4987 potest
1377 4927 1428 4985 pcr
1450 4906 1591 4983 faciliora,
1614 4928 1673 4969 uon
1697 4913 1759 4987 ngit
1778 4930 1832 4987 per

466 5004 606 5081 ambages
629 5005 781 5080 difficiles3
804 5021 896 5079 qttare
920 5001 1106 5060 verisimilius
1130 5009 1189 5069 est,
1215 4999 1335 5057 Terram
1359 5004 1471 5062 rotare,
1495 5014 1582 5070 quam
1606 5007 1698 5056 totam
1722 4999 1828 5057 mundi

466 5091 631 5151 machinam
661 5093 759 5165 rolvi;
793 5097 827 5164 2)
860 5090 995 5149 celeritas
1023 5097 1121 5146 motus
1149 5088 1239 5145 totins
1268 5083 1368 5143 mundi
1392 5081 1600 5143 incredibiliter
1622 5086 1717 5160 major
1739 5097 1829 5161 esset,

465 5195 554 5256 quatu
575 5191 672 5241 motus
694 5180 774 5256 globi
798 5177 934 5245 Telluris,
957 5177 1007 5252 qui
1031 5193 1089 5234 non
1113 5173 1206 5233 multo
1231 5174 1324 5250 major
1347 5178 1399 5243 est,
1423 5186 1511 5245 quam
1531 5171 1666 5231 celeritas
1682 5182 1829 5249 metuunt,

465 5268 517 5345 qai
538 5269 567 5327 in
587 5267 741 5348 auperhcie
761 5265 871 5328 Terrae
893 5264 1104 5340 ominatum
1128 5256 1165 5343 d)
1188 5267 1287 5323 motus
1308 5258 1430 5320 diarum
1450 5274 1503 5334 per
1524 5260 1595 5319 anui
1615 5262 1748 5339 spatium
1766 5280 1832 5323 uon
