4459 6275
433 804 495 867 teu
891 818 895 828 ·
960 799 1101 871 Epitomes
1120 795 1309 856 astronomiae

434 987 478 1041 tot
508 979 568 1040 aiis
596 978 796 1056 experimenta
824 979 912 1040 etiam
944 982 973 1038 in
996 978 1052 1039 isac
1074 979 1250 1056 quaestione
1272 983 1373 1037 nostra
1395 975 1537 1054 magistra
1557 981 1605 1036 est
1628 972 1666 1036 ad
1687 976 1774 1052 cogni·

434 1071 543 1129 tionem
567 1066 736 1127 coelestium
760 1066 977 1142 acquirendam,
1000 1065 1208 1145 praelucetqne
1231 1064 1365 1145 exemplo
1388 1081 1443 1124 sne
1465 1072 1590 1124 netume
1607 1063 1775 1141 planetarum

435 1173 572 1217 emnium.

524 1242 595 1320 Qua
615 1244 736 1302 canons
747 1241 790 1316 fii,
813 1247 848 1299 ui
858 1240 952 1300 Mna
965 1249 1090 1318 practer
1105 1246 1261 1300 consuetas
1275 1239 1450 1310 latitudines
1461 1236 1636 1315 periodicas
1650 1252 1777 1297 mrsu

434 1332 525 1389 etiam
554 1327 711 1405 mendices
732 1331 767 1386 in
789 1328 912 1388 boream
936 1336 963 1388 ct
986 1337 1128 1388 amiram
1148 1327 1271 1406 faciat?
1306 1326 1360 1385 Vb
1384 1326 1436 1386 ilia
1458 1326 1593 1397 luminis,
1625 1324 1778 1385 cenimina

372 1475 375 1486 ,
435 1419 562 1496 speciem
585 1414 722 1487 Telluris,
746 1415 847 1474 Lunae
868 1418 1029 1490 matricem,
1056 1418 1133 1476 sicut
1154 1415 1273 1493 plagam
1295 1422 1393 1473 moins
1415 1421 1445 1474 et
1466 1413 1673 1492 proportiones
1697 1413 1778 1491 operis

435 1507 482 1564 sui
512 1508 661 1562 mutuatur
689 1503 727 1562 ab
757 1504 822 1579 ipsa
853 1520 940 1579 quum
967 1503 1128 1577 coufortat,
1158 1505 1234 1563 sicut
1263 1503 1351 1575 etiam
1379 1502 1483 1561 transit
1505 1502 1536 1559 in
1557 1500 1656 1578 ipsius
1678 1500 1778 1559 orbitae

434 1594 582 1668 ingenium
606 1607 698 1650 causa
719 1588 919 1666 longitudinis,
944 1607 995 1668 pro
1017 1597 1138 1651 mutuae
1161 1590 1368 1668 applicationis
1394 1587 1525 1662 modulo,
1548 1590 1593 1647 sic
1608 1586 1688 1647 idem
1703 1587 1778 1647 edan

435 1681 529 1739 iacere
559 1676 715 1737 statuenda
745 1684 791 1736 est
818 1694 909 1738 cause
935 1677 1107 1737 latitudinis.
1152 1676 1331 1737 Facilitebat
1358 1682 1470 1735 motum
1498 1676 1528 1732 iu
1551 1674 1692 1751 longum,
1722 1676 1779 1751 anis

435 1765 600 1826 extenditur
629 1766 693 1842 ipsa
719 1767 748 1821 in
771 1765 908 1841 longum,
940 1764 1097 1825 iaeilitabit
1118 1764 1206 1841 igitur
1228 1766 1316 1824 etiam
1339 1771 1450 1822 motum
1473 1765 1503 1820 in
1526 1762 1638 1835 letum,
1670 1763 1779 1839 quien

435 1854 555 1913 aiteram
578 1850 742 1911 latitudinis
766 1854 965 1912 extensionem
987 1851 1086 1925 babet,
1108 1851 1166 1912 hec
1188 1857 1234 1912 est
1256 1853 1326 1928 qnia
1347 1849 1398 1909 lux
1421 1849 1591 1929 superficies
1613 1857 1669 1923 est,
1693 1849 1778 1909 duri·

436 1942 504 2001 tatis
527 1941 688 2018 particeps,
711 1947 745 1998 ut
766 1956 855 2017 saepe
879 1958 915 2000 ex
939 1940 1045 2016 opticis
1066 1937 1272 2016 allegavimus.
1318 1938 1353 1996 Iu
1376 1937 1490 2015 copulis
1513 1938 1604 2013 igitur
1625 1936 1702 1996 libra
1722 1936 1780 1995 iati-

435 2027 545 2087 tudinis
576 2026 701 2086 orbitam
733 2022 871 2102 tangente
900 2034 929 2085 et
958 2026 1099 2086 inclinata
1128 2026 1289 2088 secundum
1315 2024 1500 2085 latitudinem
1522 2025 1632 2102 speciei
1656 2023 1779 2095 Telluris,

435 2118 554 2175 luminis
578 2117 634 2173 ista
655 2112 781 2172 latitudo
804 2131 869 2174 sese
891 2116 1000 2191 speciei
1024 2112 1151 2174 Telluris
1174 2113 1325 2191 applicans
1348 2112 1471 2172 iaeiiiiat
1494 2128 1645 2185 excursus,
1669 2118 1703 2170 nt
1722 2110 1781 2171 iant

435 2203 545 2280 angulo
567 2201 681 2277 majori,
704 2217 793 2276 quam
815 2210 957 2277 quantum
980 2201 1053 2260 libre
1075 2218 1141 2260 cum
1165 2201 1253 2280 plano
1277 2199 1429 2278 eclipticae
1452 2199 1537 2272 iacit,
1560 2215 1658 2276 eaque
1681 2199 1781 2257 rabone

434 2290 516 2350 aidus
538 2289 692 2367 perueniat
714 2290 743 2345 in
767 2289 886 2364 quadris
908 2288 946 2348 ad
968 2287 1076 2348 limites
1098 2292 1269 2348 remotiores
1292 2290 1321 2345 in
1345 2289 1465 2347 boream
1483 2293 1513 2347 et
1535 2294 1680 2360 ausuum,
1704 2301 1779 2362 quen

436 2396 511 2456 quoe
545 2375 726 2435 monstrabat
749 2375 821 2435 fibra
844 2393 879 2434 ex
902 2375 1026 2454 copulis.
1071 2375 1210 2436 Vicissim
1233 2375 1291 2434 aiio
1315 2377 1385 2433 anni
1407 2373 1570 2451 quadrante
1593 2374 1670 2434 fibra
1691 2372 1781 2432 latitu-

436 2466 521 2537 dinis,
548 2462 671 2522 orbitam
694 2469 818 2538 tangens
840 2465 870 2520 in
893 2462 1021 2540 quadris,
1045 2479 1103 2522 non
1127 2453 1385 2523 accommodatae
1408 2461 1445 2521 ad
1469 2464 1672 2521 extensionem
1687 2461 1781 2539 speciei

435 2552 510 2611 lucis
540 2553 569 2608 in
599 2549 710 2622 latum,
741 2549 793 2609 sed
822 2549 951 2610 tenditur
981 2551 1070 2610 ebria
1093 2550 1156 2609 Soli
1178 2551 1255 2625 iere,
1287 2548 1533 2628 quemadmodum
1556 2556 1586 2609 et
1609 2550 1676 2626 ipsa
1699 2547 1781 2607 onie

436 2640 548 2699 Lunae.
585 2635 668 2696 Sicut
688 2639 777 2713 igitur
800 2638 841 2696 ibi
864 2637 922 2698 ioci
944 2635 1016 2697 nibil
1039 2637 1198 2697 iaciiitetur
1219 2646 1317 2698 motus
1339 2632 1530 2712 longitudinis
1552 2654 1571 2695 a
1595 2634 1718 2712 iumine,
1737 2633 1781 2693 sed

436 2727 521 2805 quasi
550 2731 717 2802 asperatur,
749 2727 791 2783 sic
819 2724 896 2784 idem
919 2727 1007 2785 etiam
1030 2723 1174 2786 redundat
1196 2727 1225 2783 in
1248 2742 1400 2786 excursum
1422 2723 1601 2798 latitudinis,
1631 2725 1779 2783 utiense

436 2816 488 2874 fiat
510 2812 612 2888 major,
637 2829 724 2887 quam
748 2828 806 2888 quo
830 2812 938 2890 angulo
961 2813 1036 2872 libra
1057 2812 1221 2873 latitudinis
1245 2812 1401 2873 inclinatur
1415 2810 1453 2871 nd
1468 2812 1654 2889 eclipticam3
1678 2813 1719 2871 its
1732 2826 1779 2869 nes

436 2900 570 2980 pervenit
592 2898 677 2958 Luna
705 2901 734 2956 in
763 2898 876 2977 copulis
899 2900 937 2959 ad
958 2899 1065 2958 limites
1087 2902 1273 2974 remotiores,
1304 2916 1393 2978 quarn
1416 2915 1490 2976 quos
1512 2899 1699 2958 monstrabat
1719 2898 1780 2956 libre

436 3008 452 3049 e
483 2987 613 3065 quadris.
660 2986 692 3044 in
721 2985 862 3046 limitibus
891 3005 961 3048 vere
988 2989 1117 3048 versanti
1145 2988 1246 3048 Lunae
1277 2988 1349 3064 quid
1377 2984 1505 3061 aecidat,
1536 2993 1589 3046 eut
1619 3002 1681 3063 qne
1706 2984 1778 3045 vultu

436 3076 515 3136 iiiam
548 3074 645 3134 iumen
668 3073 747 3133 Solis
775 3074 932 3154 adspiciat,
964 3073 1082 3153 quando
1110 3092 1152 3135 sc.
1173 3075 1248 3136 libra
1270 3074 1433 3136 latitudinis
1454 3076 1485 3132 in
1508 3073 1629 3134 Terram
1654 3071 1778 3143 tandm,

435 3163 508 3223 nihii
530 3164 650 3222 interest
671 3161 843 3223 latitudinis.
884 3163 958 3223 Nam
981 3163 1062 3222 uuila
1084 3171 1154 3223 tunc
1176 3171 1221 3223 esi
1242 3166 1321 3224 ectio
1344 3164 1481 3223 librarum
1496 3161 1663 3223 latitudinis
1679 3164 1709 3221 in
1722 3177 1779 3239 per·

436 3253 598 3314 mutatione
621 3266 759 3309 excursus
782 3267 848 3310 cum
871 3267 998 3325 recursu,
1021 3249 1103 3309 nulia
1126 3253 1215 3327 igitur
1236 3269 1332 3328 neque
1349 3251 1521 3311 confortatio
1545 3251 1611 3325 ejus
1631 3267 1651 3310 a
1672 3250 1777 3318 lumbe,

436 3350 469 3397 ut
491 3337 570 3414 qnod
593 3336 674 3412 leges
696 3339 741 3395 sui
766 3338 872 3413 objecti
895 3342 978 3414 sequi
1002 3338 1137 3397 diximus.

525 3427 604 3485 Cum
631 3427 737 3483 omnia
767 3428 800 3483 in
822 3426 914 3500 fibrae
934 3427 1094 3502 plebeiam
1123 3441 1285 3501 corporeas
1313 3428 1406 3501 inque
1432 3429 1540 3502 specics
1567 3427 1779 3484 immutes-iniat

316 3522 318 3526 ’
437 3514 517 3573 Solis
539 3519 567 3570 ct
586 3511 696 3568 Terrae
719 3530 882 3586 corporane
906 3515 1146 3582 terminatorum,
1170 3514 1299 3589 denique
1321 3516 1354 3570 in
1377 3514 1482 3572 iumen
1499 3513 1585 3584 Solis,
1610 3520 1645 3571 ut
1668 3512 1779 3589 contor-

436 3608 551 3659 iantcm
574 3616 717 3670 causam,
749 3601 905 3676 conseras,
929 3602 1117 3660 animalibus
1137 3601 1337 3677 facultatibus
1358 3601 1436 3659 nibil
1458 3602 1632 3676 relinquas:
1666 3597 1780 3675 per-inde

436 3688 547 3746 ciderio
572 3687 795 3761 philosophari,
831 3706 868 3746 ac
889 3692 915 3746 si
937 3693 1004 3764 quia
1025 3688 1226 3761 contenderet,
1257 3688 1393 3765 cuffiam
1415 3689 1583 3747 commeato
1604 3687 1701 3762 timos
1720 3702 1781 3744 sune

435 3776 566 3850 triplices
594 3773 636 3831 aci
662 3777 773 3832 munia
801 3793 876 3843 aaa,
906 3793 959 3834 nec
990 3793 1066 3854 opus
1094 3793 1153 3833 cecc
1174 3776 1321 3851 facultate
1344 3777 1482 3833 animali.
1529 3776 1593 3833 imo
1618 3777 1646 3831 in
1672 3788 1781 3852 corpore

434 3862 513 3922 Solis
537 3860 660 3920 admitte
684 3864 820 3936 animem,
844 3865 1021 3939 praelectam
1044 3864 1235 3921 turbinationi
1255 3862 1332 3922 Solia
1356 3865 1505 3939 totiusque
1529 3870 1628 3921 metus
1651 3861 1781 3920 mundani

434 3950 686 4027 dispensatricem,
717 3966 772 4008 nec
795 3952 966 4027 simpliciter
987 3949 1062 4010 libre
1086 3952 1109 4008 1.
1136 3951 1243 4026 negari
1267 3967 1304 4010 na
1328 3949 1363 4009 de
1387 3950 1557 4027 cerporibus
1580 3949 1702 4027 quidem
1723 3947 1782 4025 pis·

432 4045 565 4098 netarum
588 4038 701 4096 animas
724 4038 864 4112 singulas,
889 4039 1080 4098 turbinationi
1104 4038 1222 4113 quidem
1247 4054 1400 4115 corporum
1415 4038 1588 4114 praetactas.
1630 4038 1671 4095 At
1688 4052 1781 4115 qnem-

434 4125 591 4185 admodum
624 4142 743 4184 necesso
772 4142 829 4183 nou
861 4134 919 4197 est,
951 4128 1077 4186 animam
1107 4126 1285 4201 peculiarem
1309 4123 1444 4184 inducere
1469 4127 1496 4181 iu
1521 4125 1611 4184 fibras
1635 4121 1781 4185 ventriculi

433 4214 550 4290 (scilicit
574 4214 665 4284 enim,
696 4230 784 4270 uuum
808 4230 991 4272 communem
1013 4216 1142 4272 animam
1166 4230 1201 4273 ex
1225 4212 1312 4273 eorde
1336 4213 1384 4271 vel
1408 4221 1494 4289 epate
1518 4230 1569 4288 per
1592 4215 1722 4289 speciem
1742 4211 1783 4269 sui

435 4301 481 4359 vel
511 4318 562 4376 per
593 4299 718 4359 calorem
749 4318 899 4361 excurrere
931 4304 959 4357 in
988 4300 1182 4360 ventriculum
1205 4300 1327 4376 ejusque
1351 4299 1489 4360 fibrarum
1512 4298 1705 4359 facultatibus
1726 4295 1781 4374 uti),

434 4390 476 4445 sic
504 4390 591 4446 etiam
623 4391 651 4444 in
682 4388 791 4445 mundo
821 4389 952 4447 sulficere
982 4388 1098 4447 videtur
1128 4389 1241 4463 species
1264 4389 1321 4446 ista
1343 4386 1387 4467 (ut
1409 4388 1500 4459 lueis,
1534 4395 1566 4445 ut
1590 4387 1716 4459 caloris,
1745 4387 1782 4444 sie

434 4475 531 4546 etiam,
555 4477 579 4532 si
602 4472 710 4553 placet)
733 4477 848 4534 enimes
872 4474 993 4553 Solaria,
1020 4492 1079 4534 una
1102 4491 1168 4534 cum
1191 4473 1255 4535 lnce
1278 4484 1307 4534 et
1330 4475 1426 4534 calore
1449 4477 1557 4534 emissa
1581 4483 1610 4532 et
1634 4483 1782 4551 pensurus

435 4576 470 4617 eo
493 4563 596 4634 eiiam,
622 4561 698 4621 unde
721 4561 770 4619 lux
795 4571 824 4620 et
847 4563 926 4622 calor
949 4562 1157 4636 excluduntur,
1181 4580 1220 4622 sc.
1246 4564 1273 4619 in
1298 4562 1385 4621 fibras
1409 4580 1563 4640 corporum
1588 4564 1733 4623 internas:
1754 4567 1781 4616 ut

434 4648 510 4705 sicut
541 4651 638 4706 anima
665 4651 693 4705 in
725 4666 845 4725 corpore
874 4654 936 4710 sinc
965 4649 1118 4712 ventriculi
1150 4667 1277 4727 ergene,
1309 4652 1352 4709 sic
1375 4653 1462 4710 etiam
1485 4653 1543 4709 ista
1565 4649 1671 4709 mundi
1695 4649 1781 4709 anima

435 4736 498 4793 sine
521 4732 567 4790 iris
588 4734 704 4809 legibus
727 4745 755 4795 ct
779 4736 971 4814 dispositione
995 4756 1147 4816 corporum
1171 4740 1349 4815 geometrica
1371 4738 1443 4795 nihil
1467 4740 1570 4814 possit.

523 4818 701 4880 Observetur
724 4826 812 4898 igitur
833 4834 926 4885 status
950 4829 1183 4887 controversiae:
1213 4826 1300 4901 longe
1324 4842 1449 4900 namque
1475 4832 1518 4885 est
1542 4823 1640 4896 aliud,
1675 4837 1780 4883 omnem

434 4915 532 4967 motus
562 4906 698 4967 coelestis
728 4911 915 4988 dispensandi
947 4916 1106 4988 rationem,
1146 4916 1282 4990 quemvis
1311 4912 1555 4973 contradictiones
1591 4911 1781 4971 involventem

435 5013 529 5071 eoque
561 4995 787 5071 impossibilem,
819 5017 954 5061 revocare
984 5001 1153 5078 simpliciter
1184 5000 1221 5059 ad
1250 5003 1327 5060 vires
1358 5001 1488 5060 occrrlias
1512 4999 1640 5075 aliquus
1665 5001 1778 5065 ammes,

436 5084 596 5157 repudiatis
621 5084 818 5144 instrumentis
842 5092 988 5165 corporeis
1011 5097 1039 5148 et
1062 5088 1157 5148 modis
1181 5089 1324 5159 omnibns,
1348 5105 1421 5162 quos
1445 5088 1574 5146 humana
1598 5103 1681 5146 mens
1695 5084 1779 5163 possit

439 5173 633 5244 comminisci,
658 5169 737 5244 qrrod
760 5181 803 5232 est
827 5177 921 5233 omnis
943 5179 1125 5253 ignorantiae
1150 5198 1352 5255 appone-,aron
1378 5192 1455 5235 mors
1478 5192 1558 5235 mera
1579 5171 1778 5251 omnispbilo·

438 5255 569 5332 sophiae,
592 5258 740 5334 plerisque
763 5267 869 5337 umen,
893 5264 942 5339 qui
966 5263 1002 5326 ds
1025 5265 1228 5326 anonomicir
1251 5264 1379 5324 scribunt
1399 5263 1446 5323 rei
1462 5262 1631 5342 loquuntur,
1654 5260 1777 5324 irritetis⁸
