<?xml version="1.0" encoding="UTF-8"?>
<!DOCTYPE html PUBLIC "-//W3C//DTD XHTML 1.0 Transitional//EN"
    "http://www.w3.org/TR/xhtml1/DTD/xhtml1-transitional.dtd">
<html xmlns="http://www.w3.org/1999/xhtml" xml:lang="en" lang="en">
 <head>
  <title>
</title>
<meta http-equiv="Content-Type" content="text/html;charset=utf-8" />
  <meta name='ocr-system' content='tesseract 3.04.00' />
  <meta name='ocr-capabilities' content='ocr_page ocr_carea ocr_par ocr_line ocrx_word'/>
</head>
<body>
  <div class='ocr_page' id='page_1' title='image "./joanniskepleria03frisgoog/joanniskepleria03frisgoog_0210.png"; bbox 0 0 4459 6275; ppageno 0'>
   <div class='ocr_carea' id='block_1_1' title="bbox 497 706 1347 825">
    <p class='ocr_par' dir='ltr' id='par_1_1' title="bbox 497 706 1347 825">
     <span class='ocr_line' id='line_1_1' title="bbox 497 706 1347 825; baseline -0.02 0"><span class='ocrx_word' id='word_1_1' title='bbox 497 764 558 825; x_wconf 78' lang='lat'><strong>198</strong></span> <span class='ocrx_word' id='word_1_2' title='bbox 996 753 1139 824; x_wconf 83' lang='lat' dir='ltr'><strong>Epitomes</strong></span> <span class='ocrx_word' id='word_1_3' title='bbox 1157 706 1347 810; x_wconf 70' lang='lat' dir='ltr'><strong>astronomiae</strong></span> 
     </span>
    </p>
   </div>
   <div class='ocr_carea' id='block_1_2' title="bbox 493 931 1880 2148">
    <p class='ocr_par' dir='ltr' id='par_1_2' title="bbox 493 931 1859 1624">
     <span class='ocr_line' id='line_1_2' title="bbox 583 931 1857 1011; baseline -0.001 -17"><span class='ocrx_word' id='word_1_4' title='bbox 583 935 692 996; x_wconf 86' lang='lat' dir='ltr'><strong>Eorum</strong></span> <span class='ocrx_word' id='word_1_5' title='bbox 715 952 802 1010; x_wconf 88' lang='lat' dir='ltr'><strong>vero,</strong></span> <span class='ocrx_word' id='word_1_6' title='bbox 826 936 877 1011; x_wconf 86' lang='lat' dir='ltr'><strong>qui</strong></span> <span class='ocrx_word' id='word_1_7' title='bbox 900 936 943 994; x_wconf 87' lang='lat' dir='ltr'><strong>sie</strong></span> <span class='ocrx_word' id='word_1_8' title='bbox 967 934 1049 995; x_wconf 89' lang='lat' dir='ltr'><strong>coelo</strong></span> <span class='ocrx_word' id='word_1_9' title='bbox 1072 931 1254 1008; x_wconf 89' lang='lat' dir='ltr'><strong>tribuuntur,</strong></span> <span class='ocrx_word' id='word_1_10' title='bbox 1284 932 1336 992; x_wconf 88' lang='lat' dir='ltr'><strong>alii</strong></span> <span class='ocrx_word' id='word_1_11' title='bbox 1360 932 1477 993; x_wconf 88' lang='lat' dir='ltr'><strong>easdem</strong></span> <span class='ocrx_word' id='word_1_12' title='bbox 1500 935 1530 992; x_wconf 89' lang='lat' dir='ltr'><strong>in</strong></span> <span class='ocrx_word' id='word_1_13' title='bbox 1554 950 1589 995; x_wconf 94' lang='lat' dir='ltr'><strong>eo</strong></span> <span class='ocrx_word' id='word_1_14' title='bbox 1613 932 1700 995; x_wconf 86' lang='lat' dir='ltr'><strong>sedes</strong></span> <span class='ocrx_word' id='word_1_15' title='bbox 1723 932 1857 993; x_wconf 82' lang='lat' dir='ltr'><strong>obtinent</strong></span> 
     </span>
     <span class='ocr_line' id='line_1_3' title="bbox 493 1019 1857 1103; baseline -0.004 -19"><span class='ocrx_word' id='word_1_16' title='bbox 493 1032 646 1103; x_wconf 87' lang='lat' dir='ltr'><strong>perpetuo,</strong></span> <span class='ocrx_word' id='word_1_17' title='bbox 669 1031 702 1083; x_wconf 93' lang='lat' dir='ltr'><strong>ut</strong></span> <span class='ocrx_word' id='word_1_18' title='bbox 724 1023 872 1095; x_wconf 76' lang='lat' dir='ltr'>zodiacus,</span> <span class='ocrx_word' id='word_1_19' title='bbox 897 1025 948 1099; x_wconf 86' lang='lat' dir='ltr'><strong>qui</strong></span> <span class='ocrx_word' id='word_1_20' title='bbox 971 1022 1053 1082; x_wconf 92' lang='lat' dir='ltr'><strong>coelo</strong></span> <span class='ocrx_word' id='word_1_21' title='bbox 1077 1022 1218 1097; x_wconf 88' lang='lat' dir='ltr'><strong>competit</strong></span> <span class='ocrx_word' id='word_1_22' title='bbox 1240 1037 1299 1080; x_wconf 91' lang='lat' dir='ltr'><strong>non</strong></span> <span class='ocrx_word' id='word_1_23' title='bbox 1322 1031 1457 1098; x_wconf 89' lang='lat' dir='ltr'><strong>respectu</strong></span> <span class='ocrx_word' id='word_1_24' title='bbox 1479 1029 1576 1081; x_wconf 91' lang='lat' dir='ltr'><strong>motus</strong></span> <span class='ocrx_word' id='word_1_25' title='bbox 1599 1020 1695 1081; x_wconf 89' lang='lat' dir='ltr'><strong>diurni</strong></span> <span class='ocrx_word' id='word_1_26' title='bbox 1718 1019 1857 1096; x_wconf 83' lang='lat' dir='ltr'><strong>Telluris,</strong></span> 
     </span>
     <span class='ocr_line' id='line_1_4' title="bbox 494 1107 1858 1189; baseline -0.003 -16"><span class='ocrx_word' id='word_1_27' title='bbox 494 1111 547 1173; x_wconf 90' lang='lat' dir='ltr'><strong>sed</strong></span> <span class='ocrx_word' id='word_1_28' title='bbox 568 1116 686 1189; x_wconf 91' lang='lat' dir='ltr'><strong>propter</strong></span> <span class='ocrx_word' id='word_1_29' title='bbox 706 1119 787 1170; x_wconf 88' lang='lat' dir='ltr'><strong>astra</strong></span> <span class='ocrx_word' id='word_1_30' title='bbox 809 1109 874 1169; x_wconf 87' lang='lat' dir='ltr'><strong>sola</strong></span> <span class='ocrx_word' id='word_1_31' title='bbox 896 1118 1051 1186; x_wconf 88' lang='lat' dir='ltr'><strong>motusque</strong></span> <span class='ocrx_word' id='word_1_32' title='bbox 1074 1125 1176 1167; x_wconf 91' lang='lat' dir='ltr'><strong>eornm</strong></span> <span class='ocrx_word' id='word_1_33' title='bbox 1198 1107 1361 1183; x_wconf 80' lang='lat' dir='ltr'><strong>secundos3</strong></span> <span class='ocrx_word' id='word_1_34' title='bbox 1384 1109 1435 1170; x_wconf 89' lang='lat' dir='ltr'><strong>alit</strong></span> <span class='ocrx_word' id='word_1_35' title='bbox 1457 1125 1595 1170; x_wconf 87' lang='lat' dir='ltr'><strong>succeseu</strong></span> <span class='ocrx_word' id='word_1_36' title='bbox 1610 1107 1780 1169; x_wconf 89' lang='lat' dir='ltr'><strong>seculomm</strong></span> <span class='ocrx_word' id='word_1_37' title='bbox 1801 1111 1858 1169; x_wconf 88' lang='lat' dir='ltr'><strong>mi·</strong></span> 
     </span>
     <span class='ocr_line' id='line_1_5' title="bbox 495 1196 1857 1277; baseline -0.001 -19"><span class='ocrx_word' id='word_1_38' title='bbox 495 1206 582 1277; x_wconf 77' lang='lat' dir='ltr'><strong>grant</strong></span> <span class='ocrx_word' id='word_1_39' title='bbox 604 1197 689 1259; x_wconf 87' lang='lat' dir='ltr'><strong>sedes</strong></span> <span class='ocrx_word' id='word_1_40' title='bbox 711 1215 781 1257; x_wconf 91' lang='lat' dir='ltr'><strong>snas</strong></span> <span class='ocrx_word' id='word_1_41' title='bbox 805 1196 894 1258; x_wconf 90' lang='lat' dir='ltr'><strong>etad</strong></span> <span class='ocrx_word' id='word_1_42' title='bbox 918 1199 1030 1257; x_wconf 86' lang='lat' dir='ltr'><strong>vicinas</strong></span> <span class='ocrx_word' id='word_1_43' title='bbox 1054 1204 1214 1268; x_wconf 90' lang='lat' dir='ltr'><strong>transeunt,</strong></span> <span class='ocrx_word' id='word_1_44' title='bbox 1239 1204 1270 1255; x_wconf 90' lang='lat' dir='ltr'><strong>ut</strong></span> <span class='ocrx_word' id='word_1_45' title='bbox 1293 1198 1323 1270; x_wconf 88' lang='lat' dir='ltr'><strong>ii,</strong></span> <span class='ocrx_word' id='word_1_46' title='bbox 1346 1199 1397 1271; x_wconf 90' lang='lat' dir='ltr'><strong>qui</strong></span> <span class='ocrx_word' id='word_1_47' title='bbox 1421 1197 1504 1257; x_wconf 92' lang='lat' dir='ltr'><strong>coelo</strong></span> <span class='ocrx_word' id='word_1_48' title='bbox 1527 1204 1696 1275; x_wconf 86' lang='lat' dir='ltr'><strong>competunt</strong></span> <span class='ocrx_word' id='word_1_49' title='bbox 1722 1204 1857 1275; x_wconf 87' lang='lat' dir='ltr'><strong>respectu</strong></span> 
     </span>
     <span class='ocr_line' id='line_1_6' title="bbox 496 1283 1859 1361; baseline -0.003 -14"><span class='ocrx_word' id='word_1_50' title='bbox 496 1294 595 1347; x_wconf 90' lang='lat' dir='ltr'><strong>rnotns</strong></span> <span class='ocrx_word' id='word_1_51' title='bbox 627 1285 722 1344; x_wconf 90' lang='lat' dir='ltr'><strong>diurni</strong></span> <span class='ocrx_word' id='word_1_52' title='bbox 744 1285 867 1358; x_wconf 81' lang='lat' dir='ltr'>Terrae,</span> <span class='ocrx_word' id='word_1_53' title='bbox 896 1292 970 1361; x_wconf 88' lang='lat' dir='ltr'><strong>puta</strong></span> <span class='ocrx_word' id='word_1_54' title='bbox 999 1283 1113 1344; x_wconf 90' lang='lat' dir='ltr'><strong>coluros</strong></span> <span class='ocrx_word' id='word_1_55' title='bbox 1143 1290 1172 1342; x_wconf 93' lang='lat' dir='ltr'><strong>et</strong></span> <span class='ocrx_word' id='word_1_56' title='bbox 1202 1300 1304 1344; x_wconf 89' lang='lat' dir='ltr'><strong>omnes</strong></span> <span class='ocrx_word' id='word_1_57' title='bbox 1334 1285 1365 1341; x_wconf 91' lang='lat' dir='ltr'><strong>in</strong></span> <span class='ocrx_word' id='word_1_58' title='bbox 1388 1284 1502 1343; x_wconf 90' lang='lat' dir='ltr'><strong>coelum</strong></span> <span class='ocrx_word' id='word_1_59' title='bbox 1524 1284 1692 1344; x_wconf 86' lang='lat' dir='ltr'><strong>tralatitios.</strong></span> <span class='ocrx_word' id='word_1_60' title='bbox 1737 1284 1787 1343; x_wconf 80' lang='lat' dir='ltr'><strong>Ita</strong></span> <span class='ocrx_word' id='word_1_61' title='bbox 1808 1285 1859 1361; x_wconf 85' lang='lat' dir='ltr'><strong>qul</strong></span> 
     </span>
     <span class='ocr_line' id='line_1_7' title="bbox 495 1369 1859 1447; baseline -0.004 -12"><span class='ocrx_word' id='word_1_62' title='bbox 495 1373 603 1435; x_wconf 78' lang='lat' dir='ltr'><strong>Terrae</strong></span> <span class='ocrx_word' id='word_1_63' title='bbox 625 1372 793 1445; x_wconf 74' lang='lat' dir='ltr'>inhaerent,</span> <span class='ocrx_word' id='word_1_64' title='bbox 822 1371 1043 1432; x_wconf 80' lang='lat' dir='ltr'><strong>immutabiliter</strong></span> <span class='ocrx_word' id='word_1_65' title='bbox 1064 1369 1183 1447; x_wconf 90' lang='lat' dir='ltr'><strong>quidem</strong></span> <span class='ocrx_word' id='word_1_66' title='bbox 1207 1374 1233 1431; x_wconf 90' lang='lat' dir='ltr'><strong>ei</strong></span> <span class='ocrx_word' id='word_1_67' title='bbox 1257 1370 1408 1431; x_wconf 80' lang='lat' dir='ltr'><strong>inhaerent</strong></span> <span class='ocrx_word' id='word_1_68' title='bbox 1429 1389 1539 1446; x_wconf 81' lang='lat' dir='ltr'><strong>omnen,</strong></span> <span class='ocrx_word' id='word_1_69' title='bbox 1563 1370 1613 1430; x_wconf 90' lang='lat' dir='ltr'><strong>alii</strong></span> <span class='ocrx_word' id='word_1_70' title='bbox 1635 1380 1737 1432; x_wconf 87' lang='lat' dir='ltr'><strong>tamen</strong></span> <span class='ocrx_word' id='word_1_71' title='bbox 1760 1372 1859 1431; x_wconf 82' lang='lat' dir='ltr'><strong>insunt</strong></span> 
     </span>
     <span class='ocr_line' id='line_1_8' title="bbox 497 1456 1858 1538; baseline -0.002 -17"><span class='ocrx_word' id='word_1_72' title='bbox 497 1463 525 1522; x_wconf 90' lang='lat' dir='ltr'><strong>el</strong></span> <span class='ocrx_word' id='word_1_73' title='bbox 547 1468 660 1520; x_wconf 89' lang='lat' dir='ltr'><strong>tantum</strong></span> <span class='ocrx_word' id='word_1_74' title='bbox 683 1468 800 1538; x_wconf 89' lang='lat' dir='ltr'><strong>propter</strong></span> <span class='ocrx_word' id='word_1_75' title='bbox 823 1458 957 1519; x_wconf 90' lang='lat' dir='ltr'><strong>diurnum</strong></span> <span class='ocrx_word' id='word_1_76' title='bbox 980 1460 1044 1535; x_wconf 90' lang='lat' dir='ltr'><strong>ejus</strong></span> <span class='ocrx_word' id='word_1_77' title='bbox 1067 1464 1180 1518; x_wconf 90' lang='lat' dir='ltr'><strong>motum</strong></span> <span class='ocrx_word' id='word_1_78' title='bbox 1204 1466 1236 1516; x_wconf 91' lang='lat' dir='ltr'><strong>ut</strong></span> <span class='ocrx_word' id='word_1_79' title='bbox 1259 1456 1495 1535; x_wconf 87' lang='lat' dir='ltr'><strong>aequinoctialis,</strong></span> <span class='ocrx_word' id='word_1_80' title='bbox 1518 1457 1568 1517; x_wconf 90' lang='lat' dir='ltr'><strong>alii</strong></span> <span class='ocrx_word' id='word_1_81' title='bbox 1594 1466 1713 1538; x_wconf 89' lang='lat' dir='ltr'><strong>propter</strong></span> <span class='ocrx_word' id='word_1_82' title='bbox 1734 1475 1858 1537; x_wconf 82' lang='lat' dir='ltr'><strong>compa·</strong></span> 
     </span>
     <span class='ocr_line' id='line_1_9' title="bbox 497 1544 1858 1624; baseline -0.001 -16"><span class='ocrx_word' id='word_1_83' title='bbox 497 1550 641 1608; x_wconf 86' lang='lat' dir='ltr'><strong>rationem</strong></span> <span class='ocrx_word' id='word_1_84' title='bbox 669 1546 763 1606; x_wconf 89' lang='lat' dir='ltr'><strong>diurni</strong></span> <span class='ocrx_word' id='word_1_85' title='bbox 795 1557 892 1607; x_wconf 90' lang='lat' dir='ltr'><strong>motus</strong></span> <span class='ocrx_word' id='word_1_86' title='bbox 923 1564 989 1607; x_wconf 90' lang='lat' dir='ltr'><strong>cum</strong></span> <span class='ocrx_word' id='word_1_87' title='bbox 1020 1545 1129 1606; x_wconf 91' lang='lat' dir='ltr'><strong>circulo</strong></span> <span class='ocrx_word' id='word_1_88' title='bbox 1160 1545 1280 1606; x_wconf 91' lang='lat' dir='ltr'><strong>coelesti</strong></span> <span class='ocrx_word' id='word_1_89' title='bbox 1311 1546 1448 1621; x_wconf 86' lang='lat' dir='ltr'><strong>zodiaco,</strong></span> <span class='ocrx_word' id='word_1_90' title='bbox 1480 1552 1512 1605; x_wconf 91' lang='lat' dir='ltr'><strong>ut</strong></span> <span class='ocrx_word' id='word_1_91' title='bbox 1535 1544 1593 1606; x_wconf 90' lang='lat' dir='ltr'><strong>duo</strong></span> <span class='ocrx_word' id='word_1_92' title='bbox 1616 1547 1721 1624; x_wconf 86' lang='lat' dir='ltr'><strong>tropici</strong></span> <span class='ocrx_word' id='word_1_93' title='bbox 1745 1554 1778 1607; x_wconf 88' lang='lat' dir='ltr'><strong>et</strong></span> <span class='ocrx_word' id='word_1_94' title='bbox 1799 1544 1858 1607; x_wconf 87' lang='lat' dir='ltr'><strong>duo</strong></span> 
     </span>
    </p>

    <p class='ocr_par' dir='ltr' id='par_1_3' title="bbox 497 1634 1880 1884">
     <span class='ocr_line' id='line_1_10' title="bbox 519 1634 1678 1696; baseline -0.002 -1"><span class='ocrx_word' id='word_1_95' title='bbox 519 1634 623 1696; x_wconf 80' lang='lat' dir='ltr'><strong>clares.</strong></span> <span class='ocrx_word' id='word_1_96' title='bbox 1675 1668 1678 1673; x_wconf 92' lang='lat'><em>-</em></span> 
     </span>
     <span class='ocr_line' id='line_1_11' title="bbox 497 1654 1858 1799; baseline -0.002 -17"><span class='ocrx_word' id='word_1_97' title='bbox 497 1654 517 1714; x_wconf 66' lang='lat' dir='ltr'><strong>p</strong></span> <span class='ocrx_word' id='word_1_98' title='bbox 584 1725 613 1782; x_wconf 79' lang='lat'><strong>2.</strong></span> <span class='ocrx_word' id='word_1_99' title='bbox 648 1720 803 1796; x_wconf 82' lang='lat' dir='ltr'><strong>Compare</strong></span> <span class='ocrx_word' id='word_1_100' title='bbox 832 1738 879 1781; x_wconf 79' lang='lat' dir='ltr'><strong>eoa</strong></span> <span class='ocrx_word' id='word_1_101' title='bbox 901 1722 1023 1780; x_wconf 82' lang='lat' dir='ltr'><strong>ratione</strong></span> <span class='ocrx_word' id='word_1_102' title='bbox 1045 1721 1180 1794; x_wconf 81' lang='lat' dir='ltr'><strong>oripirtia.</strong></span> <span class='ocrx_word' id='word_1_103' title='bbox 1227 1718 1355 1794; x_wconf 86' lang='lat' dir='ltr'><strong>Quidam</strong></span> <span class='ocrx_word' id='word_1_104' title='bbox 1377 1727 1446 1779; x_wconf 87' lang='lat' dir='ltr'><strong>sunt</strong></span> <span class='ocrx_word' id='word_1_105' title='bbox 1467 1721 1612 1798; x_wconf 85' lang='lat' dir='ltr'><strong>primarii,</strong></span> <span class='ocrx_word' id='word_1_106' title='bbox 1644 1739 1681 1781; x_wconf 88' lang='lat' dir='ltr'><strong>ex</strong></span> <span class='ocrx_word' id='word_1_107' title='bbox 1704 1722 1768 1781; x_wconf 86' lang='lat' dir='ltr'><strong>suis</strong></span> <span class='ocrx_word' id='word_1_108' title='bbox 1791 1722 1858 1799; x_wconf 89' lang='lat' dir='ltr'><strong>qui·</strong></span> 
     </span>
     <span class='ocr_line' id='line_1_12' title="bbox 497 1806 1880 1884; baseline -0.001 -14"><span class='ocrx_word' id='word_1_109' title='bbox 497 1810 570 1871; x_wconf 87' lang='lat' dir='ltr'><strong>libet</strong></span> <span class='ocrx_word' id='word_1_110' title='bbox 593 1815 673 1869; x_wconf 86' lang='lat' dir='ltr'><strong>ortus</strong></span> <span class='ocrx_word' id='word_1_111' title='bbox 696 1811 803 1882; x_wconf 88' lang='lat' dir='ltr'><strong>causis,</strong></span> <span class='ocrx_word' id='word_1_112' title='bbox 826 1806 946 1884; x_wconf 88' lang='lat' dir='ltr'><strong>quidam</strong></span> <span class='ocrx_word' id='word_1_113' title='bbox 969 1806 1142 1880; x_wconf 88' lang='lat' dir='ltr'><strong>secundarii,</strong></span> <span class='ocrx_word' id='word_1_114' title='bbox 1166 1826 1184 1866; x_wconf 90' lang='lat' dir='ltr'><strong>a</strong></span> <span class='ocrx_word' id='word_1_115' title='bbox 1206 1810 1306 1883; x_wconf 92' lang='lat' dir='ltr'><strong>primis</strong></span> <span class='ocrx_word' id='word_1_116' title='bbox 1325 1808 1435 1884; x_wconf 88' lang='lat' dir='ltr'><strong>jpnctis</strong></span> <span class='ocrx_word' id='word_1_117' title='bbox 1458 1810 1533 1868; x_wconf 88' lang='lat' dir='ltr'><strong>inter</strong></span> <span class='ocrx_word' id='word_1_118' title='bbox 1554 1825 1586 1868; x_wconf 91' lang='lat' dir='ltr'><strong>se</strong></span> <span class='ocrx_word' id='word_1_119' title='bbox 1609 1807 1822 1884; x_wconf 81' lang='lat' dir='ltr'><strong>dependentes.</strong></span> <span class='ocrx_word' id='word_1_120' title='bbox 1874 1846 1880 1853; x_wconf 94' lang='lat'>-</span> 
     </span>
    </p>

    <p class='ocr_par' dir='ltr' id='par_1_4' title="bbox 499 1893 1860 2148">
     <span class='ocr_line' id='line_1_13' title="bbox 584 1893 1860 1973; baseline 0 -17"><span class='ocrx_word' id='word_1_121' title='bbox 584 1897 719 1956; x_wconf 87' lang='lat' dir='ltr'><strong>Primarii</strong></span> <span class='ocrx_word' id='word_1_122' title='bbox 742 1896 884 1971; x_wconf 80' lang='lat' dir='ltr'><strong>originem</strong></span> <span class='ocrx_word' id='word_1_123' title='bbox 905 1894 1016 1954; x_wconf 89' lang='lat' dir='ltr'><strong>habent</strong></span> <span class='ocrx_word' id='word_1_124' title='bbox 1039 1895 1085 1953; x_wconf 87' lang='lat' dir='ltr'><strong>rel</strong></span> <span class='ocrx_word' id='word_1_125' title='bbox 1109 1893 1209 1952; x_wconf 91' lang='lat' dir='ltr'><strong>mundi</strong></span> <span class='ocrx_word' id='word_1_126' title='bbox 1233 1897 1429 1969; x_wconf 82' lang='lat' dir='ltr'><strong>intrinsecam,</strong></span> <span class='ocrx_word' id='word_1_127' title='bbox 1452 1902 1524 1973; x_wconf 92' lang='lat' dir='ltr'><strong>puta</strong></span> <span class='ocrx_word' id='word_1_128' title='bbox 1547 1905 1674 1955; x_wconf 83' lang='lat' dir='ltr'><strong>motum:</strong></span> <span class='ocrx_word' id='word_1_129' title='bbox 1698 1905 1731 1957; x_wconf 91' lang='lat' dir='ltr'><strong>ut</strong></span> <span class='ocrx_word' id='word_1_130' title='bbox 1755 1895 1860 1957; x_wconf 83' lang='lat' dir='ltr'><strong>zodia·</strong></span> 
     </span>
     <span class='ocr_line' id='line_1_14' title="bbox 499 1981 1859 2064; baseline -0.001 -20"><span class='ocrx_word' id='word_1_131' title='bbox 499 2001 562 2064; x_wconf 89' lang='lat' dir='ltr'><strong>cus,</strong></span> <span class='ocrx_word' id='word_1_132' title='bbox 585 1983 720 2044; x_wconf 89' lang='lat' dir='ltr'><strong>coelestis</strong></span> <span class='ocrx_word' id='word_1_133' title='bbox 743 1982 882 2056; x_wconf 88' lang='lat' dir='ltr'><strong>circulus,</strong></span> <span class='ocrx_word' id='word_1_134' title='bbox 906 1990 1017 2041; x_wconf 92' lang='lat' dir='ltr'><strong>motum</strong></span> <span class='ocrx_word' id='word_1_135' title='bbox 1040 1981 1234 2041; x_wconf 92' lang='lat' dir='ltr'><strong>secundorum</strong></span> <span class='ocrx_word' id='word_1_136' title='bbox 1256 1982 1425 2055; x_wconf 88' lang='lat' dir='ltr'><strong>mobilium,</strong></span> <span class='ocrx_word' id='word_1_137' title='bbox 1449 1990 1609 2059; x_wconf 84' lang='lat' dir='ltr'><strong>aequatur,</strong></span> <span class='ocrx_word' id='word_1_138' title='bbox 1632 1985 1778 2043; x_wconf 86' lang='lat' dir='ltr'><strong>terrestris</strong></span> <span class='ocrx_word' id='word_1_139' title='bbox 1800 1985 1859 2045; x_wconf 89' lang='lat' dir='ltr'><strong>cir-</strong></span> 
     </span>
     <span class='ocr_line' id='line_1_15' title="bbox 500 2068 1857 2148; baseline -0.001 -15"><span class='ocrx_word' id='word_1_140' title='bbox 500 2072 600 2146; x_wconf 89' lang='lat' dir='ltr'><strong>culus,</strong></span> <span class='ocrx_word' id='word_1_141' title='bbox 624 2076 737 2129; x_wconf 89' lang='lat' dir='ltr'><strong>motum</strong></span> <span class='ocrx_word' id='word_1_142' title='bbox 760 2072 883 2148; x_wconf 91' lang='lat' dir='ltr'><strong>primum</strong></span> <span class='ocrx_word' id='word_1_143' title='bbox 906 2069 1049 2143; x_wconf 79' lang='lat' dir='ltr'><strong>Telluris3</strong></span> <span class='ocrx_word' id='word_1_144' title='bbox 1081 2068 1129 2129; x_wconf 85' lang='lat' dir='ltr'><strong>vel</strong></span> <span class='ocrx_word' id='word_1_145' title='bbox 1153 2071 1294 2145; x_wconf 82' lang='lat' dir='ltr'><strong>originem</strong></span> <span class='ocrx_word' id='word_1_146' title='bbox 1318 2072 1511 2130; x_wconf 80' lang='lat' dir='ltr'><strong>extrinsecam</strong></span> <span class='ocrx_word' id='word_1_147' title='bbox 1533 2070 1657 2144; x_wconf 85' lang='lat' dir='ltr'><strong>habent,</strong></span> <span class='ocrx_word' id='word_1_148' title='bbox 1681 2080 1715 2130; x_wconf 89' lang='lat' dir='ltr'><strong>ut</strong></span> <span class='ocrx_word' id='word_1_149' title='bbox 1736 2070 1857 2132; x_wconf 86' lang='lat' dir='ltr'><strong>horizon</strong></span> 
     </span>
    </p>
   </div>
   <div class='ocr_carea' id='block_1_3' title="bbox 406 2154 1857 2235">
    <p class='ocr_par' dir='ltr' id='par_1_5' title="bbox 406 2154 1857 2235">
     <span class='ocr_line' id='line_1_16' title="bbox 406 2154 1857 2235; baseline 0 -16"><span class='ocrx_word' id='word_1_150' title='bbox 406 2200 411 2219; x_wconf 87' lang='lat'><strong><em>.</em></strong></span> <span class='ocrx_word' id='word_1_151' title='bbox 498 2161 594 2219; x_wconf 82' lang='lat' dir='ltr'><strong>risum</strong></span> <span class='ocrx_word' id='word_1_152' title='bbox 617 2158 752 2230; x_wconf 85' lang='lat' dir='ltr'><strong>hominis,</strong></span> <span class='ocrx_word' id='word_1_153' title='bbox 776 2157 931 2218; x_wconf 88' lang='lat' dir='ltr'><strong>incolentis</strong></span> <span class='ocrx_word' id='word_1_154' title='bbox 953 2157 1053 2216; x_wconf 90' lang='lat' dir='ltr'><strong>mundi</strong></span> <span class='ocrx_word' id='word_1_155' title='bbox 1069 2156 1244 2215; x_wconf 82' lang='lat' dir='ltr'><strong>machinam.</strong></span> <span class='ocrx_word' id='word_1_156' title='bbox 1283 2156 1454 2218; x_wconf 72' lang='lat' dir='ltr'><strong>secundarii</strong></span> <span class='ocrx_word' id='word_1_157' title='bbox 1470 2166 1546 2233; x_wconf 83' lang='lat' dir='ltr'><strong>sunt,</strong></span> <span class='ocrx_word' id='word_1_158' title='bbox 1570 2161 1622 2235; x_wconf 85' lang='lat' dir='ltr'><strong>qut</strong></span> <span class='ocrx_word' id='word_1_159' title='bbox 1637 2154 1857 2235; x_wconf 85' lang='lat' dir='ltr'><strong>comparatione</strong></span> 
     </span>
    </p>
   </div>
   <div class='ocr_carea' id='block_1_4' title="bbox 473 2243 1861 5302">
    <p class='ocr_par' dir='ltr' id='par_1_6' title="bbox 498 2243 1859 2587">
     <span class='ocr_line' id='line_1_17' title="bbox 498 2243 1859 2325; baseline 0 -18"><span class='ocrx_word' id='word_1_160' title='bbox 498 2254 601 2307; x_wconf 90' lang='lat' dir='ltr'><strong>mutua</strong></span> <span class='ocrx_word' id='word_1_161' title='bbox 627 2248 785 2322; x_wconf 90' lang='lat' dir='ltr'><strong>primorum</strong></span> <span class='ocrx_word' id='word_1_162' title='bbox 809 2247 885 2304; x_wconf 89' lang='lat' dir='ltr'><strong>inter</strong></span> <span class='ocrx_word' id='word_1_163' title='bbox 903 2263 935 2303; x_wconf 89' lang='lat' dir='ltr'><strong>se</strong></span> <span class='ocrx_word' id='word_1_164' title='bbox 958 2247 1104 2304; x_wconf 87' lang='lat' dir='ltr'><strong>existunt:</strong></span> <span class='ocrx_word' id='word_1_165' title='bbox 1139 2247 1168 2302; x_wconf 92' lang='lat' dir='ltr'><strong>in</strong></span> <span class='ocrx_word' id='word_1_166' title='bbox 1191 2243 1282 2304; x_wconf 81' lang='lat' dir='ltr'><strong>Terra</strong></span> <span class='ocrx_word' id='word_1_167' title='bbox 1311 2245 1430 2321; x_wconf 86' lang='lat' dir='ltr'><strong>quidem</strong></span> <span class='ocrx_word' id='word_1_168' title='bbox 1459 2244 1518 2306; x_wconf 92' lang='lat' dir='ltr'><strong>duo</strong></span> <span class='ocrx_word' id='word_1_169' title='bbox 1540 2247 1645 2325; x_wconf 84' lang='lat' dir='ltr'><strong>tropici</strong></span> <span class='ocrx_word' id='word_1_170' title='bbox 1668 2256 1698 2306; x_wconf 93' lang='lat' dir='ltr'><strong>et</strong></span> <span class='ocrx_word' id='word_1_171' title='bbox 1720 2243 1781 2306; x_wconf 90' lang='lat' dir='ltr'><strong>duo</strong></span> <span class='ocrx_word' id='word_1_172' title='bbox 1803 2263 1859 2324; x_wconf 92' lang='lat' dir='ltr'><strong>po·</strong></span> 
     </span>
     <span class='ocr_line' id='line_1_18' title="bbox 499 2330 1858 2412; baseline -0.001 -18"><span class='ocrx_word' id='word_1_173' title='bbox 499 2334 591 2409; x_wconf 86' lang='lat' dir='ltr'><strong>lares,</strong></span> <span class='ocrx_word' id='word_1_174' title='bbox 622 2333 840 2412; x_wconf 89' lang='lat' dir='ltr'><strong>comparatione</strong></span> <span class='ocrx_word' id='word_1_175' title='bbox 868 2331 981 2391; x_wconf 82' lang='lat' dir='ltr'><strong>zodiaci</strong></span> <span class='ocrx_word' id='word_1_176' title='bbox 1012 2341 1040 2392; x_wconf 90' lang='lat' dir='ltr'><strong>ct</strong></span> <span class='ocrx_word' id='word_1_177' title='bbox 1063 2333 1231 2408; x_wconf 85' lang='lat' dir='ltr'><strong>aequatoris</strong></span> <span class='ocrx_word' id='word_1_178' title='bbox 1254 2330 1460 2409; x_wconf 88' lang='lat' dir='ltr'><strong>polorurnque,</strong></span> <span class='ocrx_word' id='word_1_179' title='bbox 1494 2336 1522 2392; x_wconf 92' lang='lat' dir='ltr'><strong>in</strong></span> <span class='ocrx_word' id='word_1_180' title='bbox 1553 2331 1637 2394; x_wconf 83' lang='lat' dir='ltr'><strong>coelo</strong></span> <span class='ocrx_word' id='word_1_181' title='bbox 1661 2350 1732 2394; x_wconf 81' lang='lat' dir='ltr'><strong>vero</strong></span> <span class='ocrx_word' id='word_1_182' title='bbox 1757 2331 1858 2407; x_wconf 89' lang='lat' dir='ltr'><strong>coluri,</strong></span> 
     </span>
     <span class='ocr_line' id='line_1_19' title="bbox 504 2419 1859 2499; baseline 0.003 -19"><span class='ocrx_word' id='word_1_183' title='bbox 504 2423 721 2498; x_wconf 89' lang='lat' dir='ltr'><strong>comparatione</strong></span> <span class='ocrx_word' id='word_1_184' title='bbox 742 2419 909 2490; x_wconf 90' lang='lat' dir='ltr'><strong>eorundem,</strong></span> <span class='ocrx_word' id='word_1_185' title='bbox 933 2421 962 2477; x_wconf 90' lang='lat' dir='ltr'><strong>in</strong></span> <span class='ocrx_word' id='word_1_186' title='bbox 978 2419 1103 2498; x_wconf 85' lang='lat' dir='ltr'><strong>sphaera</strong></span> <span class='ocrx_word' id='word_1_187' title='bbox 1120 2420 1246 2495; x_wconf 87' lang='lat' dir='ltr'><strong>denique</strong></span> <span class='ocrx_word' id='word_1_188' title='bbox 1269 2421 1413 2481; x_wconf 84' lang='lat' dir='ltr'><strong>materiali</strong></span> <span class='ocrx_word' id='word_1_189' title='bbox 1429 2420 1615 2492; x_wconf 88' lang='lat' dir='ltr'><strong>meridianus,</strong></span> <span class='ocrx_word' id='word_1_190' title='bbox 1639 2422 1859 2499; x_wconf 78' lang='lat' dir='ltr'><strong>comparatione</strong></span> 
     </span>
     <span class='ocr_line' id='line_1_20' title="bbox 500 2507 1788 2587; baseline 0 -18"><span class='ocrx_word' id='word_1_191' title='bbox 500 2509 660 2569; x_wconf 77' lang='lat' dir='ltr'><strong>horizontis</strong></span> <span class='ocrx_word' id='word_1_192' title='bbox 683 2516 713 2567; x_wconf 87' lang='lat' dir='ltr'><strong>et</strong></span> <span class='ocrx_word' id='word_1_193' title='bbox 735 2509 902 2583; x_wconf 88' lang='lat' dir='ltr'><strong>aequatoris</strong></span> <span class='ocrx_word' id='word_1_194' title='bbox 926 2507 1128 2587; x_wconf 87' lang='lat' dir='ltr'><strong>polorumque,</strong></span> <span class='ocrx_word' id='word_1_195' title='bbox 1153 2523 1229 2584; x_wconf 88' lang='lat' dir='ltr'><strong>qnae</strong></span> <span class='ocrx_word' id='word_1_196' title='bbox 1254 2511 1351 2568; x_wconf 86' lang='lat' dir='ltr'><strong>omnia</strong></span> <span class='ocrx_word' id='word_1_197' title='bbox 1374 2508 1515 2569; x_wconf 90' lang='lat' dir='ltr'><strong>hactenns</strong></span> <span class='ocrx_word' id='word_1_198' title='bbox 1538 2508 1685 2585; x_wconf 82' lang='lat' dir='ltr'><strong>explicata</strong></span> <span class='ocrx_word' id='word_1_199' title='bbox 1708 2518 1788 2570; x_wconf 74' lang='lat' dir='ltr'><strong>sunt.</strong></span> 
     </span>
    </p>

    <p class='ocr_par' dir='ltr' id='par_1_7' title="bbox 498 2594 1860 3111">
     <span class='ocr_line' id='line_1_21' title="bbox 586 2594 1857 2670; baseline 0.003 -17"><span class='ocrx_word' id='word_1_200' title='bbox 586 2597 615 2654; x_wconf 88' lang='grc'><strong>3.</strong></span> <span class='ocrx_word' id='word_1_201' title='bbox 644 2594 806 2670; x_wconf 68' lang='grc' dir='ltr'><strong>Βιζπίηρικ</strong></span> <span class='ocrx_word' id='word_1_202' title='bbox 828 2596 954 2654; x_wconf 82' lang='lat' dir='ltr'><strong>circulor</strong></span> <span class='ocrx_word' id='word_1_203' title='bbox 975 2597 1095 2654; x_wconf 72' lang='lat' dir='ltr'><strong>ratione</strong></span> <span class='ocrx_word' id='word_1_204' title='bbox 1118 2597 1308 2670; x_wconf 82' lang='lat' dir='ltr'><strong>quantitatis.</strong></span> <span class='ocrx_word' id='word_1_205' title='bbox 1354 2594 1519 2670; x_wconf 85' lang='lat' dir='ltr'><strong>Quantitas,</strong></span> <span class='ocrx_word' id='word_1_206' title='bbox 1543 2604 1575 2655; x_wconf 92' lang='lat' dir='ltr'><strong>ut</strong></span> <span class='ocrx_word' id='word_1_207' title='bbox 1591 2595 1745 2669; x_wconf 87' lang='lat' dir='ltr'><strong>haetenus,</strong></span> <span class='ocrx_word' id='word_1_208' title='bbox 1769 2595 1857 2657; x_wconf 85' lang='lat' dir='ltr'><strong>intel·</strong></span> 
     </span>
     <span class='ocr_line' id='line_1_22' title="bbox 498 2681 1859 2762; baseline 0 -19"><span class='ocrx_word' id='word_1_209' title='bbox 498 2683 600 2762; x_wconf 79' lang='lat' dir='ltr'><strong>ligitur</strong></span> <span class='ocrx_word' id='word_1_210' title='bbox 621 2690 790 2758; x_wconf 89' lang='lat' dir='ltr'><strong>comparata</strong></span> <span class='ocrx_word' id='word_1_211' title='bbox 812 2682 851 2742; x_wconf 88' lang='lat' dir='ltr'><strong>ad</strong></span> <span class='ocrx_word' id='word_1_212' title='bbox 869 2681 1051 2759; x_wconf 86' lang='lat' dir='ltr'><strong>superficiem</strong></span> <span class='ocrx_word' id='word_1_213' title='bbox 1074 2681 1267 2758; x_wconf 87' lang='lat' dir='ltr'><strong>sphaericam,</strong></span> <span class='ocrx_word' id='word_1_214' title='bbox 1290 2699 1349 2742; x_wconf 93' lang='lat' dir='ltr'><strong>non</strong></span> <span class='ocrx_word' id='word_1_215' title='bbox 1373 2700 1442 2743; x_wconf 88' lang='lat' dir='ltr'><strong>vero</strong></span> <span class='ocrx_word' id='word_1_216' title='bbox 1465 2682 1503 2742; x_wconf 92' lang='lat' dir='ltr'><strong>ad</strong></span> <span class='ocrx_word' id='word_1_217' title='bbox 1526 2684 1677 2743; x_wconf 89' lang='lat' dir='ltr'><strong>materiam</strong></span> <span class='ocrx_word' id='word_1_218' title='bbox 1699 2683 1750 2744; x_wconf 79' lang='lat' dir='ltr'><strong>rel</strong></span> <span class='ocrx_word' id='word_1_219' title='bbox 1772 2701 1859 2743; x_wconf 90' lang='lat' dir='ltr'><strong>muu-</strong></span> 
     </span>
     <span class='ocr_line' id='line_1_23' title="bbox 499 2768 1859 2849; baseline 0.001 -18"><span class='ocrx_word' id='word_1_220' title='bbox 499 2769 605 2831; x_wconf 90' lang='lat' dir='ltr'><strong>danam</strong></span> <span class='ocrx_word' id='word_1_221' title='bbox 629 2768 677 2830; x_wconf 88' lang='lat' dir='ltr'><strong>vel</strong></span> <span class='ocrx_word' id='word_1_222' title='bbox 692 2770 834 2847; x_wconf 88' lang='lat' dir='ltr'><strong>sphaerae</strong></span> <span class='ocrx_word' id='word_1_223' title='bbox 858 2770 999 2830; x_wconf 79' lang='lat' dir='ltr'><strong>fabrilem.</strong></span> <span class='ocrx_word' id='word_1_224' title='bbox 1020 2831 1022 2835; x_wconf 67' lang='grc'><em>,</em></span> <span class='ocrx_word' id='word_1_225' title='bbox 1045 2770 1151 2844; x_wconf 84' lang='lat' dir='ltr'><strong>ltaque</strong></span> <span class='ocrx_word' id='word_1_226' title='bbox 1173 2769 1225 2828; x_wconf 90' lang='lat' dir='ltr'><strong>alii</strong></span> <span class='ocrx_word' id='word_1_227' title='bbox 1251 2777 1318 2828; x_wconf 90' lang='lat' dir='ltr'><strong>sunt</strong></span> <span class='ocrx_word' id='word_1_228' title='bbox 1334 2773 1462 2843; x_wconf 81' lang='lat' dir='ltr'><strong>marinii,</strong></span> <span class='ocrx_word' id='word_1_229' title='bbox 1487 2773 1537 2847; x_wconf 92' lang='lat' dir='ltr'><strong>qni</strong></span> <span class='ocrx_word' id='word_1_230' title='bbox 1552 2770 1628 2831; x_wconf 91' lang='lat' dir='ltr'><strong>idem</strong></span> <span class='ocrx_word' id='word_1_231' title='bbox 1652 2788 1718 2830; x_wconf 91' lang='lat' dir='ltr'><strong>cnm</strong></span> <span class='ocrx_word' id='word_1_232' title='bbox 1733 2771 1859 2849; x_wconf 81' lang='lat' dir='ltr'><strong>sphaera</strong></span> 
     </span>
     <span class='ocr_line' id='line_1_24' title="bbox 500 2857 1860 2933; baseline -0.003 -13"><span class='ocrx_word' id='word_1_233' title='bbox 500 2865 629 2920; x_wconf 87' lang='lat' dir='ltr'><strong>centrum</strong></span> <span class='ocrx_word' id='word_1_234' title='bbox 659 2857 783 2932; x_wconf 86' lang='lat' dir='ltr'><strong>hahent,</strong></span> <span class='ocrx_word' id='word_1_235' title='bbox 813 2865 844 2917; x_wconf 93' lang='lat' dir='ltr'><strong>nt</strong></span> <span class='ocrx_word' id='word_1_236' title='bbox 867 2857 1022 2928; x_wconf 82' lang='lat' dir='ltr'><strong>zodiacus,</strong></span> <span class='ocrx_word' id='word_1_237' title='bbox 1052 2862 1208 2932; x_wconf 86' lang='lat' dir='ltr'><strong>aequator,</strong></span> <span class='ocrx_word' id='word_1_238' title='bbox 1233 2857 1366 2930; x_wconf 82' lang='lat' dir='ltr'><strong>horizon,</strong></span> <span class='ocrx_word' id='word_1_239' title='bbox 1390 2857 1577 2932; x_wconf 87' lang='lat' dir='ltr'><strong>meridianus,</strong></span> <span class='ocrx_word' id='word_1_240' title='bbox 1601 2857 1659 2919; x_wconf 89' lang='lat' dir='ltr'><strong>dno</strong></span> <span class='ocrx_word' id='word_1_241' title='bbox 1683 2857 1787 2933; x_wconf 91' lang='lat' dir='ltr'><strong>coluri,</strong></span> <span class='ocrx_word' id='word_1_242' title='bbox 1808 2859 1860 2918; x_wconf 87' lang='lat' dir='ltr'><strong>alii</strong></span> 
     </span>
     <span class='ocr_line' id='line_1_25' title="bbox 502 2943 1858 3022; baseline 0.001 -17"><span class='ocrx_word' id='word_1_243' title='bbox 502 2947 638 3020; x_wconf 88' lang='lat' dir='ltr'><strong>minores,</strong></span> <span class='ocrx_word' id='word_1_244' title='bbox 663 2948 714 3021; x_wconf 88' lang='lat' dir='ltr'><strong>qni</strong></span> <span class='ocrx_word' id='word_1_245' title='bbox 737 2945 796 3005; x_wconf 88' lang='lat' dir='ltr'><strong>alia</strong></span> <span class='ocrx_word' id='word_1_246' title='bbox 820 2952 918 3005; x_wconf 90' lang='lat' dir='ltr'><strong>centra</strong></span> <span class='ocrx_word' id='word_1_247' title='bbox 940 2944 1050 3021; x_wconf 73' lang='lat' dir='ltr'><strong>habent</strong></span> <span class='ocrx_word' id='word_1_248' title='bbox 1071 2961 1161 3019; x_wconf 85' lang='lat' dir='ltr'><strong>quam</strong></span> <span class='ocrx_word' id='word_1_249' title='bbox 1184 2943 1326 3021; x_wconf 87' lang='lat' dir='ltr'><strong>sphaerae</strong></span> <span class='ocrx_word' id='word_1_250' title='bbox 1348 2952 1488 3019; x_wconf 87' lang='lat' dir='ltr'><strong>centrum,</strong></span> <span class='ocrx_word' id='word_1_251' title='bbox 1513 2953 1546 3004; x_wconf 90' lang='lat' dir='ltr'><strong>ut</strong></span> <span class='ocrx_word' id='word_1_252' title='bbox 1568 2944 1626 3006; x_wconf 82' lang='lat' dir='ltr'><strong>duro</strong></span> <span class='ocrx_word' id='word_1_253' title='bbox 1650 2948 1770 3022; x_wconf 85' lang='lat' dir='ltr'><strong>tropici,</strong></span> <span class='ocrx_word' id='word_1_254' title='bbox 1800 2945 1858 3007; x_wconf 91' lang='lat' dir='ltr'><strong>dno</strong></span> 
     </span>
     <span class='ocr_line' id='line_1_26' title="bbox 499 3033 625 3111; baseline -0.016 -17"><span class='ocrx_word' id='word_1_255' title='bbox 499 3033 625 3111; x_wconf 83' lang='lat' dir='ltr'><strong>polares.</strong></span> 
     </span>
    </p>

    <p class='ocr_par' dir='ltr' id='par_1_8' title="bbox 499 3119 1861 4072">
     <span class='ocr_line' id='line_1_27' title="bbox 588 3119 1860 3199; baseline -0.001 -18"><span class='ocrx_word' id='word_1_256' title='bbox 588 3119 622 3181; x_wconf 80' lang='lat' dir='ltr'><strong>Si</strong></span> <span class='ocrx_word' id='word_1_257' title='bbox 642 3138 694 3180; x_wconf 80' lang='lat' dir='ltr'><strong>eea</strong></span> <span class='ocrx_word' id='word_1_258' title='bbox 715 3123 927 3180; x_wconf 72' lang='lat' dir='ltr'><strong>muniminum</strong></span> <span class='ocrx_word' id='word_1_259' title='bbox 950 3119 1073 3196; x_wconf 80' lang='lat' dir='ltr'><strong>ideoque</strong></span> <span class='ocrx_word' id='word_1_260' title='bbox 1095 3119 1237 3195; x_wconf 76' lang='lat' dir='ltr'><strong>aequale</strong></span> <span class='ocrx_word' id='word_1_261' title='bbox 1259 3123 1338 3179; x_wconf 84' lang='lat' dir='ltr'><strong>iuter</strong></span> <span class='ocrx_word' id='word_1_262' title='bbox 1351 3136 1392 3199; x_wconf 84' lang='lat' dir='ltr'><strong>ee,</strong></span> <span class='ocrx_word' id='word_1_263' title='bbox 1414 3138 1469 3180; x_wconf 83' lang='lat' dir='ltr'><strong>cur</strong></span> <span class='ocrx_word' id='word_1_264' title='bbox 1484 3121 1517 3180; x_wconf 82' lang='lat' dir='ltr'><strong>iu</strong></span> <span class='ocrx_word' id='word_1_265' title='bbox 1539 3120 1669 3196; x_wconf 78' lang='lat' dir='ltr'><strong>spiraern</strong></span> <span class='ocrx_word' id='word_1_266' title='bbox 1682 3120 1860 3199; x_wconf 73' lang='lat' dir='ltr'><strong>fabricetur</strong></span> 
     </span>
     <span class='ocr_line' id='line_1_28' title="bbox 499 3207 1860 3284; baseline 0.002 -16"><span class='ocrx_word' id='word_1_267' title='bbox 499 3209 691 3268; x_wconf 79' lang='lat' dir='ltr'><strong>meridianus</strong></span> <span class='ocrx_word' id='word_1_268' title='bbox 712 3211 814 3282; x_wconf 78' lang='lat' dir='ltr'><strong>major</strong></span> <span class='ocrx_word' id='word_1_269' title='bbox 835 3210 960 3284; x_wconf 79' lang='lat' dir='ltr'><strong>reliquia</strong></span> <span class='ocrx_word' id='word_1_270' title='bbox 983 3216 1010 3267; x_wconf 85' lang='lat' dir='ltr'><strong>et</strong></span> <span class='ocrx_word' id='word_1_271' title='bbox 1032 3208 1159 3268; x_wconf 80' lang='lat' dir='ltr'><strong>horizon</strong></span> <span class='ocrx_word' id='word_1_272' title='bbox 1181 3209 1261 3267; x_wconf 79' lang='lat' dir='ltr'><strong>soluo</strong></span> <span class='ocrx_word' id='word_1_273' title='bbox 1283 3212 1421 3267; x_wconf 83' lang='lat' dir='ltr'><strong>omnium</strong></span> <span class='ocrx_word' id='word_1_274' title='bbox 1437 3209 1617 3268; x_wconf 72' lang='lat' dir='ltr'><strong>medimna?</strong></span> <span class='ocrx_word' id='word_1_275' title='bbox 1641 3207 1676 3267; x_wconf 95' lang='lat' dir='ltr'><strong>Id</strong></span> <span class='ocrx_word' id='word_1_276' title='bbox 1699 3208 1731 3267; x_wconf 87' lang='lat' dir='ltr'><strong>tit</strong></span> <span class='ocrx_word' id='word_1_277' title='bbox 1755 3225 1860 3271; x_wconf 65' lang='grc' dir='ltr'><strong>ηοω·</strong></span> 
     </span>
     <span class='ocr_line' id='line_1_29' title="bbox 500 3294 1861 3374; baseline 0 -19"><span class='ocrx_word' id='word_1_278' title='bbox 500 3300 587 3356; x_wconf 90' lang='lat' dir='ltr'><strong>sitate</strong></span> <span class='ocrx_word' id='word_1_279' title='bbox 611 3297 765 3356; x_wconf 84' lang='lat' dir='ltr'><strong>materiae:</strong></span> <span class='ocrx_word' id='word_1_280' title='bbox 796 3313 854 3354; x_wconf 91' lang='lat' dir='ltr'><strong>non</strong></span> <span class='ocrx_word' id='word_1_281' title='bbox 878 3303 978 3373; x_wconf 90' lang='lat' dir='ltr'><strong>posset</strong></span> <span class='ocrx_word' id='word_1_282' title='bbox 1001 3298 1078 3354; x_wconf 90' lang='lat' dir='ltr'><strong>enim</strong></span> <span class='ocrx_word' id='word_1_283' title='bbox 1100 3294 1226 3374; x_wconf 87' lang='lat' dir='ltr'><strong>sphaera</strong></span> <span class='ocrx_word' id='word_1_284' title='bbox 1249 3298 1377 3354; x_wconf 89' lang='lat' dir='ltr'><strong>construi</strong></span> <span class='ocrx_word' id='word_1_285' title='bbox 1400 3305 1429 3356; x_wconf 92' lang='lat' dir='ltr'><strong>et</strong></span> <span class='ocrx_word' id='word_1_286' title='bbox 1451 3297 1588 3355; x_wconf 89' lang='lat' dir='ltr'><strong>manibus</strong></span> <span class='ocrx_word' id='word_1_287' title='bbox 1612 3298 1781 3374; x_wconf 80' lang='lat' dir='ltr'><strong>circumagi,</strong></span> <span class='ocrx_word' id='word_1_288' title='bbox 1804 3297 1861 3357; x_wconf 84' lang='lat' dir='ltr'><strong>nisi</strong></span> 
     </span>
     <span class='ocr_line' id='line_1_30' title="bbox 500 3382 1859 3459; baseline 0 -15"><span class='ocrx_word' id='word_1_289' title='bbox 500 3384 622 3444; x_wconf 89' lang='lat' dir='ltr'><strong>horizon</strong></span> <span class='ocrx_word' id='word_1_290' title='bbox 665 3385 843 3443; x_wconf 85' lang='lat' dir='ltr'><strong>extrinsecus</strong></span> <span class='ocrx_word' id='word_1_291' title='bbox 885 3382 1126 3459; x_wconf 88' lang='lat' dir='ltr'><strong>complecteretur</strong></span> <span class='ocrx_word' id='word_1_292' title='bbox 1162 3391 1396 3459; x_wconf 86' lang='lat' dir='ltr'><strong>sustentaretque</strong></span> <span class='ocrx_word' id='word_1_293' title='bbox 1433 3383 1642 3456; x_wconf 90' lang='lat' dir='ltr'><strong>meridianum,</strong></span> <span class='ocrx_word' id='word_1_294' title='bbox 1679 3384 1859 3444; x_wconf 88' lang='lat' dir='ltr'><strong>meridianus</strong></span> 
     </span>
     <span class='ocr_line' id='line_1_31' title="bbox 500 3470 1856 3548; baseline 0 -17"><span class='ocrx_word' id='word_1_295' title='bbox 500 3470 671 3548; x_wconf 83' lang='lat' dir='ltr'><strong>sphaeram3</strong></span> <span class='ocrx_word' id='word_1_296' title='bbox 701 3478 828 3530; x_wconf 89' lang='lat' dir='ltr'><strong>eetemnr</strong></span> <span class='ocrx_word' id='word_1_297' title='bbox 851 3488 909 3528; x_wconf 91' lang='lat' dir='ltr'><strong>non</strong></span> <span class='ocrx_word' id='word_1_298' title='bbox 934 3479 996 3529; x_wconf 93' lang='lat' dir='ltr'><strong>tota</strong></span> <span class='ocrx_word' id='word_1_299' title='bbox 1019 3470 1197 3530; x_wconf 88' lang='lat' dir='ltr'><strong>armillarum</strong></span> <span class='ocrx_word' id='word_1_300' title='bbox 1229 3470 1331 3529; x_wconf 91' lang='lat' dir='ltr'><strong>harum</strong></span> <span class='ocrx_word' id='word_1_301' title='bbox 1354 3471 1536 3548; x_wconf 85' lang='lat' dir='ltr'><strong>superficies,</strong></span> <span class='ocrx_word' id='word_1_302' title='bbox 1568 3470 1620 3530; x_wconf 92' lang='lat' dir='ltr'><strong>sed</strong></span> <span class='ocrx_word' id='word_1_303' title='bbox 1651 3471 1856 3532; x_wconf 92' lang='lat' dir='ltr'><strong>tantummodo</strong></span> 
     </span>
     <span class='ocr_line' id='line_1_32' title="bbox 499 3557 1861 3634; baseline 0.001 -17"><span class='ocrx_word' id='word_1_304' title='bbox 499 3561 619 3618; x_wconf 86' lang='lat' dir='ltr'><strong>intimus</strong></span> <span class='ocrx_word' id='word_1_305' title='bbox 642 3557 802 3616; x_wconf 87' lang='lat' dir='ltr'><strong>horizontis</strong></span> <span class='ocrx_word' id='word_1_306' title='bbox 825 3566 854 3616; x_wconf 91' lang='lat' dir='ltr'><strong>et</strong></span> <span class='ocrx_word' id='word_1_307' title='bbox 876 3558 1038 3631; x_wconf 88' lang='lat' dir='ltr'><strong>meridiani,</strong></span> <span class='ocrx_word' id='word_1_308' title='bbox 1067 3560 1192 3618; x_wconf 84' lang='lat' dir='ltr'><strong>extimus</strong></span> <span class='ocrx_word' id='word_1_309' title='bbox 1216 3575 1285 3617; x_wconf 81' lang='lat' dir='ltr'><strong>vero</strong></span> <span class='ocrx_word' id='word_1_310' title='bbox 1308 3558 1484 3634; x_wconf 86' lang='lat' dir='ltr'><strong>reliquorum</strong></span> <span class='ocrx_word' id='word_1_311' title='bbox 1508 3559 1604 3630; x_wconf 89' lang='lat' dir='ltr'><strong>orbis,</strong></span> <span class='ocrx_word' id='word_1_312' title='bbox 1629 3576 1735 3619; x_wconf 91' lang='lat' dir='ltr'><strong>nomeu</strong></span> <span class='ocrx_word' id='word_1_313' title='bbox 1760 3559 1861 3620; x_wconf 89' lang='lat' dir='ltr'><strong>circuli</strong></span> 
     </span>
     <span class='ocr_line' id='line_1_33' title="bbox 499 3644 1861 3721; baseline 0.001 -17"><span class='ocrx_word' id='word_1_314' title='bbox 499 3647 546 3704; x_wconf 89' lang='lat' dir='ltr'><strong>sui</strong></span> <span class='ocrx_word' id='word_1_315' title='bbox 576 3647 700 3704; x_wconf 88' lang='lat' dir='ltr'><strong>sustinet</strong></span> <span class='ocrx_word' id='word_1_316' title='bbox 730 3645 886 3721; x_wconf 83' lang='lat' dir='ltr'><strong>officioque</strong></span> <span class='ocrx_word' id='word_1_317' title='bbox 918 3646 981 3721; x_wconf 90' lang='lat' dir='ltr'><strong>ejus</strong></span> <span class='ocrx_word' id='word_1_318' title='bbox 1014 3646 1151 3721; x_wconf 83' lang='lat' dir='ltr'><strong>iungitur.</strong></span> <span class='ocrx_word' id='word_1_319' title='bbox 1199 3644 1243 3704; x_wconf 82' lang='lat' dir='ltr'><strong>Ae</strong></span> <span class='ocrx_word' id='word_1_320' title='bbox 1270 3647 1324 3704; x_wconf 87' lang='lat' dir='ltr'><strong>etsi</strong></span> <span class='ocrx_word' id='word_1_321' title='bbox 1359 3648 1476 3705; x_wconf 90' lang='lat' dir='ltr'><strong>intimus</strong></span> <span class='ocrx_word' id='word_1_322' title='bbox 1507 3648 1681 3706; x_wconf 81' lang='lat' dir='ltr'><strong>exteriorum</strong></span> <span class='ocrx_word' id='word_1_323' title='bbox 1704 3645 1794 3706; x_wconf 88' lang='lat' dir='ltr'><strong>latior</strong></span> <span class='ocrx_word' id='word_1_324' title='bbox 1816 3655 1861 3706; x_wconf 81' lang='lat' dir='ltr'><strong>est</strong></span> 
     </span>
     <span class='ocr_line' id='line_1_34' title="bbox 501 3730 1861 3805; baseline -0.001 -11"><span class='ocrx_word' id='word_1_325' title='bbox 501 3735 661 3794; x_wconf 90' lang='lat' dir='ltr'><strong>etiamnum</strong></span> <span class='ocrx_word' id='word_1_326' title='bbox 684 3734 792 3790; x_wconf 85' lang='lat' dir='ltr'><strong>extimo</strong></span> <span class='ocrx_word' id='word_1_327' title='bbox 817 3731 988 3791; x_wconf 90' lang='lat' dir='ltr'><strong>circulomm</strong></span> <span class='ocrx_word' id='word_1_328' title='bbox 1012 3735 1179 3793; x_wconf 87' lang='lat' dir='ltr'><strong>interiorum</strong></span> <span class='ocrx_word' id='word_1_329' title='bbox 1204 3734 1289 3805; x_wconf 92' lang='lat' dir='ltr'><strong>orbe,</strong></span> <span class='ocrx_word' id='word_1_330' title='bbox 1321 3730 1351 3789; x_wconf 91' lang='lat' dir='ltr'><strong>id</strong></span> <span class='ocrx_word' id='word_1_331' title='bbox 1374 3742 1471 3792; x_wconf 90' lang='lat' dir='ltr'><strong>tamen</strong></span> <span class='ocrx_word' id='word_1_332' title='bbox 1494 3751 1606 3792; x_wconf 87' lang='lat' dir='ltr'><strong>rursum</strong></span> <span class='ocrx_word' id='word_1_333' title='bbox 1630 3735 1662 3791; x_wconf 89' lang='lat' dir='ltr'><strong>lit</strong></span> <span class='ocrx_word' id='word_1_334' title='bbox 1685 3741 1800 3793; x_wconf 91' lang='lat' dir='ltr'><strong>tantum</strong></span> <span class='ocrx_word' id='word_1_335' title='bbox 1823 3733 1861 3794; x_wconf 85' lang='lat' dir='ltr'><strong>ad</strong></span> 
     </span>
     <span class='ocr_line' id='line_1_35' title="bbox 499 3815 1860 3897; baseline 0.002 -19"><span class='ocrx_word' id='word_1_336' title='bbox 499 3819 701 3881; x_wconf 80' lang='lat' dir='ltr'><strong>facilitandum</strong></span> <span class='ocrx_word' id='word_1_337' title='bbox 724 3827 835 3879; x_wconf 91' lang='lat' dir='ltr'><strong>motum</strong></span> <span class='ocrx_word' id='word_1_338' title='bbox 859 3819 1015 3896; x_wconf 91' lang='lat' dir='ltr'><strong>sphaerae,</strong></span> <span class='ocrx_word' id='word_1_339' title='bbox 1045 3815 1157 3880; x_wconf 87' lang='lat' dir='ltr'><strong>ratione</strong></span> <span class='ocrx_word' id='word_1_340' title='bbox 1182 3837 1250 3878; x_wconf 87' lang='lat' dir='ltr'><strong>vero</strong></span> <span class='ocrx_word' id='word_1_341' title='bbox 1273 3819 1463 3896; x_wconf 81' lang='lat' dir='ltr'><strong>intelligitur,</strong></span> <span class='ocrx_word' id='word_1_342' title='bbox 1492 3820 1633 3897; x_wconf 81' lang='lat' dir='ltr'><strong>aequales</strong></span> <span class='ocrx_word' id='word_1_343' title='bbox 1656 3838 1720 3882; x_wconf 88' lang='lat' dir='ltr'><strong>esse</strong></span> <span class='ocrx_word' id='word_1_344' title='bbox 1743 3820 1860 3891; x_wconf 86' lang='lat' dir='ltr'><strong>debere,</strong></span> 
     </span>
     <span class='ocr_line' id='line_1_36' title="bbox 499 3908 1861 3993; baseline 0.002 -25"><span class='ocrx_word' id='word_1_345' title='bbox 499 3911 608 3988; x_wconf 87' lang='lat' dir='ltr'><strong>quippo</strong></span> <span class='ocrx_word' id='word_1_346' title='bbox 631 3909 681 3985; x_wconf 89' lang='lat' dir='ltr'><strong>qui</strong></span> <span class='ocrx_word' id='word_1_347' title='bbox 705 3924 736 3967; x_wconf 88' lang='lat' dir='ltr'><strong>se</strong></span> <span class='ocrx_word' id='word_1_348' title='bbox 760 3915 861 3967; x_wconf 92' lang='lat' dir='ltr'><strong>mutuo</strong></span> <span class='ocrx_word' id='word_1_349' title='bbox 878 3917 996 3984; x_wconf 81' lang='lat' dir='ltr'><strong>tangere</strong></span> <span class='ocrx_word' id='word_1_350' title='bbox 1020 3908 1185 3993; x_wconf 83' lang='lat' dir='ltr'><strong>debebant3</strong></span> <span class='ocrx_word' id='word_1_351' title='bbox 1210 3924 1286 3983; x_wconf 89' lang='lat' dir='ltr'><strong>qnae</strong></span> <span class='ocrx_word' id='word_1_352' title='bbox 1310 3924 1379 3966; x_wconf 85' lang='lat' dir='ltr'><strong>vero</strong></span> <span class='ocrx_word' id='word_1_353' title='bbox 1403 3926 1435 3968; x_wconf 89' lang='lat' dir='ltr'><strong>sc</strong></span> <span class='ocrx_word' id='word_1_354' title='bbox 1458 3917 1559 3968; x_wconf 90' lang='lat' dir='ltr'><strong>mutuo</strong></span> <span class='ocrx_word' id='word_1_355' title='bbox 1575 3917 1708 3984; x_wconf 78' lang='lat' dir='ltr'><strong>tangunt,</strong></span> <span class='ocrx_word' id='word_1_356' title='bbox 1732 3927 1769 3970; x_wconf 90' lang='lat' dir='ltr'><strong>ea</strong></span> <span class='ocrx_word' id='word_1_357' title='bbox 1786 3927 1861 3988; x_wconf 76' lang='lat' dir='ltr'><strong>geo·</strong></span> 
     </span>
     <span class='ocr_line' id='line_1_37' title="bbox 500 3994 1143 4072; baseline -0.008 -15"><span class='ocrx_word' id='word_1_358' title='bbox 500 3998 617 4057; x_wconf 88' lang='lat' dir='ltr'><strong>metrice</strong></span> <span class='ocrx_word' id='word_1_359' title='bbox 641 3994 740 4072; x_wconf 83' lang='lat' dir='ltr'><strong>quood</strong></span> <span class='ocrx_word' id='word_1_360' title='bbox 763 4003 929 4055; x_wconf 91' lang='lat' dir='ltr'><strong>contactum</strong></span> <span class='ocrx_word' id='word_1_361' title='bbox 952 4004 1021 4054; x_wconf 90' lang='lat' dir='ltr'><strong>sunt</strong></span> <span class='ocrx_word' id='word_1_362' title='bbox 1043 4013 1143 4054; x_wconf 90' lang='lat' dir='ltr'><strong>unum.</strong></span> 
     </span>
    </p>

    <p class='ocr_par' dir='ltr' id='par_1_9' title="bbox 473 4081 1861 4773">
     <span class='ocr_line' id='line_1_38' title="bbox 590 4081 1860 4161; baseline 0.002 -20"><span class='ocrx_word' id='word_1_363' title='bbox 590 4084 673 4161; x_wconf 83' lang='lat' dir='ltr'><strong>Quid</strong></span> <span class='ocrx_word' id='word_1_364' title='bbox 699 4087 864 4160; x_wconf 81' lang='lat' dir='ltr'><strong>praecipue</strong></span> <span class='ocrx_word' id='word_1_365' title='bbox 893 4085 1012 4143; x_wconf 76' lang='lat' dir='ltr'><strong>circuito</strong></span> <span class='ocrx_word' id='word_1_366' title='bbox 1040 4084 1187 4159; x_wconf 75' lang='lat' dir='ltr'><strong>sphaerae</strong></span> <span class='ocrx_word' id='word_1_367' title='bbox 1215 4081 1325 4140; x_wconf 86' lang='lat' dir='ltr'><strong>accidit</strong></span> <span class='ocrx_word' id='word_1_368' title='bbox 1353 4085 1431 4140; x_wconf 83' lang='lat' dir='ltr'><strong>inter</strong></span> <span class='ocrx_word' id='word_1_369' title='bbox 1461 4101 1490 4140; x_wconf 79' lang='lat' dir='ltr'><strong>rr</strong></span> <span class='ocrx_word' id='word_1_370' title='bbox 1513 4086 1697 4159; x_wconf 83' lang='lat' dir='ltr'><strong>comparatis</strong></span> <span class='ocrx_word' id='word_1_371' title='bbox 1724 4092 1860 4159; x_wconf 74' lang='lat' dir='ltr'><strong>respectu</strong></span> 
     </span>
     <span class='ocr_line' id='line_1_39' title="bbox 500 4169 1859 4248; baseline -0.001 -17"><span class='ocrx_word' id='word_1_372' title='bbox 500 4173 591 4245; x_wconf 73' lang='lat' dir='ltr'><strong>trojus</strong></span> <span class='ocrx_word' id='word_1_373' title='bbox 619 4171 839 4231; x_wconf 72' lang='lat' dir='ltr'><strong>dictinctionis?</strong></span> <span class='ocrx_word' id='word_1_374' title='bbox 866 4171 939 4230; x_wconf 88' lang='lat' dir='ltr'><strong>Cum</strong></span> <span class='ocrx_word' id='word_1_375' title='bbox 962 4170 1051 4248; x_wconf 93' lang='lat' dir='ltr'><strong>plana</strong></span> <span class='ocrx_word' id='word_1_376' title='bbox 1081 4170 1253 4229; x_wconf 90' lang='lat' dir='ltr'><strong>circulorum</strong></span> <span class='ocrx_word' id='word_1_377' title='bbox 1276 4169 1418 4245; x_wconf 82' lang='lat' dir='ltr'><strong>sphaerae</strong></span> <span class='ocrx_word' id='word_1_378' title='bbox 1442 4179 1494 4229; x_wconf 92' lang='lat' dir='ltr'><strong>aut</strong></span> <span class='ocrx_word' id='word_1_379' title='bbox 1516 4178 1689 4230; x_wconf 89' lang='lat' dir='ltr'><strong>concurrant</strong></span> <span class='ocrx_word' id='word_1_380' title='bbox 1711 4172 1788 4230; x_wconf 89' lang='lat' dir='ltr'><strong>iutra</strong></span> <span class='ocrx_word' id='word_1_381' title='bbox 1812 4171 1859 4231; x_wconf 83' lang='lat' dir='ltr'><strong>vel</strong></span> 
     </span>
     <span class='ocr_line' id='line_1_40' title="bbox 473 4257 1861 4343; baseline -0.001 -23"><span class='ocrx_word' id='word_1_382' title='bbox 473 4333 479 4343; x_wconf 86' lang='lat'>.</span> <span class='ocrx_word' id='word_1_383' title='bbox 501 4267 584 4320; x_wconf 84' lang='lat' dir='ltr'><strong>extra</strong></span> <span class='ocrx_word' id='word_1_384' title='bbox 613 4258 766 4334; x_wconf 80' lang='lat' dir='ltr'><strong>sphaeram</strong></span> <span class='ocrx_word' id='word_1_385' title='bbox 790 4276 882 4335; x_wconf 89' lang='lat' dir='ltr'><strong>seque</strong></span> <span class='ocrx_word' id='word_1_386' title='bbox 905 4266 1005 4317; x_wconf 91' lang='lat' dir='ltr'><strong>mutuo</strong></span> <span class='ocrx_word' id='word_1_387' title='bbox 1028 4267 1143 4330; x_wconf 87' lang='lat' dir='ltr'><strong>secent,</strong></span> <span class='ocrx_word' id='word_1_388' title='bbox 1168 4264 1299 4315; x_wconf 89' lang='lat' dir='ltr'><strong>autnon</strong></span> <span class='ocrx_word' id='word_1_389' title='bbox 1325 4267 1509 4330; x_wconf 88' lang='lat' dir='ltr'><strong>concurrant,</strong></span> <span class='ocrx_word' id='word_1_390' title='bbox 1538 4258 1589 4317; x_wconf 89' lang='lat' dir='ltr'><strong>sed</strong></span> <span class='ocrx_word' id='word_1_391' title='bbox 1613 4257 1756 4334; x_wconf 88' lang='lat' dir='ltr'><strong>parallela</strong></span> <span class='ocrx_word' id='word_1_392' title='bbox 1780 4261 1861 4319; x_wconf 85' lang='lat' dir='ltr'><strong>inre·</strong></span> 
     </span>
     <span class='ocr_line' id='line_1_41' title="bbox 500 4343 1859 4423; baseline 0 -17"><span class='ocrx_word' id='word_1_393' title='bbox 500 4344 584 4406; x_wconf 89' lang='lat' dir='ltr'><strong>dant:</strong></span> <span class='ocrx_word' id='word_1_394' title='bbox 607 4346 636 4402; x_wconf 93' lang='lat' dir='ltr'><strong>iu</strong></span> <span class='ocrx_word' id='word_1_395' title='bbox 661 4346 775 4406; x_wconf 90' lang='lat' dir='ltr'><strong>circulis</strong></span> <span class='ocrx_word' id='word_1_396' title='bbox 798 4346 917 4422; x_wconf 85' lang='lat' dir='ltr'><strong>quidem</strong></span> <span class='ocrx_word' id='word_1_397' title='bbox 939 4346 1099 4404; x_wconf 90' lang='lat' dir='ltr'><strong>minorihus</strong></span> <span class='ocrx_word' id='word_1_398' title='bbox 1124 4347 1282 4404; x_wconf 88' lang='lat' dir='ltr'><strong>astronomi</strong></span> <span class='ocrx_word' id='word_1_399' title='bbox 1305 4343 1459 4420; x_wconf 86' lang='lat' dir='ltr'><strong>diligenter</strong></span> <span class='ocrx_word' id='word_1_400' title='bbox 1479 4344 1662 4405; x_wconf 88' lang='lat' dir='ltr'><strong>considerant</strong></span> <span class='ocrx_word' id='word_1_401' title='bbox 1684 4345 1859 4423; x_wconf 87' lang='lat' dir='ltr'><strong>parallelum</strong></span> 
     </span>
     <span class='ocr_line' id='line_1_42' title="bbox 500 4433 1861 4512; baseline 0.001 -19"><span class='ocrx_word' id='word_1_402' title='bbox 500 4435 598 4504; x_wconf 90' lang='lat' dir='ltr'><strong>situm,</strong></span> <span class='ocrx_word' id='word_1_403' title='bbox 622 4434 651 4490; x_wconf 91' lang='lat' dir='ltr'><strong>iu</strong></span> <span class='ocrx_word' id='word_1_404' title='bbox 674 4436 808 4493; x_wconf 83' lang='lat' dir='ltr'><strong>maximis</strong></span> <span class='ocrx_word' id='word_1_405' title='bbox 832 4451 902 4494; x_wconf 89' lang='lat' dir='ltr'><strong>vero</strong></span> <span class='ocrx_word' id='word_1_406' title='bbox 925 4441 1056 4491; x_wconf 91' lang='lat' dir='ltr'><strong>mutuam</strong></span> <span class='ocrx_word' id='word_1_407' title='bbox 1080 4450 1180 4492; x_wconf 89' lang='lat' dir='ltr'><strong>eorum</strong></span> <span class='ocrx_word' id='word_1_408' title='bbox 1202 4435 1372 4493; x_wconf 88' lang='lat' dir='ltr'><strong>sectionem.</strong></span> <span class='ocrx_word' id='word_1_409' title='bbox 1418 4433 1493 4492; x_wconf 89' lang='lat' dir='ltr'><strong>Nam</strong></span> <span class='ocrx_word' id='word_1_410' title='bbox 1517 4434 1634 4491; x_wconf 80' lang='lat' dir='ltr'><strong>maximi</strong></span> <span class='ocrx_word' id='word_1_411' title='bbox 1651 4435 1726 4492; x_wconf 90' lang='lat' dir='ltr'><strong>inter</strong></span> <span class='ocrx_word' id='word_1_412' title='bbox 1749 4450 1782 4494; x_wconf 86' lang='lat' dir='ltr'><strong>se</strong></span> <span class='ocrx_word' id='word_1_413' title='bbox 1804 4451 1861 4512; x_wconf 82' lang='lat' dir='ltr'><strong>pa·</strong></span> 
     </span>
     <span class='ocr_line' id='line_1_43' title="bbox 499 4519 1858 4601; baseline 0.002 -22"><span class='ocrx_word' id='word_1_414' title='bbox 499 4519 593 4580; x_wconf 87' lang='lat' dir='ltr'><strong>railali</strong></span> <span class='ocrx_word' id='word_1_415' title='bbox 616 4537 680 4580; x_wconf 91' lang='lat' dir='ltr'><strong>esse</strong></span> <span class='ocrx_word' id='word_1_416' title='bbox 704 4538 761 4579; x_wconf 92' lang='lat' dir='ltr'><strong>non</strong></span> <span class='ocrx_word' id='word_1_417' title='bbox 780 4529 911 4601; x_wconf 91' lang='lat' dir='ltr'><strong>possunt,</strong></span> <span class='ocrx_word' id='word_1_418' title='bbox 935 4521 987 4580; x_wconf 90' lang='lat' dir='ltr'><strong>sed</strong></span> <span class='ocrx_word' id='word_1_419' title='bbox 1010 4529 1060 4580; x_wconf 90' lang='lat' dir='ltr'><strong>aut</strong></span> <span class='ocrx_word' id='word_1_420' title='bbox 1078 4520 1246 4580; x_wconf 90' lang='lat' dir='ltr'><strong>coincidunt</strong></span> <span class='ocrx_word' id='word_1_421' title='bbox 1267 4528 1319 4579; x_wconf 88' lang='lat' dir='ltr'><strong>aut</strong></span> <span class='ocrx_word' id='word_1_422' title='bbox 1333 4539 1365 4580; x_wconf 89' lang='lat' dir='ltr'><strong>sa</strong></span> <span class='ocrx_word' id='word_1_423' title='bbox 1388 4529 1490 4580; x_wconf 91' lang='lat' dir='ltr'><strong>mutuo</strong></span> <span class='ocrx_word' id='word_1_424' title='bbox 1507 4529 1620 4593; x_wconf 79' lang='lat' dir='ltr'><strong>secant3</strong></span> <span class='ocrx_word' id='word_1_425' title='bbox 1644 4522 1774 4581; x_wconf 88' lang='lat' dir='ltr'><strong>minores</strong></span> <span class='ocrx_word' id='word_1_426' title='bbox 1789 4538 1858 4583; x_wconf 83' lang='lat' dir='ltr'><strong>rere</strong></span> 
     </span>
     <span class='ocr_line' id='line_1_44' title="bbox 500 4607 1858 4685; baseline -0.001 -17"><span class='ocrx_word' id='word_1_427' title='bbox 500 4609 554 4668; x_wconf 89' lang='lat' dir='ltr'><strong>etsi</strong></span> <span class='ocrx_word' id='word_1_428' title='bbox 577 4623 635 4666; x_wconf 92' lang='lat' dir='ltr'><strong>non</strong></span> <span class='ocrx_word' id='word_1_429' title='bbox 658 4610 717 4667; x_wconf 89' lang='lat' dir='ltr'><strong>aiut</strong></span> <span class='ocrx_word' id='word_1_430' title='bbox 736 4607 868 4685; x_wconf 90' lang='lat' dir='ltr'><strong>paralleli</strong></span> <span class='ocrx_word' id='word_1_431' title='bbox 892 4611 967 4669; x_wconf 90' lang='lat' dir='ltr'><strong>inter</strong></span> <span class='ocrx_word' id='word_1_432' title='bbox 989 4627 1037 4679; x_wconf 79' lang='lat' dir='ltr'><strong>se,</strong></span> <span class='ocrx_word' id='word_1_433' title='bbox 1070 4611 1098 4667; x_wconf 89' lang='lat' dir='ltr'><strong>in</strong></span> <span class='ocrx_word' id='word_1_434' title='bbox 1121 4609 1273 4685; x_wconf 90' lang='lat' dir='ltr'><strong>supertieie</strong></span> <span class='ocrx_word' id='word_1_435' title='bbox 1297 4616 1392 4667; x_wconf 88' lang='lat' dir='ltr'><strong>tamon</strong></span> <span class='ocrx_word' id='word_1_436' title='bbox 1416 4609 1557 4685; x_wconf 87' lang='lat' dir='ltr'><strong>sphaerae</strong></span> <span class='ocrx_word' id='word_1_437' title='bbox 1581 4625 1646 4668; x_wconf 89' lang='lat' dir='ltr'><strong>sese</strong></span> <span class='ocrx_word' id='word_1_438' title='bbox 1671 4617 1777 4669; x_wconf 91' lang='lat' dir='ltr'><strong>mutuo</strong></span> <span class='ocrx_word' id='word_1_439' title='bbox 1800 4626 1858 4668; x_wconf 93' lang='lat' dir='ltr'><strong>non</strong></span> 
     </span>
     <span class='ocr_line' id='line_1_45' title="bbox 500 4696 1466 4773; baseline -0.001 -16"><span class='ocrx_word' id='word_1_440' title='bbox 500 4712 614 4773; x_wconf 88' lang='lat' dir='ltr'><strong>semper</strong></span> <span class='ocrx_word' id='word_1_441' title='bbox 636 4704 751 4771; x_wconf 75' lang='lat' dir='ltr'><strong>secant,</strong></span> <span class='ocrx_word' id='word_1_442' title='bbox 774 4715 827 4758; x_wconf 91' lang='lat' dir='ltr'><strong>nec</strong></span> <span class='ocrx_word' id='word_1_443' title='bbox 850 4714 972 4773; x_wconf 87' lang='lat' dir='ltr'><strong>magnus</strong></span> <span class='ocrx_word' id='word_1_444' title='bbox 995 4699 1157 4757; x_wconf 87' lang='lat' dir='ltr'><strong>sectionum</strong></span> <span class='ocrx_word' id='word_1_445' title='bbox 1181 4696 1296 4755; x_wconf 87' lang='lat' dir='ltr'><strong>illarum</strong></span> <span class='ocrx_word' id='word_1_446' title='bbox 1320 4702 1364 4755; x_wconf 90' lang='lat' dir='ltr'><strong>est</strong></span> <span class='ocrx_word' id='word_1_447' title='bbox 1387 4714 1466 4757; x_wconf 86' lang='lat' dir='ltr'><strong>usus.</strong></span> 
     </span>
    </p>

    <p class='ocr_par' dir='ltr' id='par_1_10' title="bbox 500 4783 1860 5123">
     <span class='ocr_line' id='line_1_46' title="bbox 589 4783 1857 4860; baseline 0.001 -18"><span class='ocrx_word' id='word_1_448' title='bbox 589 4783 664 4860; x_wconf 82' lang='lat' dir='ltr'><strong>Quia</strong></span> <span class='ocrx_word' id='word_1_449' title='bbox 693 4787 788 4860; x_wconf 76' lang='lat' dir='ltr'><strong>rpitzr</strong></span> <span class='ocrx_word' id='word_1_450' title='bbox 817 4789 983 4845; x_wconf 74' lang='lat' dir='ltr'><strong>sectionum</strong></span> <span class='ocrx_word' id='word_1_451' title='bbox 1016 4788 1094 4843; x_wconf 79' lang='lat' dir='ltr'><strong>inter</strong></span> <span class='ocrx_word' id='word_1_452' title='bbox 1124 4802 1153 4843; x_wconf 84' lang='lat' dir='ltr'><strong>re</strong></span> <span class='ocrx_word' id='word_1_453' title='bbox 1179 4786 1387 4843; x_wconf 80' lang='lat' dir='ltr'><strong>marimorum</strong></span> <span class='ocrx_word' id='word_1_454' title='bbox 1417 4792 1459 4842; x_wconf 86' lang='lat' dir='ltr'><strong>est</strong></span> <span class='ocrx_word' id='word_1_455' title='bbox 1488 4785 1584 4842; x_wconf 76' lang='lat' dir='ltr'><strong>nsua?</strong></span> <span class='ocrx_word' id='word_1_456' title='bbox 1617 4783 1706 4843; x_wconf 88' lang='lat' dir='ltr'><strong>Terni</strong></span> <span class='ocrx_word' id='word_1_457' title='bbox 1736 4786 1857 4844; x_wconf 83' lang='lat' dir='ltr'><strong>maximi</strong></span> 
     </span>
     <span class='ocr_line' id='line_1_47' title="bbox 500 4870 1860 4949; baseline 0 -17"><span class='ocrx_word' id='word_1_458' title='bbox 500 4873 680 4932; x_wconf 86' lang='lat' dir='ltr'><strong>constituunt</strong></span> <span class='ocrx_word' id='word_1_459' title='bbox 703 4871 885 4949; x_wconf 85' lang='lat' dir='ltr'><strong>sphaericum</strong></span> <span class='ocrx_word' id='word_1_460' title='bbox 910 4871 1101 4948; x_wconf 84' lang='lat' dir='ltr'><strong>triangulum,</strong></span> <span class='ocrx_word' id='word_1_461' title='bbox 1126 4872 1187 4931; x_wconf 90' lang='lat' dir='ltr'><strong>bini</strong></span> <span class='ocrx_word' id='word_1_462' title='bbox 1209 4872 1393 4948; x_wconf 87' lang='lat' dir='ltr'><strong>sphaericum</strong></span> <span class='ocrx_word' id='word_1_463' title='bbox 1415 4870 1572 4945; x_wconf 79' lang='lat' dir='ltr'><strong>angulum3</strong></span> <span class='ocrx_word' id='word_1_464' title='bbox 1603 4874 1632 4928; x_wconf 87' lang='lat' dir='ltr'><strong>in</strong></span> <span class='ocrx_word' id='word_1_465' title='bbox 1656 4872 1702 4930; x_wconf 88' lang='lat' dir='ltr'><strong>his</strong></span> <span class='ocrx_word' id='word_1_466' title='bbox 1726 4881 1860 4932; x_wconf 73' lang='lat' dir='ltr'><strong>vomatur</strong></span> 
     </span>
     <span class='ocr_line' id='line_1_48' title="bbox 500 4958 1857 5037; baseline 0.001 -18"><span class='ocrx_word' id='word_1_467' title='bbox 500 4958 631 5019; x_wconf 89' lang='lat' dir='ltr'><strong>doctrina</strong></span> <span class='ocrx_word' id='word_1_468' title='bbox 652 4959 871 5035; x_wconf 84' lang='lat' dir='ltr'><strong>triangulorum,</strong></span> <span class='ocrx_word' id='word_1_469' title='bbox 896 4979 955 5037; x_wconf 86' lang='lat' dir='ltr'><strong>qua</strong></span> <span class='ocrx_word' id='word_1_470' title='bbox 979 4977 1078 5021; x_wconf 89' lang='lat' dir='ltr'><strong>omnes</strong></span> <span class='ocrx_word' id='word_1_471' title='bbox 1101 4962 1185 5036; x_wconf 87' lang='lat' dir='ltr'><strong>primi</strong></span> <span class='ocrx_word' id='word_1_472' title='bbox 1210 4967 1306 5018; x_wconf 90' lang='lat' dir='ltr'><strong>motus</strong></span> <span class='ocrx_word' id='word_1_473' title='bbox 1328 4962 1457 5018; x_wconf 84' lang='lat' dir='ltr'><strong>rationes</strong></span> <span class='ocrx_word' id='word_1_474' title='bbox 1481 4961 1679 5032; x_wconf 89' lang='lat' dir='ltr'><strong>continentur,</strong></span> <span class='ocrx_word' id='word_1_475' title='bbox 1704 4959 1857 5036; x_wconf 80' lang='lat' dir='ltr'><strong>explican-</strong></span> 
     </span>
     <span class='ocr_line' id='line_1_49' title="bbox 502 5048 999 5123; baseline 0.002 -18"><span class='ocrx_word' id='word_1_476' title='bbox 502 5054 548 5106; x_wconf 90' lang='lat' dir='ltr'><strong>tur</strong></span> <span class='ocrx_word' id='word_1_477' title='bbox 572 5050 659 5123; x_wconf 89' lang='lat' dir='ltr'><strong>inque</strong></span> <span class='ocrx_word' id='word_1_478' title='bbox 683 5063 767 5105; x_wconf 89' lang='lat' dir='ltr'><strong>usum</strong></span> <span class='ocrx_word' id='word_1_479' title='bbox 791 5048 999 5123; x_wconf 88' lang='lat' dir='ltr'><strong>producuntur.</strong></span> 
     </span>
    </p>

    <p class='ocr_par' dir='ltr' id='par_1_11' title="bbox 499 5133 1857 5302">
     <span class='ocr_line' id='line_1_50' title="bbox 589 5133 1857 5212; baseline 0 -17"><span class='ocrx_word' id='word_1_480' title='bbox 589 5135 669 5212; x_wconf 81' lang='lat' dir='ltr'><strong>Quot</strong></span> <span class='ocrx_word' id='word_1_481' title='bbox 691 5151 738 5193; x_wconf 86' lang='lat' dir='ltr'><strong>rea</strong></span> <span class='ocrx_word' id='word_1_482' title='bbox 759 5136 991 5195; x_wconf 69' lang='lat' dir='ltr'><strong>conciderentur</strong></span> <span class='ocrx_word' id='word_1_483' title='bbox 1013 5137 1046 5192; x_wconf 84' lang='lat' dir='ltr'><strong>in</strong></span> <span class='ocrx_word' id='word_1_484' title='bbox 1068 5152 1252 5212; x_wconf 78' lang='lat' dir='ltr'><strong>unoquoque</strong></span> <span class='ocrx_word' id='word_1_485' title='bbox 1282 5134 1439 5211; x_wconf 75' lang='lat' dir='ltr'><strong>trinupulo</strong></span> <span class='ocrx_word' id='word_1_486' title='bbox 1468 5133 1648 5209; x_wconf 79' lang='lat' dir='ltr'><strong>ephocrioo?</strong></span> <span class='ocrx_word' id='word_1_487' title='bbox 1694 5133 1770 5195; x_wconf 83' lang='lat' dir='ltr'><strong>Sex:</strong></span> <span class='ocrx_word' id='word_1_488' title='bbox 1802 5136 1857 5195; x_wconf 80' lang='lat' dir='ltr'><strong>tria</strong></span> 
     </span>
     <span class='ocr_line' id='line_1_51' title="bbox 499 5219 1574 5302; baseline 0.003 -21"><span class='ocrx_word' id='word_1_489' title='bbox 499 5219 603 5298; x_wconf 80' lang='lat' dir='ltr'><strong>latera,</strong></span> <span class='ocrx_word' id='word_1_490' title='bbox 627 5224 715 5284; x_wconf 86' lang='lat' dir='ltr'><strong>trinu</strong></span> <span class='ocrx_word' id='word_1_491' title='bbox 738 5238 779 5286; x_wconf 88' lang='lat' dir='ltr'><strong>sc.</strong></span> <span class='ocrx_word' id='word_1_492' title='bbox 804 5221 976 5286; x_wconf 76' lang='lat' dir='ltr'><strong>cuculorum</strong></span> <span class='ocrx_word' id='word_1_493' title='bbox 998 5224 1191 5290; x_wconf 66' lang='lat' dir='ltr'><strong>mammarum</strong></span> <span class='ocrx_word' id='word_1_494' title='bbox 1212 5237 1308 5300; x_wconf 73' lang='lat' dir='ltr'><strong>mous,</strong></span> <span class='ocrx_word' id='word_1_495' title='bbox 1330 5229 1362 5285; x_wconf 83' lang='lat' dir='ltr'><strong>ot</strong></span> <span class='ocrx_word' id='word_1_496' title='bbox 1381 5227 1442 5284; x_wconf 84' lang='lat' dir='ltr'><strong>tres</strong></span> <span class='ocrx_word' id='word_1_497' title='bbox 1464 5221 1574 5302; x_wconf 75' lang='lat' dir='ltr'><strong>angult.</strong></span> 
     </span>
    </p>
   </div>
   <div class='ocr_carea' id='block_1_5' title="bbox 0 0 2246 6275">
    <p class='ocr_par' dir='ltr' id='par_1_12' title="bbox 0 0 2246 6275">
     <span class='ocr_line' id='line_1_52' title="bbox 0 0 2246 6275; baseline 0 0"><span class='ocrx_word' id='word_1_498' title='bbox 0 0 2246 6275; x_wconf 95' lang='lat' dir='ltr'><strong> </strong></span> 
     </span>
    </p>
   </div>
  </div>
 </body>
</html>
