<?xml version="1.0" encoding="UTF-8"?>
<!DOCTYPE html PUBLIC "-//W3C//DTD XHTML 1.0 Transitional//EN"
    "http://www.w3.org/TR/xhtml1/DTD/xhtml1-transitional.dtd">
<html xmlns="http://www.w3.org/1999/xhtml" xml:lang="en" lang="en">
 <head>
  <title>
</title>
<meta http-equiv="Content-Type" content="text/html;charset=utf-8" />
  <meta name='ocr-system' content='tesseract 3.04.00' />
  <meta name='ocr-capabilities' content='ocr_page ocr_carea ocr_par ocr_line ocrx_word'/>
</head>
<body>
  <div class='ocr_page' id='page_1' title='image "./joanniskepleria03frisgoog_0682.png"; bbox 0 0 4459 6275; ppageno 0'>
   <div class='ocr_carea' id='block_1_1' title="bbox 532 753 1397 829">
    <p class='ocr_par' dir='ltr' id='par_1_1' title="bbox 532 753 1397 829">
     <span class='ocr_line' id='line_1_1' title="bbox 532 753 1397 829; baseline -0.001 -16"><span class='ocrx_word' id='word_1_1' title='bbox 532 763 595 829; x_wconf 68' lang='grc'>670</span> <span class='ocrx_word' id='word_1_2' title='bbox 1017 758 1050 812; x_wconf 91' lang='lat' dir='ltr'>In</span> <span class='ocrx_word' id='word_1_3' title='bbox 1068 755 1189 814; x_wconf 79' lang='lat' dir='ltr'>Tabulas</span> <span class='ocrx_word' id='word_1_4' title='bbox 1207 753 1397 826; x_wconf 81' lang='lat' dir='ltr'>liudolpbinus</span> 
     </span>
    </p>
   </div>
   <div class='ocr_carea' id='block_1_2' title="bbox 532 930 1896 1013">
    <p class='ocr_par' dir='ltr' id='par_1_2' title="bbox 532 930 1896 1013">
     <span class='ocr_line' id='line_1_2' title="bbox 532 930 1896 1013; baseline -0.004 -16"><span class='ocrx_word' id='word_1_5' title='bbox 532 944 563 997; x_wconf 87' lang='lat' dir='ltr'>et</span> <span class='ocrx_word' id='word_1_6' title='bbox 585 933 700 995; x_wconf 90' lang='lat' dir='ltr'>delecto</span> <span class='ocrx_word' id='word_1_7' title='bbox 722 933 781 996; x_wconf 89' lang='lat' dir='ltr'>loci</span> <span class='ocrx_word' id='word_1_8' title='bbox 802 931 965 994; x_wconf 90' lang='lat' dir='ltr'>meridiano</span> <span class='ocrx_word' id='word_1_9' title='bbox 987 934 1066 995; x_wconf 84' lang='lat' dir='ltr'>iecit.</span> <span class='ocrx_word' id='word_1_10' title='bbox 1109 932 1223 1010; x_wconf 86' lang='lat' dir='ltr'>Regias</span> <span class='ocrx_word' id='word_1_11' title='bbox 1251 934 1329 1007; x_wconf 78' lang='lat' dir='ltr'>emm</span> <span class='ocrx_word' id='word_1_12' title='bbox 1351 931 1456 1007; x_wconf 84' lang='lat' dir='ltr'>lions,</span> <span class='ocrx_word' id='word_1_13' title='bbox 1487 933 1536 993; x_wconf 87' lang='lat' dir='ltr'>cui</span> <span class='ocrx_word' id='word_1_14' title='bbox 1559 931 1703 1013; x_wconf 32' lang='lat' dir='ltr'>,spem</span> <span class='ocrx_word' id='word_1_15' title='bbox 1724 930 1896 992; x_wconf 82' lang='lat' dir='ltr'>Prutsuies·</span> 
     </span>
    </p>
   </div>
   <div class='ocr_carea' id='block_1_3' title="bbox 511 1013 1897 5298">
    <p class='ocr_par' dir='ltr' id='par_1_3' title="bbox 511 1013 1897 3718">
     <span class='ocr_line' id='line_1_3' title="bbox 532 1013 1895 1099; baseline -0.001 -18"><span class='ocrx_word' id='word_1_16' title='bbox 532 1040 595 1082; x_wconf 90' lang='lat' dir='ltr'>rum</span> <span class='ocrx_word' id='word_1_17' title='bbox 619 1024 692 1082; x_wconf 86' lang='lat' dir='ltr'>snut&#39;</span> <span class='ocrx_word' id='word_1_18' title='bbox 710 1013 961 1096; x_wconf 87' lang='lat' dir='ltr'>accommodatae,</span> <span class='ocrx_word' id='word_1_19' title='bbox 983 1037 1042 1081; x_wconf 92' lang='lat' dir='ltr'>uon</span> <span class='ocrx_word' id='word_1_20' title='bbox 1065 1027 1111 1081; x_wconf 88' lang='lat' dir='ltr'>est</span> <span class='ocrx_word' id='word_1_21' title='bbox 1130 1019 1205 1093; x_wconf 84' lang='lat' dir='ltr'>illud</span> <span class='ocrx_word' id='word_1_22' title='bbox 1220 1019 1364 1081; x_wconf 75' lang='lat' dir='ltr'>l’raneiae</span> <span class='ocrx_word' id='word_1_23' title='bbox 1386 1019 1546 1098; x_wconf 87' lang='lat' dir='ltr'>orientalis,</span> <span class='ocrx_word' id='word_1_24' title='bbox 1568 1037 1647 1099; x_wconf 85' lang='lat' dir='ltr'>quse</span> <span class='ocrx_word' id='word_1_25' title='bbox 1658 1018 1895 1097; x_wconf 81' lang='lat' dir='ltr'>Reglomoutuss</span> 
     </span>
     <span class='ocr_line' id='line_1_4' title="bbox 531 1104 1895 1193; baseline -0.002 -25"><span class='ocrx_word' id='word_1_26' title='bbox 531 1110 627 1187; x_wconf 86' lang='lat' dir='ltr'>patria</span> <span class='ocrx_word' id='word_1_27' title='bbox 640 1111 722 1191; x_wconf 76' lang='lat' dir='ltr'>luit,</span> <span class='ocrx_word' id='word_1_28' title='bbox 756 1107 808 1169; x_wconf 92' lang='lat' dir='ltr'>sed</span> <span class='ocrx_word' id='word_1_29' title='bbox 831 1107 967 1167; x_wconf 84' lang='lat' dir='ltr'>alterum</span> <span class='ocrx_word' id='word_1_30' title='bbox 991 1106 1151 1169; x_wconf 86' lang='lat' dir='ltr'>Borussise</span> <span class='ocrx_word' id='word_1_31' title='bbox 1182 1107 1306 1168; x_wconf 87' lang='lat' dir='ltr'>ducatus</span> <span class='ocrx_word' id='word_1_32' title='bbox 1325 1104 1472 1193; x_wconf 64' lang='lat' dir='ltr'>⁴oppidum</span> <span class='ocrx_word' id='word_1_33' title='bbox 1503 1107 1642 1169; x_wconf 87' lang='lat' dir='ltr'>inlitora</span> <span class='ocrx_word' id='word_1_34' title='bbox 1666 1108 1763 1167; x_wconf 88' lang='lat' dir='ltr'>maris</span> <span class='ocrx_word' id='word_1_35' title='bbox 1786 1104 1895 1167; x_wconf 85' lang='lat' dir='ltr'>letici.</span> 
     </span>
     <span class='ocr_line' id='line_1_5' title="bbox 531 1190 1896 1275; baseline -0.003 -18"><span class='ocrx_word' id='word_1_36' title='bbox 531 1196 655 1275; x_wconf 63' lang='lat' dir='ltr'>Causas</span> <span class='ocrx_word' id='word_1_37' title='bbox 679 1213 753 1273; x_wconf 89' lang='lat' dir='ltr'>quas</span> <span class='ocrx_word' id='word_1_38' title='bbox 777 1195 827 1255; x_wconf 90' lang='lat' dir='ltr'>dat</span> <span class='ocrx_word' id='word_1_39' title='bbox 850 1194 1034 1256; x_wconf 85' lang='lat' dir='ltr'>Reinholdus</span> <span class='ocrx_word' id='word_1_40' title='bbox 1056 1195 1144 1272; x_wconf 88' lang='lat' dir='ltr'>hujus</span> <span class='ocrx_word' id='word_1_41' title='bbox 1167 1196 1197 1254; x_wconf 92' lang='lat' dir='ltr'>in</span> <span class='ocrx_word' id='word_1_42' title='bbox 1219 1212 1252 1255; x_wconf 90' lang='lat' dir='ltr'>se</span> <span class='ocrx_word' id='word_1_43' title='bbox 1275 1204 1431 1270; x_wconf 76' lang='lat' dir='ltr'>susceptae</span> <span class='ocrx_word' id='word_1_44' title='bbox 1455 1196 1677 1274; x_wconf 85' lang='lat' dir='ltr'>occupationis,</span> <span class='ocrx_word' id='word_1_45' title='bbox 1704 1190 1813 1255; x_wconf 75' lang='lat' dir='ltr'>ridere</span> <span class='ocrx_word' id='word_1_46' title='bbox 1833 1192 1896 1253; x_wconf 85' lang='lat' dir='ltr'>lieet</span> 
     </span>
     <span class='ocr_line' id='line_1_6' title="bbox 530 1279 1896 1366; baseline -0.001 -23"><span class='ocrx_word' id='word_1_47' title='bbox 530 1279 609 1361; x_wconf 89' lang='lat' dir='ltr'>apud</span> <span class='ocrx_word' id='word_1_48' title='bbox 632 1285 743 1361; x_wconf 81' lang='lat' dir='ltr'>ipeum3</span> <span class='ocrx_word' id='word_1_49' title='bbox 768 1282 842 1343; x_wconf 90' lang='lat' dir='ltr'>duas</span> <span class='ocrx_word' id='word_1_50' title='bbox 865 1293 942 1343; x_wconf 89' lang='lat' dir='ltr'>certe</span> <span class='ocrx_word' id='word_1_51' title='bbox 965 1280 1151 1355; x_wconf 86' lang='lat' dir='ltr'>dissimulare</span> <span class='ocrx_word' id='word_1_52' title='bbox 1172 1280 1298 1366; x_wconf 88' lang='lat' dir='ltr'>videtur.</span> <span class='ocrx_word' id='word_1_53' title='bbox 1344 1280 1418 1342; x_wconf 84' lang='lat' dir='ltr'>Cum</span> <span class='ocrx_word' id='word_1_54' title='bbox 1441 1284 1518 1342; x_wconf 90' lang='lat' dir='ltr'>enim</span> <span class='ocrx_word' id='word_1_55' title='bbox 1534 1282 1657 1344; x_wconf 91' lang='lat' dir='ltr'>tabulae</span> <span class='ocrx_word' id='word_1_56' title='bbox 1683 1280 1820 1343; x_wconf 81' lang='lat' dir='ltr'>debeant</span> <span class='ocrx_word' id='word_1_57' title='bbox 1839 1296 1896 1341; x_wconf 86' lang='lat' dir='ltr'>esse</span> 
     </span>
     <span class='ocr_line' id='line_1_7' title="bbox 531 1367 1897 1449; baseline -0.001 -19"><span class='ocrx_word' id='word_1_58' title='bbox 531 1387 660 1431; x_wconf 77' lang='lat' dir='ltr'>meones</span> <span class='ocrx_word' id='word_1_59' title='bbox 690 1384 855 1449; x_wconf 72' lang='lat' dir='ltr'>upopsrpor,</span> <span class='ocrx_word' id='word_1_60' title='bbox 890 1369 928 1429; x_wconf 90' lang='lat' dir='ltr'>ad</span> <span class='ocrx_word' id='word_1_61' title='bbox 951 1387 1038 1431; x_wconf 91' lang='lat' dir='ltr'>usum</span> <span class='ocrx_word' id='word_1_62' title='bbox 1060 1368 1205 1449; x_wconf 86' lang='lat' dir='ltr'>expediti,</span> <span class='ocrx_word' id='word_1_63' title='bbox 1237 1386 1303 1430; x_wconf 88' lang='lat' dir='ltr'>enm</span> <span class='ocrx_word' id='word_1_64' title='bbox 1330 1367 1533 1446; x_wconf 73' lang='lat' dir='ltr'>alphonslnse</span> <span class='ocrx_word' id='word_1_65' title='bbox 1555 1372 1710 1447; x_wconf 74' lang='lat' dir='ltr'>cetenque</span> <span class='ocrx_word' id='word_1_66' title='bbox 1732 1367 1897 1431; x_wconf 79' lang='lat' dir='ltr'>tabulam</span> 
     </span>
     <span class='ocr_line' id='line_1_8' title="bbox 530 1454 1895 1533; baseline -0.001 -14"><span class='ocrx_word' id='word_1_67' title='bbox 530 1465 666 1519; x_wconf 76' lang='lat' dir='ltr'><strong>auctores</strong></span> <span class='ocrx_word' id='word_1_68' title='bbox 687 1459 765 1517; x_wconf 88' lang='lat' dir='ltr'>bunc</span> <span class='ocrx_word' id='word_1_69' title='bbox 787 1474 873 1517; x_wconf 89' lang='lat' dir='ltr'>usum</span> <span class='ocrx_word' id='word_1_70' title='bbox 895 1460 1078 1519; x_wconf 88' lang='lat' dir='ltr'>mannarinm</span> <span class='ocrx_word' id='word_1_71' title='bbox 1102 1459 1192 1517; x_wconf 89' lang='lat' dir='ltr'>etism</span> <span class='ocrx_word' id='word_1_72' title='bbox 1214 1455 1307 1519; x_wconf 74' lang='lat' dir='ltr'>{orma</span> <span class='ocrx_word' id='word_1_73' title='bbox 1329 1456 1396 1517; x_wconf 83' lang='lat' dir='ltr'>libri</span> <span class='ocrx_word' id='word_1_74' title='bbox 1411 1456 1605 1533; x_wconf 83' lang='lat' dir='ltr'>adjuvissent,</span> <span class='ocrx_word' id='word_1_75' title='bbox 1628 1454 1747 1518; x_wconf 80' lang='lat' dir='ltr'>tabulis</span> <span class='ocrx_word' id='word_1_76' title='bbox 1762 1472 1895 1517; x_wconf 82' lang='lat' dir='ltr'>numero·</span> 
     </span>
     <span class='ocr_line' id='line_1_9' title="bbox 528 1542 1896 1623; baseline -0.001 -18"><span class='ocrx_word' id='word_1_77' title='bbox 528 1562 592 1605; x_wconf 88' lang='lat' dir='ltr'>rum</span> <span class='ocrx_word' id='word_1_78' title='bbox 615 1562 673 1605; x_wconf 93' lang='lat' dir='ltr'>uno</span> <span class='ocrx_word' id='word_1_79' title='bbox 697 1551 836 1621; x_wconf 88' lang='lat' dir='ltr'>contextu</span> <span class='ocrx_word' id='word_1_80' title='bbox 859 1545 1006 1620; x_wconf 80' lang='lat' dir='ltr'>exhibitis,</span> <span class='ocrx_word' id='word_1_81' title='bbox 1031 1547 1193 1623; x_wconf 74' lang='lat' dir='ltr'>praeceptis</span> <span class='ocrx_word' id='word_1_82' title='bbox 1217 1561 1286 1605; x_wconf 86' lang='lat' dir='ltr'>vero</span> <span class='ocrx_word' id='word_1_83' title='bbox 1309 1545 1491 1605; x_wconf 74' lang='lat' dir='ltr'>brevissimis</span> <span class='ocrx_word' id='word_1_84' title='bbox 1513 1547 1598 1619; x_wconf 85' lang='lat' dir='ltr'>initio</span> <span class='ocrx_word' id='word_1_85' title='bbox 1619 1545 1821 1623; x_wconf 68' lang='lat' dir='ltr'>praemissis,</span> <span class='ocrx_word' id='word_1_86' title='bbox 1842 1542 1896 1603; x_wconf 82' lang='lat' dir='ltr'>Ga·</span> 
     </span>
     <span class='ocr_line' id='line_1_10' title="bbox 529 1629 1896 1713; baseline 0.001 -23"><span class='ocrx_word' id='word_1_87' title='bbox 529 1634 640 1710; x_wconf 89' lang='lat' dir='ltr'>pernici</span> <span class='ocrx_word' id='word_1_88' title='bbox 655 1641 757 1693; x_wconf 91' lang='lat' dir='ltr'>contra</span> <span class='ocrx_word' id='word_1_89' title='bbox 778 1631 852 1691; x_wconf 90' lang='lat' dir='ltr'>liber</span> <span class='ocrx_word' id='word_1_90' title='bbox 866 1632 983 1693; x_wconf 86' lang='lat' dir='ltr'>tabulas</span> <span class='ocrx_word' id='word_1_91' title='bbox 999 1649 1051 1710; x_wconf 89' lang='lat' dir='ltr'>per</span> <span class='ocrx_word' id='word_1_92' title='bbox 1073 1640 1185 1692; x_wconf 89' lang='lat' dir='ltr'>textum</span> <span class='ocrx_word' id='word_1_93' title='bbox 1203 1629 1484 1692; x_wconf 81' lang='lat' dir='ltr'>demonstrationum</span> <span class='ocrx_word' id='word_1_94' title='bbox 1500 1632 1650 1713; x_wconf 87' lang='lat' dir='ltr'>dispersas</span> <span class='ocrx_word' id='word_1_95' title='bbox 1666 1631 1774 1705; x_wconf 83' lang='lat' dir='ltr'>habet,</span> <span class='ocrx_word' id='word_1_96' title='bbox 1797 1647 1896 1709; x_wconf 80' lang='lat' dir='ltr'>quaar-</span> 
     </span>
     <span class='ocr_line' id='line_1_11' title="bbox 529 1717 1895 1799; baseline -0.001 -19"><span class='ocrx_word' id='word_1_97' title='bbox 529 1719 688 1780; x_wconf 82' lang='lat' dir='ltr'>admodum</span> <span class='ocrx_word' id='word_1_98' title='bbox 711 1728 741 1787; x_wconf 89' lang='lat' dir='ltr'>et</span> <span class='ocrx_word' id='word_1_99' title='bbox 754 1718 937 1779; x_wconf 80' lang='lat' dir='ltr'>Ptolemaios</span> <span class='ocrx_word' id='word_1_100' title='bbox 959 1719 1107 1799; x_wconf 74' lang='lat' dir='ltr'>syntaxis:</span> <span class='ocrx_word' id='word_1_101' title='bbox 1131 1722 1173 1779; x_wconf 90' lang='lat' dir='ltr'>ita</span> <span class='ocrx_word' id='word_1_102' title='bbox 1194 1718 1237 1794; x_wconf 84' lang='lat' dir='ltr'>dt,</span> <span class='ocrx_word' id='word_1_103' title='bbox 1260 1727 1293 1779; x_wconf 90' lang='lat' dir='ltr'>ut</span> <span class='ocrx_word' id='word_1_104' title='bbox 1315 1726 1398 1780; x_wconf 92' lang='lat' dir='ltr'>textu</span> <span class='ocrx_word' id='word_1_105' title='bbox 1417 1719 1663 1797; x_wconf 83' lang='lat' dir='ltr'>speculationem,</span> <span class='ocrx_word' id='word_1_106' title='bbox 1687 1717 1805 1779; x_wconf 82' lang='lat' dir='ltr'>tabulis</span> <span class='ocrx_word' id='word_1_107' title='bbox 1818 1734 1895 1779; x_wconf 79' lang='lat' dir='ltr'>usu</span> 
     </span>
     <span class='ocr_line' id='line_1_12' title="bbox 515 1804 1896 1886; baseline 0 -19"><span class='ocrx_word' id='word_1_108' title='bbox 515 1805 779 1878; x_wconf 77' lang='lat' dir='ltr'>desiderantibus,</span> <span class='ocrx_word' id='word_1_109' title='bbox 812 1804 989 1866; x_wconf 80' lang='lat' dir='ltr'>distrahetur</span> <span class='ocrx_word' id='word_1_110' title='bbox 1017 1808 1132 1868; x_wconf 89' lang='lat' dir='ltr'>animus</span> <span class='ocrx_word' id='word_1_111' title='bbox 1162 1810 1317 1884; x_wconf 91' lang='lat' dir='ltr'>ipsumque</span> <span class='ocrx_word' id='word_1_112' title='bbox 1345 1824 1378 1866; x_wconf 90' lang='lat' dir='ltr'>ee</span> <span class='ocrx_word' id='word_1_113' title='bbox 1408 1822 1483 1884; x_wconf 88' lang='lat' dir='ltr'>opus</span> <span class='ocrx_word' id='word_1_114' title='bbox 1505 1808 1634 1869; x_wconf 88' lang='lat' dir='ltr'>utilitate</span> <span class='ocrx_word' id='word_1_115' title='bbox 1657 1822 1716 1867; x_wconf 87' lang='lat' dir='ltr'>sua</span> <span class='ocrx_word' id='word_1_116' title='bbox 1740 1808 1896 1886; x_wconf 75' lang='lat' dir='ltr'>praecipu</span> 
     </span>
     <span class='ocr_line' id='line_1_13' title="bbox 527 1892 1893 1973; baseline 0.001 -20"><span class='ocrx_word' id='word_1_117' title='bbox 527 1896 634 1973; x_wconf 85' lang='lat' dir='ltr'>privet.</span> <span class='ocrx_word' id='word_1_118' title='bbox 680 1892 794 1954; x_wconf 92' lang='lat' dir='ltr'>Deinde</span> <span class='ocrx_word' id='word_1_119' title='bbox 825 1892 961 1953; x_wconf 87' lang='lat' dir='ltr'>absurdis</span> <span class='ocrx_word' id='word_1_120' title='bbox 985 1894 1164 1972; x_wconf 85' lang='lat' dir='ltr'>Copemicus</span> <span class='ocrx_word' id='word_1_121' title='bbox 1192 1893 1408 1973; x_wconf 84' lang='lat' dir='ltr'>hypothesibus</span> <span class='ocrx_word' id='word_1_122' title='bbox 1434 1895 1601 1970; x_wconf 85' lang='lat' dir='ltr'>insistebat,</span> <span class='ocrx_word' id='word_1_123' title='bbox 1632 1894 1748 1973; x_wconf 90' lang='lat' dir='ltr'>quibus</span> <span class='ocrx_word' id='word_1_124' title='bbox 1773 1892 1893 1955; x_wconf 66' lang='lat' dir='ltr'>odeum</span> 
     </span>
     <span class='ocr_line' id='line_1_14' title="bbox 527 1978 1892 2059; baseline 0.001 -19"><span class='ocrx_word' id='word_1_125' title='bbox 527 1981 652 2043; x_wconf 90' lang='lat' dir='ltr'>lectores</span> <span class='ocrx_word' id='word_1_126' title='bbox 667 1979 849 2042; x_wconf 87' lang='lat' dir='ltr'>Reinhoidns</span> <span class='ocrx_word' id='word_1_127' title='bbox 872 1980 995 2040; x_wconf 89' lang='lat' dir='ltr'>credidit</span> <span class='ocrx_word' id='word_1_128' title='bbox 1017 1981 1203 2042; x_wconf 89' lang='lat' dir='ltr'>absterritum</span> <span class='ocrx_word' id='word_1_129' title='bbox 1226 1983 1270 2040; x_wconf 87' lang='lat' dir='ltr'>iri.</span> <span class='ocrx_word' id='word_1_130' title='bbox 1316 1981 1440 2057; x_wconf 77' lang='lat' dir='ltr'>Censuit</span> <span class='ocrx_word' id='word_1_131' title='bbox 1458 1983 1549 2059; x_wconf 90' lang='lat' dir='ltr'>igitur</span> <span class='ocrx_word' id='word_1_132' title='bbox 1562 1982 1620 2042; x_wconf 92' lang='lat' dir='ltr'>hoc</span> <span class='ocrx_word' id='word_1_133' title='bbox 1642 1982 1702 2043; x_wconf 90' lang='lat' dir='ltr'>sibi</span> <span class='ocrx_word' id='word_1_134' title='bbox 1718 1978 1892 2053; x_wconf 76' lang='lat' dir='ltr'>namara.</span> 
     </span>
     <span class='ocr_line' id='line_1_15' title="bbox 528 2068 1893 2147; baseline 0 -18"><span class='ocrx_word' id='word_1_135' title='bbox 528 2078 562 2131; x_wconf 92' lang='lat' dir='ltr'>nt</span> <span class='ocrx_word' id='word_1_136' title='bbox 585 2071 695 2129; x_wconf 76' lang='lat' dir='ltr'>orniam</span> <span class='ocrx_word' id='word_1_137' title='bbox 717 2069 864 2128; x_wconf 88' lang='lat' dir='ltr'>mentione</span> <span class='ocrx_word' id='word_1_138' title='bbox 887 2068 1064 2129; x_wconf 85' lang='lat' dir='ltr'>mirabilium</span> <span class='ocrx_word' id='word_1_139' title='bbox 1080 2069 1325 2147; x_wconf 88' lang='lat' dir='ltr'>suppositionum,</span> <span class='ocrx_word' id='word_1_140' title='bbox 1349 2070 1465 2129; x_wconf 88' lang='lat' dir='ltr'>omissis</span> <span class='ocrx_word' id='word_1_141' title='bbox 1487 2071 1577 2130; x_wconf 88' lang='lat' dir='ltr'>etism</span> <span class='ocrx_word' id='word_1_142' title='bbox 1591 2068 1893 2131; x_wconf 82' lang='lat' dir='ltr'>demonstrationibus</span> 
     </span>
     <span class='ocr_line' id='line_1_16' title="bbox 529 2154 1893 2235; baseline 0 -20"><span class='ocrx_word' id='word_1_143' title='bbox 529 2155 652 2235; x_wconf 81' lang='lat' dir='ltr'>prolixis</span> <span class='ocrx_word' id='word_1_144' title='bbox 675 2163 705 2217; x_wconf 87' lang='lat' dir='ltr'>et</span> <span class='ocrx_word' id='word_1_145' title='bbox 727 2154 876 2229; x_wconf 88' lang='lat' dir='ltr'>taediosis,</span> <span class='ocrx_word' id='word_1_146' title='bbox 901 2155 1018 2216; x_wconf 67' lang='lat' dir='ltr'>abulae</span> <span class='ocrx_word' id='word_1_147' title='bbox 1037 2156 1118 2235; x_wconf 89' lang='lat' dir='ltr'>ipsas</span> <span class='ocrx_word' id='word_1_148' title='bbox 1140 2157 1264 2216; x_wconf 87' lang='lat' dir='ltr'>seorsim</span> <span class='ocrx_word' id='word_1_149' title='bbox 1286 2155 1368 2216; x_wconf 90' lang='lat' dir='ltr'>daret</span> <span class='ocrx_word' id='word_1_150' title='bbox 1391 2157 1420 2215; x_wconf 92' lang='lat' dir='ltr'>iu</span> <span class='ocrx_word' id='word_1_151' title='bbox 1442 2155 1518 2219; x_wconf 88' lang='lat' dir='ltr'>libro</span> <span class='ocrx_word' id='word_1_152' title='bbox 1539 2156 1674 2219; x_wconf 83' lang='lat' dir='ltr'>manuali</span> <span class='ocrx_word' id='word_1_153' title='bbox 1696 2164 1849 2217; x_wconf 63' lang='lat' dir='ltr'>consess</span> <span class='ocrx_word' id='word_1_154' title='bbox 1867 2164 1893 2215; x_wconf 88' lang='lat' dir='ltr'>et</span> 
     </span>
     <span class='ocr_line' id='line_1_17' title="bbox 528 2241 1892 2321; baseline -0.001 -16"><span class='ocrx_word' id='word_1_155' title='bbox 528 2251 703 2321; x_wconf 91' lang='lat' dir='ltr'>supputatas</span> <span class='ocrx_word' id='word_1_156' title='bbox 726 2241 962 2319; x_wconf 80' lang='lat' dir='ltr'>diligentins„ut</span> <span class='ocrx_word' id='word_1_157' title='bbox 983 2241 1053 2303; x_wconf 90' lang='lat' dir='ltr'>illse</span> <span class='ocrx_word' id='word_1_158' title='bbox 1068 2260 1140 2304; x_wconf 89' lang='lat' dir='ltr'>suas</span> <span class='ocrx_word' id='word_1_159' title='bbox 1163 2245 1383 2304; x_wconf 83' lang='lat' dir='ltr'>observationes</span> <span class='ocrx_word' id='word_1_160' title='bbox 1398 2243 1643 2319; x_wconf 73' lang='lat' dir='ltr'>fundamentales,</span> <span class='ocrx_word' id='word_1_161' title='bbox 1667 2245 1784 2321; x_wconf 86' lang='lat' dir='ltr'>quibus</span> <span class='ocrx_word' id='word_1_162' title='bbox 1805 2242 1892 2304; x_wconf 76' lang='lat' dir='ltr'>scd·</span> 
     </span>
     <span class='ocr_line' id='line_1_18' title="bbox 527 2328 1891 2409; baseline -0.001 -18"><span class='ocrx_word' id='word_1_163' title='bbox 527 2332 650 2409; x_wconf 89' lang='lat' dir='ltr'>pemico</span> <span class='ocrx_word' id='word_1_164' title='bbox 666 2339 748 2390; x_wconf 90' lang='lat' dir='ltr'>erant</span> <span class='ocrx_word' id='word_1_165' title='bbox 763 2337 988 2407; x_wconf 89' lang='lat' dir='ltr'>superstructae,</span> <span class='ocrx_word' id='word_1_166' title='bbox 1012 2339 1266 2409; x_wconf 87' lang='lat' dir='ltr'>repraesentarent</span> <span class='ocrx_word' id='word_1_167' title='bbox 1281 2333 1422 2393; x_wconf 88' lang='lat' dir='ltr'>exactius.</span> <span class='ocrx_word' id='word_1_168' title='bbox 1466 2330 1534 2393; x_wconf 87' lang='lat' dir='ltr'>Hoc</span> <span class='ocrx_word' id='word_1_169' title='bbox 1555 2331 1682 2392; x_wconf 89' lang='lat' dir='ltr'>consilio</span> <span class='ocrx_word' id='word_1_170' title='bbox 1697 2340 1792 2409; x_wconf 81' lang='lat' dir='ltr'>capto</span> <span class='ocrx_word' id='word_1_171' title='bbox 1805 2328 1891 2391; x_wconf 73' lang='lat' dir='ltr'>lieh-</span> 
     </span>
     <span class='ocr_line' id='line_1_19' title="bbox 511 2416 1890 2497; baseline 0.001 -20"><span class='ocrx_word' id='word_1_172' title='bbox 511 2417 636 2491; x_wconf 51' lang='lat' dir='ltr'>,bcldus</span> <span class='ocrx_word' id='word_1_173' title='bbox 659 2434 815 2495; x_wconf 87' lang='lat' dir='ltr'>aggressus</span> <span class='ocrx_word' id='word_1_174' title='bbox 839 2434 930 2494; x_wconf 92' lang='lat' dir='ltr'>opus,</span> <span class='ocrx_word' id='word_1_175' title='bbox 962 2419 1119 2478; x_wconf 89' lang='lat' dir='ltr'>immanem</span> <span class='ocrx_word' id='word_1_176' title='bbox 1141 2426 1171 2480; x_wconf 88' lang='lat' dir='ltr'>et</span> <span class='ocrx_word' id='word_1_177' title='bbox 1192 2420 1344 2479; x_wconf 79' lang='lat' dir='ltr'>insuavem</span> <span class='ocrx_word' id='word_1_178' title='bbox 1368 2418 1554 2480; x_wconf 76' lang='lat' dir='ltr'>laboremus</span> <span class='ocrx_word' id='word_1_179' title='bbox 1576 2418 1715 2481; x_wconf 87' lang='lat' dir='ltr'>hausisse</span> <span class='ocrx_word' id='word_1_180' title='bbox 1738 2416 1890 2497; x_wconf 64' lang='lat' dir='ltr'>siguibm</span> 
     </span>
     <span class='ocr_line' id='line_1_20' title="bbox 528 2502 1890 2583; baseline 0 -16"><span class='ocrx_word' id='word_1_181' title='bbox 528 2504 561 2567; x_wconf 81' lang='lat' dir='ltr'>Si</span> <span class='ocrx_word' id='word_1_182' title='bbox 584 2504 620 2565; x_wconf 91' lang='lat' dir='ltr'>de</span> <span class='ocrx_word' id='word_1_183' title='bbox 650 2505 707 2566; x_wconf 85' lang='lat' dir='ltr'>fine</span> <span class='ocrx_word' id='word_1_184' title='bbox 735 2505 800 2580; x_wconf 90' lang='lat' dir='ltr'>ejus</span> <span class='ocrx_word' id='word_1_185' title='bbox 829 2507 961 2580; x_wconf 89' lang='lat' dir='ltr'>qnaeris,</span> <span class='ocrx_word' id='word_1_186' title='bbox 991 2514 1037 2565; x_wconf 88' lang='lat' dir='ltr'>est</span> <span class='ocrx_word' id='word_1_187' title='bbox 1059 2505 1108 2565; x_wconf 91' lang='lat' dir='ltr'>ille</span> <span class='ocrx_word' id='word_1_188' title='bbox 1139 2505 1258 2582; x_wconf 91' lang='lat' dir='ltr'>quidem</span> <span class='ocrx_word' id='word_1_189' title='bbox 1281 2502 1456 2568; x_wconf 61' lang='lat' dir='ltr'>laudabilis?</span> <span class='ocrx_word' id='word_1_190' title='bbox 1484 2516 1565 2567; x_wconf 88' lang='lat' dir='ltr'>certa</span> <span class='ocrx_word' id='word_1_191' title='bbox 1593 2508 1728 2583; x_wconf 74' lang='lat' dir='ltr'>cognitio</span> <span class='ocrx_word' id='word_1_192' title='bbox 1753 2514 1890 2579; x_wconf 81' lang='lat' dir='ltr'>maman,</span> 
     </span>
     <span class='ocr_line' id='line_1_21' title="bbox 527 2590 1890 2672; baseline -0.001 -18"><span class='ocrx_word' id='word_1_193' title='bbox 527 2594 597 2654; x_wconf 85' lang='lat' dir='ltr'>anni</span> <span class='ocrx_word' id='word_1_194' title='bbox 618 2590 722 2661; x_wconf 87' lang='lat' dir='ltr'>modus</span> <span class='ocrx_word' id='word_1_195' title='bbox 745 2601 775 2652; x_wconf 90' lang='lat' dir='ltr'>ot</span> <span class='ocrx_word' id='word_1_196' title='bbox 788 2600 892 2665; x_wconf 89' lang='lat' dir='ltr'>metae,</span> <span class='ocrx_word' id='word_1_197' title='bbox 916 2593 1112 2668; x_wconf 88' lang='lat' dir='ltr'>aequinoctia,</span> <span class='ocrx_word' id='word_1_198' title='bbox 1135 2592 1270 2665; x_wconf 86' lang='lat' dir='ltr'>solstitia,</span> <span class='ocrx_word' id='word_1_199' title='bbox 1295 2593 1428 2672; x_wconf 90' lang='lat' dir='ltr'>eclipses,</span> <span class='ocrx_word' id='word_1_200' title='bbox 1452 2593 1678 2671; x_wconf 91' lang='lat' dir='ltr'>conjunctiones</span> <span class='ocrx_word' id='word_1_201' title='bbox 1700 2610 1843 2672; x_wconf 77' lang='lat' dir='ltr'>maguae,</span> <span class='ocrx_word' id='word_1_202' title='bbox 1862 2602 1890 2653; x_wconf 87' lang='lat' dir='ltr'>ut</span> 
     </span>
     <span class='ocr_line' id='line_1_22' title="bbox 528 2678 1889 2759; baseline -0.001 -17"><span class='ocrx_word' id='word_1_203' title='bbox 528 2698 564 2743; x_wconf 90' lang='lat' dir='ltr'>ex</span> <span class='ocrx_word' id='word_1_204' title='bbox 587 2697 687 2740; x_wconf 86' lang='lat' dir='ltr'>earnm</span> <span class='ocrx_word' id='word_1_205' title='bbox 708 2696 803 2740; x_wconf 88' lang='lat' dir='ltr'>rernm</span> <span class='ocrx_word' id='word_1_206' title='bbox 824 2679 929 2756; x_wconf 91' lang='lat' dir='ltr'>politis</span> <span class='ocrx_word' id='word_1_207' title='bbox 944 2678 1149 2741; x_wconf 84' lang='lat' dir='ltr'>decentissima</span> <span class='ocrx_word' id='word_1_208' title='bbox 1170 2681 1316 2759; x_wconf 89' lang='lat' dir='ltr'>sapientia</span> <span class='ocrx_word' id='word_1_209' title='bbox 1338 2681 1512 2758; x_wconf 86' lang='lat' dir='ltr'>bonitasque</span> <span class='ocrx_word' id='word_1_210' title='bbox 1527 2680 1677 2743; x_wconf 78' lang='lat' dir='ltr'>Crantoris</span> <span class='ocrx_word' id='word_1_211' title='bbox 1701 2682 1889 2743; x_wconf 83' lang='lat' dir='ltr'>elucesceret</span> 
     </span>
     <span class='ocr_line' id='line_1_23' title="bbox 528 2765 1889 2848; baseline 0.001 -21"><span class='ocrx_word' id='word_1_212' title='bbox 528 2768 569 2828; x_wconf 77' lang='lat' dir='ltr'>ht</span> <span class='ocrx_word' id='word_1_213' title='bbox 583 2784 641 2828; x_wconf 90' lang='lat' dir='ltr'>non</span> <span class='ocrx_word' id='word_1_214' title='bbox 665 2775 762 2827; x_wconf 89' lang='lat' dir='ltr'>tamen</span> <span class='ocrx_word' id='word_1_215' title='bbox 778 2768 895 2826; x_wconf 90' lang='lat' dir='ltr'>interim</span> <span class='ocrx_word' id='word_1_216' title='bbox 918 2765 1083 2839; x_wconf 87' lang='lat' dir='ltr'>dissimulat</span> <span class='ocrx_word' id='word_1_217' title='bbox 1098 2774 1198 2827; x_wconf 91' lang='lat' dir='ltr'>auctor</span> <span class='ocrx_word' id='word_1_218' title='bbox 1219 2765 1451 2844; x_wconf 88' lang='lat' dir='ltr'>praedictionum</span> <span class='ocrx_word' id='word_1_219' title='bbox 1471 2767 1611 2843; x_wconf 91' lang='lat' dir='ltr'>studium,</span> <span class='ocrx_word' id='word_1_220' title='bbox 1634 2770 1807 2848; x_wconf 85' lang='lat' dir='ltr'>paucisque</span> <span class='ocrx_word' id='word_1_221' title='bbox 1829 2784 1889 2829; x_wconf 82' lang='lat' dir='ltr'>ver·</span> 
     </span>
     <span class='ocr_line' id='line_1_24' title="bbox 529 2853 1887 2935; baseline -0.001 -20"><span class='ocrx_word' id='word_1_222' title='bbox 529 2856 583 2929; x_wconf 90' lang='lat' dir='ltr'>bis,</span> <span class='ocrx_word' id='word_1_223' title='bbox 606 2854 659 2916; x_wconf 91' lang='lat' dir='ltr'>sed</span> <span class='ocrx_word' id='word_1_224' title='bbox 682 2854 918 2935; x_wconf 77' lang='lat' dir='ltr'>praegnantibus,</span> <span class='ocrx_word' id='word_1_225' title='bbox 942 2853 1013 2932; x_wconf 93' lang='lat' dir='ltr'>quid</span> <span class='ocrx_word' id='word_1_226' title='bbox 1036 2855 1091 2915; x_wconf 90' lang='lat' dir='ltr'>arti</span> <span class='ocrx_word' id='word_1_227' title='bbox 1114 2853 1317 2930; x_wconf 85' lang='lat' dir='ltr'>genethliaesc</span> <span class='ocrx_word' id='word_1_228' title='bbox 1340 2855 1458 2931; x_wconf 89' lang='lat' dir='ltr'>tribuat,</span> <span class='ocrx_word' id='word_1_229' title='bbox 1480 2857 1589 2915; x_wconf 83' lang='lat' dir='ltr'>innuit:</span> <span class='ocrx_word' id='word_1_230' title='bbox 1612 2854 1760 2917; x_wconf 64' lang='lat' dir='ltr'>scmus</span> <span class='ocrx_word' id='word_1_231' title='bbox 1781 2860 1818 2915; x_wconf 86' lang='lat' dir='ltr'>iss</span> <span class='ocrx_word' id='word_1_232' title='bbox 1837 2854 1887 2913; x_wconf 83' lang='lat' dir='ltr'>hec</span> 
     </span>
     <span class='ocr_line' id='line_1_25' title="bbox 526 2940 1888 3021; baseline 0.002 -20"><span class='ocrx_word' id='word_1_233' title='bbox 526 2943 668 3021; x_wconf 70' lang='lat' dir='ltr'>interiori</span> <span class='ocrx_word' id='word_1_234' title='bbox 689 2949 823 3014; x_wconf 81' lang='lat' dir='ltr'>natura,</span> <span class='ocrx_word' id='word_1_235' title='bbox 854 2940 1016 3014; x_wconf 76' lang='lat' dir='ltr'>affirmans,</span> <span class='ocrx_word' id='word_1_236' title='bbox 1040 2949 1195 3001; x_wconf 71' lang='lat' dir='ltr'>macram</span> <span class='ocrx_word' id='word_1_237' title='bbox 1216 2941 1348 3001; x_wconf 79' lang='lat' dir='ltr'>motibus</span> <span class='ocrx_word' id='word_1_238' title='bbox 1370 2950 1398 3002; x_wconf 84' lang='lat' dir='ltr'>st</span> <span class='ocrx_word' id='word_1_239' title='bbox 1414 2945 1520 3018; x_wconf 70' lang='lat' dir='ltr'>posta</span> <span class='ocrx_word' id='word_1_240' title='bbox 1541 2943 1619 3021; x_wconf 68' lang='lat' dir='ltr'>ellici</span> <span class='ocrx_word' id='word_1_241' title='bbox 1641 2944 1703 3003; x_wconf 81' lang='lat' dir='ltr'>istst</span> <span class='ocrx_word' id='word_1_242' title='bbox 1723 2942 1888 3021; x_wconf 61' lang='lat' dir='ltr'>siprriflut&#39;</span> 
     </span>
     <span class='ocr_line' id='line_1_26' title="bbox 526 3027 1884 3106; baseline 0.001 -17"><span class='ocrx_word' id='word_1_243' title='bbox 526 3029 655 3105; x_wconf 77' lang='lat' dir='ltr'>indeque</span> <span class='ocrx_word' id='word_1_244' title='bbox 675 3028 813 3105; x_wconf 77' lang='lat' dir='ltr'>praedici</span> <span class='ocrx_word' id='word_1_245' title='bbox 829 3046 925 3104; x_wconf 79' lang='lat' dir='ltr'>posse.</span> <span class='ocrx_word' id='word_1_246' title='bbox 972 3027 1058 3104; x_wconf 53' lang='lat' dir='ltr'>Quid,</span> <span class='ocrx_word' id='word_1_247' title='bbox 1072 3027 1196 3087; x_wconf 71' lang='lat' dir='ltr'>multis?</span> <span class='ocrx_word' id='word_1_248' title='bbox 1219 3028 1263 3087; x_wconf 81' lang='lat' dir='ltr'>Ex</span> <span class='ocrx_word' id='word_1_249' title='bbox 1285 3045 1330 3103; x_wconf 87' lang='lat' dir='ltr'>ea,</span> <span class='ocrx_word' id='word_1_250' title='bbox 1354 3046 1431 3106; x_wconf 89' lang='lat' dir='ltr'>quse</span> <span class='ocrx_word' id='word_1_251' title='bbox 1445 3037 1538 3090; x_wconf 87' lang='lat' dir='ltr'>mater</span> <span class='ocrx_word' id='word_1_252' title='bbox 1559 3030 1709 3091; x_wconf 88' lang='lat' dir='ltr'>hactenus</span> <span class='ocrx_word' id='word_1_253' title='bbox 1732 3040 1810 3105; x_wconf 83' lang='lat' dir='ltr'>erat,</span> <span class='ocrx_word' id='word_1_254' title='bbox 1830 3028 1884 3091; x_wconf 81' lang='lat' dir='ltr'>allo</span> 
     </span>
     <span class='ocr_line' id='line_1_27' title="bbox 527 3115 1885 3192; baseline 0.001 -15"><span class='ocrx_word' id='word_1_255' title='bbox 527 3121 632 3178; x_wconf 91' lang='lat' dir='ltr'>mentis</span> <span class='ocrx_word' id='word_1_256' title='bbox 665 3119 772 3177; x_wconf 91' lang='lat' dir='ltr'>intuitu</span> <span class='ocrx_word' id='word_1_257' title='bbox 794 3118 902 3177; x_wconf 89' lang='lat' dir='ltr'>rectius</span> <span class='ocrx_word' id='word_1_258' title='bbox 933 3117 1046 3191; x_wconf 86' lang='lat' dir='ltr'>aviam,</span> <span class='ocrx_word' id='word_1_259' title='bbox 1079 3133 1115 3177; x_wconf 89' lang='lat' dir='ltr'>cx</span> <span class='ocrx_word' id='word_1_260' title='bbox 1146 3115 1209 3175; x_wconf 88' lang='lat' dir='ltr'>filia</span> <span class='ocrx_word' id='word_1_261' title='bbox 1236 3124 1358 3177; x_wconf 90' lang='lat' dir='ltr'>matrem</span> <span class='ocrx_word' id='word_1_262' title='bbox 1390 3116 1509 3192; x_wconf 73' lang='lat' dir='ltr'>iecerh,</span> <span class='ocrx_word' id='word_1_263' title='bbox 1541 3117 1619 3180; x_wconf 87' lang='lat' dir='ltr'>uude</span> <span class='ocrx_word' id='word_1_264' title='bbox 1640 3128 1719 3180; x_wconf 83' lang='lat' dir='ltr'>usta</span> <span class='ocrx_word' id='word_1_265' title='bbox 1742 3120 1786 3180; x_wconf 88' lang='lat' dir='ltr'>sit</span> <span class='ocrx_word' id='word_1_266' title='bbox 1805 3118 1885 3181; x_wconf 58' lang='grc' dir='ltr'>εἴη</span> 
     </span>
     <span class='ocr_line' id='line_1_28' title="bbox 528 3202 1884 3286; baseline 0.001 -20"><span class='ocrx_word' id='word_1_267' title='bbox 528 3204 643 3266; x_wconf 82' lang='lat' dir='ltr'>vultum</span> <span class='ocrx_word' id='word_1_268' title='bbox 665 3207 792 3265; x_wconf 79' lang='lat' dir='ltr'>referens</span> <span class='ocrx_word' id='word_1_269' title='bbox 813 3205 920 3284; x_wconf 89' lang='lat' dir='ltr'>neptis,</span> <span class='ocrx_word' id='word_1_270' title='bbox 942 3206 1046 3264; x_wconf 89' lang='lat' dir='ltr'>iterum</span> <span class='ocrx_word' id='word_1_271' title='bbox 1061 3204 1234 3282; x_wconf 87' lang='lat' dir='ltr'>astrologia,</span> <span class='ocrx_word' id='word_1_272' title='bbox 1257 3214 1290 3264; x_wconf 89' lang='lat' dir='ltr'>ut</span> <span class='ocrx_word' id='word_1_273' title='bbox 1310 3202 1402 3286; x_wconf 90' lang='lat' dir='ltr'>(quod</span> <span class='ocrx_word' id='word_1_274' title='bbox 1419 3205 1489 3266; x_wconf 90' lang='lat' dir='ltr'>olim</span> <span class='ocrx_word' id='word_1_275' title='bbox 1511 3207 1540 3263; x_wconf 93' lang='lat' dir='ltr'>in</span> <span class='ocrx_word' id='word_1_276' title='bbox 1562 3205 1620 3266; x_wconf 88' lang='lat' dir='ltr'>hac</span> <span class='ocrx_word' id='word_1_277' title='bbox 1641 3209 1775 3268; x_wconf 70' lang='lat' dir='ltr'>meost·</span> <span class='ocrx_word' id='word_1_278' title='bbox 1790 3205 1884 3284; x_wconf 79' lang='lat' dir='ltr'>scripsi</span> 
     </span>
     <span class='ocr_line' id='line_1_29' title="bbox 527 3290 1885 3372; baseline 0.003 -25"><span class='ocrx_word' id='word_1_279' title='bbox 527 3301 569 3364; x_wconf 75' lang='lat'>(11.</span> <span class='ocrx_word' id='word_1_280' title='bbox 589 3296 661 3366; x_wconf 80' lang='lat' dir='ltr'>oti.)</span> <span class='ocrx_word' id='word_1_281' title='bbox 685 3293 893 3352; x_wconf 88' lang='lat' dir='ltr'>astronomiam</span> <span class='ocrx_word' id='word_1_282' title='bbox 920 3300 1041 3352; x_wconf 90' lang='lat' dir='ltr'>matrem</span> <span class='ocrx_word' id='word_1_283' title='bbox 1075 3292 1334 3369; x_wconf 87' lang='lat' dir='ltr'>sapientissimam,</span> <span class='ocrx_word' id='word_1_284' title='bbox 1367 3290 1419 3352; x_wconf 89' lang='lat' dir='ltr'>scd</span> <span class='ocrx_word' id='word_1_285' title='bbox 1448 3292 1673 3372; x_wconf 87' lang='lat' dir='ltr'>pauperculam,</span> <span class='ocrx_word' id='word_1_286' title='bbox 1705 3293 1805 3354; x_wconf 81' lang='lat' dir='ltr'>stulta</span> <span class='ocrx_word' id='word_1_287' title='bbox 1833 3293 1885 3353; x_wconf 83' lang='lat' dir='ltr'>filis</span> 
     </span>
     <span class='ocr_line' id='line_1_30' title="bbox 527 3379 1885 3458; baseline 0 -20"><span class='ocrx_word' id='word_1_288' title='bbox 527 3379 688 3455; x_wconf 90' lang='lat' dir='ltr'>astrologis</span> <span class='ocrx_word' id='word_1_289' title='bbox 717 3388 840 3455; x_wconf 89' lang='lat' dir='ltr'>quaestu</span> <span class='ocrx_word' id='word_1_290' title='bbox 871 3396 928 3436; x_wconf 91' lang='lat' dir='ltr'>non</span> <span class='ocrx_word' id='word_1_291' title='bbox 959 3380 996 3439; x_wconf 89' lang='lat' dir='ltr'>ab</span> <span class='ocrx_word' id='word_1_292' title='bbox 1020 3379 1157 3439; x_wconf 90' lang='lat' dir='ltr'>omnibus</span> <span class='ocrx_word' id='word_1_293' title='bbox 1186 3395 1280 3454; x_wconf 89' lang='lat' dir='ltr'>aeque</span> <span class='ocrx_word' id='word_1_294' title='bbox 1301 3379 1425 3457; x_wconf 89' lang='lat' dir='ltr'>probato</span> <span class='ocrx_word' id='word_1_295' title='bbox 1447 3380 1509 3440; x_wconf 89' lang='lat' dir='ltr'>alat</span> <span class='ocrx_word' id='word_1_296' title='bbox 1536 3389 1566 3440; x_wconf 86' lang='lat' dir='ltr'>et</span> <span class='ocrx_word' id='word_1_297' title='bbox 1587 3388 1748 3442; x_wconf 86' lang='lat' dir='ltr'>sustentet.</span> <span class='ocrx_word' id='word_1_298' title='bbox 1796 3383 1885 3458; x_wconf 77' lang='lat' dir='ltr'>Atque</span> 
     </span>
     <span class='ocr_line' id='line_1_31' title="bbox 526 3466 1884 3543; baseline 0.001 -18"><span class='ocrx_word' id='word_1_299' title='bbox 526 3466 583 3525; x_wconf 91' lang='lat' dir='ltr'>hoc</span> <span class='ocrx_word' id='word_1_300' title='bbox 613 3467 708 3543; x_wconf 91' lang='lat' dir='ltr'>ipsum</span> <span class='ocrx_word' id='word_1_301' title='bbox 735 3475 837 3525; x_wconf 90' lang='lat' dir='ltr'>auctor</span> <span class='ocrx_word' id='word_1_302' title='bbox 866 3468 963 3543; x_wconf 90' lang='lat' dir='ltr'>specie</span> <span class='ocrx_word' id='word_1_303' title='bbox 994 3468 1129 3543; x_wconf 89' lang='lat' dir='ltr'>negantis</span> <span class='ocrx_word' id='word_1_304' title='bbox 1153 3466 1311 3525; x_wconf 88' lang='lat' dir='ltr'>concedere</span> <span class='ocrx_word' id='word_1_305' title='bbox 1335 3467 1463 3543; x_wconf 85' lang='lat' dir='ltr'>videtur,</span> <span class='ocrx_word' id='word_1_306' title='bbox 1495 3466 1564 3526; x_wconf 93' lang='lat' dir='ltr'>dum</span> <span class='ocrx_word' id='word_1_307' title='bbox 1588 3470 1667 3529; x_wconf 89' lang='lat' dir='ltr'>enim</span> <span class='ocrx_word' id='word_1_308' title='bbox 1690 3468 1884 3529; x_wconf 84' lang='lat' dir='ltr'>divinationes</span> 
     </span>
     <span class='ocr_line' id='line_1_32' title="bbox 527 3552 1884 3634; baseline 0.001 -21"><span class='ocrx_word' id='word_1_309' title='bbox 527 3553 640 3613; x_wconf 90' lang='lat' dir='ltr'>erudito</span> <span class='ocrx_word' id='word_1_310' title='bbox 663 3561 692 3612; x_wconf 91' lang='lat' dir='ltr'>et</span> <span class='ocrx_word' id='word_1_311' title='bbox 715 3553 778 3612; x_wconf 91' lang='lat' dir='ltr'>utili</span> <span class='ocrx_word' id='word_1_312' title='bbox 802 3552 895 3612; x_wconf 90' lang='lat' dir='ltr'>labori</span> <span class='ocrx_word' id='word_1_313' title='bbox 919 3552 1085 3612; x_wconf 89' lang='lat' dir='ltr'>tabularum</span> <span class='ocrx_word' id='word_1_314' title='bbox 1108 3571 1141 3613; x_wconf 91' lang='lat' dir='ltr'>se</span> <span class='ocrx_word' id='word_1_315' title='bbox 1163 3563 1252 3629; x_wconf 89' lang='lat' dir='ltr'>negat</span> <span class='ocrx_word' id='word_1_316' title='bbox 1274 3554 1446 3630; x_wconf 90' lang='lat' dir='ltr'>praetulisse</span> <span class='ocrx_word' id='word_1_317' title='bbox 1469 3564 1498 3614; x_wconf 91' lang='lat' dir='ltr'>et</span> <span class='ocrx_word' id='word_1_318' title='bbox 1520 3564 1673 3616; x_wconf 86' lang='lat' dir='ltr'>versatum</span> <span class='ocrx_word' id='word_1_319' title='bbox 1695 3573 1730 3616; x_wconf 89' lang='lat' dir='ltr'>ea</span> <span class='ocrx_word' id='word_1_320' title='bbox 1746 3555 1884 3634; x_wconf 83' lang='lat' dir='ltr'>signifieat</span> 
     </span>
     <span class='ocr_line' id='line_1_33' title="bbox 527 3640 1584 3718; baseline 0.005 -21"><span class='ocrx_word' id='word_1_321' title='bbox 527 3643 557 3698; x_wconf 94' lang='lat' dir='ltr'>in</span> <span class='ocrx_word' id='word_1_322' title='bbox 581 3640 637 3700; x_wconf 92' lang='lat' dir='ltr'>boo</span> <span class='ocrx_word' id='word_1_323' title='bbox 659 3642 787 3700; x_wconf 88' lang='lat' dir='ltr'>exercitii</span> <span class='ocrx_word' id='word_1_324' title='bbox 811 3658 917 3717; x_wconf 86' lang='lat' dir='ltr'>genere</span> <span class='ocrx_word' id='word_1_325' title='bbox 941 3651 970 3700; x_wconf 91' lang='lat' dir='ltr'>et</span> <span class='ocrx_word' id='word_1_326' title='bbox 992 3650 1090 3718; x_wconf 89' lang='lat' dir='ltr'>partes</span> <span class='ocrx_word' id='word_1_327' title='bbox 1113 3643 1140 3700; x_wconf 91' lang='lat' dir='ltr'>ei</span> <span class='ocrx_word' id='word_1_328' title='bbox 1163 3641 1308 3701; x_wconf 88' lang='lat' dir='ltr'>secundas</span> <span class='ocrx_word' id='word_1_329' title='bbox 1331 3640 1446 3701; x_wconf 90' lang='lat' dir='ltr'>dedisse</span> <span class='ocrx_word' id='word_1_330' title='bbox 1467 3643 1584 3705; x_wconf 85' lang='lat' dir='ltr'>fatetur.</span> 
     </span>
    </p>

    <p class='ocr_par' dir='ltr' id='par_1_4' title="bbox 525 3728 1885 4501">
     <span class='ocr_line' id='line_1_34' title="bbox 617 3728 1885 3805; baseline 0.003 -20"><span class='ocrx_word' id='word_1_331' title='bbox 617 3728 825 3800; x_wconf 85' lang='lat' dir='ltr'>Veruntamen,</span> <span class='ocrx_word' id='word_1_332' title='bbox 849 3746 885 3787; x_wconf 88' lang='lat' dir='ltr'>ne</span> <span class='ocrx_word' id='word_1_333' title='bbox 910 3730 976 3803; x_wconf 92' lang='lat' dir='ltr'>quis</span> <span class='ocrx_word' id='word_1_334' title='bbox 1000 3729 1075 3788; x_wconf 89' lang='lat' dir='ltr'>haec</span> <span class='ocrx_word' id='word_1_335' title='bbox 1097 3746 1132 3787; x_wconf 89' lang='lat' dir='ltr'>eo</span> <span class='ocrx_word' id='word_1_336' title='bbox 1156 3732 1299 3805; x_wconf 88' lang='lat' dir='ltr'>pertinere</span> <span class='ocrx_word' id='word_1_337' title='bbox 1321 3737 1413 3805; x_wconf 89' lang='lat' dir='ltr'>putet,</span> <span class='ocrx_word' id='word_1_338' title='bbox 1438 3732 1522 3803; x_wconf 88' lang='lat' dir='ltr'>quasi</span> <span class='ocrx_word' id='word_1_339' title='bbox 1547 3732 1643 3789; x_wconf 86' lang='lat' dir='ltr'>virum</span> <span class='ocrx_word' id='word_1_340' title='bbox 1660 3730 1885 3790; x_wconf 84' lang='lat' dir='ltr'>eruditissimum</span> 
     </span>
     <span class='ocr_line' id='line_1_35' title="bbox 526 3814 1883 3894; baseline 0.003 -22"><span class='ocrx_word' id='word_1_341' title='bbox 526 3817 600 3875; x_wconf 89' lang='lat' dir='ltr'>inter</span> <span class='ocrx_word' id='word_1_342' title='bbox 623 3818 842 3893; x_wconf 88' lang='lat' dir='ltr'>superstitiosos</span> <span class='ocrx_word' id='word_1_343' title='bbox 864 3814 931 3874; x_wconf 91' lang='lat' dir='ltr'>illos</span> <span class='ocrx_word' id='word_1_344' title='bbox 955 3815 1069 3874; x_wconf 84' lang='lat' dir='ltr'>Arabas</span> <span class='ocrx_word' id='word_1_345' title='bbox 1093 3815 1275 3875; x_wconf 84' lang='lat' dir='ltr'>reserandum</span> <span class='ocrx_word' id='word_1_346' title='bbox 1298 3832 1362 3875; x_wconf 88' lang='lat' dir='ltr'>esse</span> <span class='ocrx_word' id='word_1_347' title='bbox 1386 3832 1538 3894; x_wconf 88' lang='lat' dir='ltr'>censeam,</span> <span class='ocrx_word' id='word_1_348' title='bbox 1562 3818 1671 3893; x_wconf 88' lang='lat' dir='ltr'>quibus</span> <span class='ocrx_word' id='word_1_349' title='bbox 1695 3821 1790 3878; x_wconf 87' lang='lat' dir='ltr'>unica</span> <span class='ocrx_word' id='word_1_350' title='bbox 1811 3817 1883 3886; x_wconf 81' lang='lat' dir='ltr'>inni,</span> 
     </span>
     <span class='ocr_line' id='line_1_36' title="bbox 526 3901 1884 3981; baseline 0.003 -21"><span class='ocrx_word' id='word_1_351' title='bbox 526 3902 608 3961; x_wconf 90' lang='lat' dir='ltr'>nulls</span> <span class='ocrx_word' id='word_1_352' title='bbox 632 3901 835 3980; x_wconf 89' lang='lat' dir='ltr'>philosophiae</span> <span class='ocrx_word' id='word_1_353' title='bbox 859 3920 929 3962; x_wconf 88' lang='lat' dir='ltr'>eura</span> <span class='ocrx_word' id='word_1_354' title='bbox 951 3904 1020 3961; x_wconf 85' lang='lat' dir='ltr'>init:</span> <span class='ocrx_word' id='word_1_355' title='bbox 1043 3903 1182 3962; x_wconf 89' lang='lat' dir='ltr'>adhortor</span> <span class='ocrx_word' id='word_1_356' title='bbox 1204 3903 1338 3976; x_wconf 89' lang='lat' dir='ltr'>lectores,</span> <span class='ocrx_word' id='word_1_357' title='bbox 1362 3911 1394 3962; x_wconf 91' lang='lat' dir='ltr'>ut</span> <span class='ocrx_word' id='word_1_358' title='bbox 1416 3904 1626 3981; x_wconf 84' lang='lat' dir='ltr'>praelationem</span> <span class='ocrx_word' id='word_1_359' title='bbox 1651 3905 1719 3980; x_wconf 87' lang='lat' dir='ltr'>ejus</span> <span class='ocrx_word' id='word_1_360' title='bbox 1744 3908 1776 3964; x_wconf 91' lang='lat' dir='ltr'>iu</span> <span class='ocrx_word' id='word_1_361' title='bbox 1793 3904 1884 3964; x_wconf 84' lang='lat' dir='ltr'>Theo-</span> 
     </span>
     <span class='ocr_line' id='line_1_37' title="bbox 525 3989 1883 4066; baseline 0.004 -19"><span class='ocrx_word' id='word_1_362' title='bbox 525 3992 583 4048; x_wconf 90' lang='lat' dir='ltr'>rias</span> <span class='ocrx_word' id='word_1_363' title='bbox 598 3989 772 4048; x_wconf 88' lang='lat' dir='ltr'>Peurbachii</span> <span class='ocrx_word' id='word_1_364' title='bbox 796 3989 904 4066; x_wconf 85' lang='lat' dir='ltr'>legant,</span> <span class='ocrx_word' id='word_1_365' title='bbox 928 4008 1016 4066; x_wconf 90' lang='lat' dir='ltr'>qnam</span> <span class='ocrx_word' id='word_1_366' title='bbox 1040 3990 1090 4050; x_wconf 91' lang='lat' dir='ltr'>iile</span> <span class='ocrx_word' id='word_1_367' title='bbox 1114 4007 1191 4049; x_wconf 91' lang='lat' dir='ltr'>anno</span> <span class='ocrx_word' id='word_1_368' title='bbox 1210 3991 1290 4049; x_wconf 78' lang='lat'>1542</span> <span class='ocrx_word' id='word_1_369' title='bbox 1312 3992 1466 4066; x_wconf 90' lang='lat' dir='ltr'>purissimo</span> <span class='ocrx_word' id='word_1_370' title='bbox 1490 4001 1520 4050; x_wconf 89' lang='lat' dir='ltr'>et</span> <span class='ocrx_word' id='word_1_371' title='bbox 1541 3994 1722 4051; x_wconf 84' lang='lat' dir='ltr'>suavissimo</span> <span class='ocrx_word' id='word_1_372' title='bbox 1749 3993 1883 4053; x_wconf 81' lang='lat' dir='ltr'>sermonis</span> 
     </span>
     <span class='ocr_line' id='line_1_38' title="bbox 527 4076 1883 4157; baseline 0.002 -21"><span class='ocrx_word' id='word_1_373' title='bbox 527 4094 632 4153; x_wconf 87' lang='lat' dir='ltr'>genere</span> <span class='ocrx_word' id='word_1_374' title='bbox 648 4080 795 4153; x_wconf 71' lang='lat' dir='ltr'>concepit,</span> <span class='ocrx_word' id='word_1_375' title='bbox 820 4079 848 4134; x_wconf 89' lang='lat' dir='ltr'>in</span> <span class='ocrx_word' id='word_1_376' title='bbox 872 4095 908 4137; x_wconf 90' lang='lat' dir='ltr'>es</span> <span class='ocrx_word' id='word_1_377' title='bbox 929 4095 1055 4153; x_wconf 89' lang='lat' dir='ltr'>namque</span> <span class='ocrx_word' id='word_1_378' title='bbox 1079 4078 1165 4137; x_wconf 85' lang='lat' dir='ltr'>flores</span> <span class='ocrx_word' id='word_1_379' title='bbox 1187 4077 1290 4137; x_wconf 88' lang='lat' dir='ltr'>halant</span> <span class='ocrx_word' id='word_1_380' title='bbox 1312 4096 1348 4136; x_wconf 84' lang='lat' dir='ltr'>ex</span> <span class='ocrx_word' id='word_1_381' title='bbox 1362 4077 1454 4137; x_wconf 88' lang='lat' dir='ltr'>hortis</span> <span class='ocrx_word' id='word_1_382' title='bbox 1466 4076 1671 4157; x_wconf 87' lang='lat' dir='ltr'>philosophiae</span> <span class='ocrx_word' id='word_1_383' title='bbox 1688 4081 1883 4156; x_wconf 85' lang='lat' dir='ltr'>penitissimis,</span> 
     </span>
     <span class='ocr_line' id='line_1_39' title="bbox 525 4164 1882 4244; baseline 0.001 -20"><span class='ocrx_word' id='word_1_384' title='bbox 525 4164 706 4224; x_wconf 87' lang='lat' dir='ltr'>admirabilis</span> <span class='ocrx_word' id='word_1_385' title='bbox 730 4167 918 4241; x_wconf 80' lang='lat' dir='ltr'>fragrantiae,</span> <span class='ocrx_word' id='word_1_386' title='bbox 949 4183 1025 4241; x_wconf 90' lang='lat' dir='ltr'>quae</span> <span class='ocrx_word' id='word_1_387' title='bbox 1049 4165 1149 4225; x_wconf 86' lang='lat' dir='ltr'>lectori</span> <span class='ocrx_word' id='word_1_388' title='bbox 1174 4165 1264 4224; x_wconf 84' lang='lat' dir='ltr'>veluti</span> <span class='ocrx_word' id='word_1_389' title='bbox 1286 4174 1414 4225; x_wconf 89' lang='lat' dir='ltr'>mentem</span> <span class='ocrx_word' id='word_1_390' title='bbox 1437 4168 1530 4242; x_wconf 92' lang='lat' dir='ltr'>ipsam</span> <span class='ocrx_word' id='word_1_391' title='bbox 1552 4169 1657 4244; x_wconf 90' lang='lat' dir='ltr'>eripit,</span> <span class='ocrx_word' id='word_1_392' title='bbox 1688 4177 1724 4226; x_wconf 91' lang='lat' dir='ltr'>ut</span> <span class='ocrx_word' id='word_1_393' title='bbox 1756 4169 1882 4244; x_wconf 73' lang='lat' dir='ltr'>quamsit</span> 
     </span>
     <span class='ocr_line' id='line_1_40' title="bbox 525 4251 1882 4330; baseline 0.003 -20"><span class='ocrx_word' id='word_1_394' title='bbox 525 4251 632 4327; x_wconf 90' lang='lat' dir='ltr'>aliquis</span> <span class='ocrx_word' id='word_1_395' title='bbox 656 4269 750 4311; x_wconf 87' lang='lat' dir='ltr'>rernm</span> <span class='ocrx_word' id='word_1_396' title='bbox 773 4252 965 4312; x_wconf 89' lang='lat' dir='ltr'>humanarum</span> <span class='ocrx_word' id='word_1_397' title='bbox 987 4260 1109 4311; x_wconf 82' lang='lat' dir='ltr'>euentus</span> <span class='ocrx_word' id='word_1_398' title='bbox 1133 4271 1168 4312; x_wconf 91' lang='lat' dir='ltr'>ex</span> <span class='ocrx_word' id='word_1_399' title='bbox 1189 4255 1274 4313; x_wconf 85' lang='lat' dir='ltr'>astris</span> <span class='ocrx_word' id='word_1_400' title='bbox 1297 4252 1423 4328; x_wconf 90' lang='lat' dir='ltr'>pendere</span> <span class='ocrx_word' id='word_1_401' title='bbox 1443 4261 1547 4330; x_wconf 88' lang='lat' dir='ltr'>neget,</span> <span class='ocrx_word' id='word_1_402' title='bbox 1578 4264 1609 4312; x_wconf 91' lang='lat' dir='ltr'>at</span> <span class='ocrx_word' id='word_1_403' title='bbox 1640 4264 1722 4314; x_wconf 84' lang='lat' dir='ltr'>certe</span> <span class='ocrx_word' id='word_1_404' title='bbox 1746 4265 1882 4316; x_wconf 81' lang='lat' dir='ltr'>astrorum</span> 
     </span>
     <span class='ocr_line' id='line_1_41' title="bbox 525 4338 1881 4418; baseline 0.003 -22"><span class='ocrx_word' id='word_1_405' title='bbox 525 4340 646 4415; x_wconf 73' lang='lat' dir='ltr'>effeetus</span> <span class='ocrx_word' id='word_1_406' title='bbox 676 4338 792 4415; x_wconf 89' lang='lat' dir='ltr'>aliquos</span> <span class='ocrx_word' id='word_1_407' title='bbox 823 4342 852 4396; x_wconf 92' lang='lat' dir='ltr'>in</span> <span class='ocrx_word' id='word_1_408' title='bbox 882 4341 969 4399; x_wconf 89' lang='lat' dir='ltr'>rebus</span> <span class='ocrx_word' id='word_1_409' title='bbox 993 4340 1128 4399; x_wconf 88' lang='lat' dir='ltr'>humanis</span> <span class='ocrx_word' id='word_1_410' title='bbox 1162 4357 1321 4415; x_wconf 87' lang='lat' dir='ltr'>agnoscere</span> <span class='ocrx_word' id='word_1_411' title='bbox 1353 4349 1482 4418; x_wconf 85' lang='lat' dir='ltr'>cogatur.</span> <span class='ocrx_word' id='word_1_412' title='bbox 1526 4339 1595 4399; x_wconf 86' lang='lat' dir='ltr'>Huc</span> <span class='ocrx_word' id='word_1_413' title='bbox 1617 4341 1767 4402; x_wconf 83' lang='lat' dir='ltr'>referatur</span> <span class='ocrx_word' id='word_1_414' title='bbox 1789 4342 1881 4402; x_wconf 88' lang='lat' dir='ltr'>ioliuu</span> 
     </span>
     <span class='ocr_line' id='line_1_42' title="bbox 533 4425 1609 4501; baseline 0.003 -18"><span class='ocrx_word' id='word_1_415' title='bbox 533 4429 592 4483; x_wconf 79' lang='lat' dir='ltr'>lai</span> <span class='ocrx_word' id='word_1_416' title='bbox 618 4425 696 4484; x_wconf 90' lang='lat' dir='ltr'>illins</span> <span class='ocrx_word' id='word_1_417' title='bbox 720 4428 928 4486; x_wconf 82' lang='lat' dir='ltr'>Commentarii</span> <span class='ocrx_word' id='word_1_418' title='bbox 952 4430 980 4484; x_wconf 91' lang='lat' dir='ltr'>in</span> <span class='ocrx_word' id='word_1_419' title='bbox 1003 4427 1228 4501; x_wconf 89' lang='lat' dir='ltr'>Peurbachinm,</span> <span class='ocrx_word' id='word_1_420' title='bbox 1251 4444 1385 4487; x_wconf 91' lang='lat' dir='ltr'>necnon</span> <span class='ocrx_word' id='word_1_421' title='bbox 1409 4437 1438 4486; x_wconf 90' lang='lat' dir='ltr'>et</span> <span class='ocrx_word' id='word_1_422' title='bbox 1461 4426 1510 4487; x_wconf 80' lang='lat' dir='ltr'>iol</span> <span class='ocrx_word' id='word_1_423' title='bbox 1537 4429 1609 4487; x_wconf 79' lang='grc'><strong>197.</strong></span> 
     </span>
    </p>

    <p class='ocr_par' dir='ltr' id='par_1_5' title="bbox 522 4512 1881 5298">
     <span class='ocr_line' id='line_1_43' title="bbox 617 4512 1881 4591; baseline 0.005 -20"><span class='ocrx_word' id='word_1_424' title='bbox 617 4512 675 4572; x_wconf 85' lang='lat' dir='ltr'>Sed</span> <span class='ocrx_word' id='word_1_425' title='bbox 697 4523 860 4574; x_wconf 87' lang='lat' dir='ltr'>revertatur</span> <span class='ocrx_word' id='word_1_426' title='bbox 884 4516 977 4573; x_wconf 88' lang='lat' dir='ltr'>oratio</span> <span class='ocrx_word' id='word_1_427' title='bbox 1001 4523 1099 4573; x_wconf 89' lang='lat' dir='ltr'>nostra</span> <span class='ocrx_word' id='word_1_428' title='bbox 1123 4513 1216 4585; x_wconf 90' lang='lat' dir='ltr'>adid,</span> <span class='ocrx_word' id='word_1_429' title='bbox 1240 4514 1317 4574; x_wconf 90' lang='lat' dir='ltr'>unde</span> <span class='ocrx_word' id='word_1_430' title='bbox 1341 4523 1386 4574; x_wconf 90' lang='lat' dir='ltr'>est</span> <span class='ocrx_word' id='word_1_431' title='bbox 1408 4513 1546 4591; x_wconf 87' lang='lat' dir='ltr'>digressa,</span> <span class='ocrx_word' id='word_1_432' title='bbox 1565 4515 1692 4591; x_wconf 88' lang='lat' dir='ltr'>jamque</span> <span class='ocrx_word' id='word_1_433' title='bbox 1711 4518 1792 4577; x_wconf 88' lang='lat' dir='ltr'>inter</span> <span class='ocrx_word' id='word_1_434' title='bbox 1814 4520 1881 4576; x_wconf 80' lang='lat' dir='ltr'>viret</span> 
     </span>
     <span class='ocr_line' id='line_1_44' title="bbox 529 4598 1879 4678; baseline 0.006 -22"><span class='ocrx_word' id='word_1_435' title='bbox 529 4598 637 4658; x_wconf 89' lang='lat' dir='ltr'>relatae</span> <span class='ocrx_word' id='word_1_436' title='bbox 661 4605 857 4661; x_wconf 88' lang='lat' dir='ltr'>astronomiae</span> <span class='ocrx_word' id='word_1_437' title='bbox 881 4619 965 4660; x_wconf 89' lang='lat' dir='ltr'>suam</span> <span class='ocrx_word' id='word_1_438' title='bbox 989 4604 1077 4661; x_wconf 89' lang='lat' dir='ltr'>etiarn</span> <span class='ocrx_word' id='word_1_439' title='bbox 1100 4604 1230 4678; x_wconf 82' lang='lat' dir='ltr'>assignet</span> <span class='ocrx_word' id='word_1_440' title='bbox 1252 4602 1449 4661; x_wconf 89' lang='lat' dir='ltr'>maturitatem</span> <span class='ocrx_word' id='word_1_441' title='bbox 1473 4611 1502 4663; x_wconf 89' lang='lat' dir='ltr'>et</span> <span class='ocrx_word' id='word_1_442' title='bbox 1522 4604 1735 4663; x_wconf 88' lang='lat' dir='ltr'>consistentem</span> <span class='ocrx_word' id='word_1_443' title='bbox 1752 4613 1879 4666; x_wconf 74' lang='lat' dir='ltr'>aetatem</span> 
     </span>
     <span class='ocr_line' id='line_1_45' title="bbox 527 4686 1879 4766; baseline 0.003 -21"><span class='ocrx_word' id='word_1_444' title='bbox 527 4686 602 4745; x_wconf 90' lang='lat' dir='ltr'>Nam</span> <span class='ocrx_word' id='word_1_445' title='bbox 627 4688 705 4762; x_wconf 90' lang='lat' dir='ltr'>qnod</span> <span class='ocrx_word' id='word_1_446' title='bbox 728 4688 909 4748; x_wconf 79' lang='lat' dir='ltr'>lieinholdns</span> <span class='ocrx_word' id='word_1_447' title='bbox 933 4689 969 4750; x_wconf 92' lang='lat' dir='ltr'>de</span> <span class='ocrx_word' id='word_1_448' title='bbox 993 4689 1185 4765; x_wconf 80' lang='lat' dir='ltr'>Alphonsinis</span> <span class='ocrx_word' id='word_1_449' title='bbox 1208 4687 1351 4761; x_wconf 88' lang='lat' dir='ltr'>affirmat,</span> <span class='ocrx_word' id='word_1_450' title='bbox 1373 4691 1448 4749; x_wconf 90' lang='lat' dir='ltr'>scire</span> <span class='ocrx_word' id='word_1_451' title='bbox 1471 4689 1613 4764; x_wconf 90' lang='lat' dir='ltr'>artifices,</span> <span class='ocrx_word' id='word_1_452' title='bbox 1638 4691 1721 4766; x_wconf 89' lang='lat' dir='ltr'>quod</span> <span class='ocrx_word' id='word_1_453' title='bbox 1748 4710 1803 4752; x_wconf 84' lang='lat' dir='ltr'>eae</span> <span class='ocrx_word' id='word_1_454' title='bbox 1824 4708 1879 4751; x_wconf 84' lang='lat' dir='ltr'>euu</span> 
     </span>
     <span class='ocr_line' id='line_1_46' title="bbox 528 4773 1880 4856; baseline 0.002 -24"><span class='ocrx_word' id='word_1_455' title='bbox 528 4773 739 4849; x_wconf 89' lang='lat' dir='ltr'>phaenomenis</span> <span class='ocrx_word' id='word_1_456' title='bbox 762 4794 819 4835; x_wconf 94' lang='lat' dir='ltr'>non</span> <span class='ocrx_word' id='word_1_457' title='bbox 844 4776 969 4854; x_wconf 89' lang='lat' dir='ltr'>amplius</span> <span class='ocrx_word' id='word_1_458' title='bbox 992 4784 1170 4854; x_wconf 85' lang='lat' dir='ltr'>congruant,</span> <span class='ocrx_word' id='word_1_459' title='bbox 1201 4776 1279 4835; x_wconf 86' lang='lat' dir='ltr'>idem</span> <span class='ocrx_word' id='word_1_460' title='bbox 1302 4777 1390 4836; x_wconf 89' lang='lat' dir='ltr'>etiam</span> <span class='ocrx_word' id='word_1_461' title='bbox 1415 4776 1450 4836; x_wconf 88' lang='lat' dir='ltr'>ds</span> <span class='ocrx_word' id='word_1_462' title='bbox 1473 4776 1517 4836; x_wconf 90' lang='lat' dir='ltr'>his</span> <span class='ocrx_word' id='word_1_463' title='bbox 1541 4777 1708 4837; x_wconf 85' lang='lat' dir='ltr'>Protenicis</span> <span class='ocrx_word' id='word_1_464' title='bbox 1741 4789 1773 4840; x_wconf 83' lang='lat' dir='ltr'>et</span> <span class='ocrx_word' id='word_1_465' title='bbox 1796 4779 1880 4856; x_wconf 86' lang='lat' dir='ltr'>questi</span> 
     </span>
     <span class='ocr_line' id='line_1_47' title="bbox 522 4862 1879 4942; baseline 0.006 -23"><span class='ocrx_word' id='word_1_466' title='bbox 522 4872 591 4920; x_wconf 91' lang='lat' dir='ltr'>sunt</span> <span class='ocrx_word' id='word_1_467' title='bbox 614 4862 708 4935; x_wconf 87' lang='lat' dir='ltr'>multi,</span> <span class='ocrx_word' id='word_1_468' title='bbox 732 4865 761 4919; x_wconf 90' lang='lat' dir='ltr'>in</span> <span class='ocrx_word' id='word_1_469' title='bbox 787 4865 1042 4923; x_wconf 89' lang='lat' dir='ltr'>observationibus</span> <span class='ocrx_word' id='word_1_470' title='bbox 1066 4866 1315 4942; x_wconf 89' lang='lat' dir='ltr'>exercitatissimi,</span> <span class='ocrx_word' id='word_1_471' title='bbox 1342 4873 1371 4923; x_wconf 90' lang='lat' dir='ltr'>et</span> <span class='ocrx_word' id='word_1_472' title='bbox 1394 4863 1441 4924; x_wconf 88' lang='lat' dir='ltr'>hic</span> <span class='ocrx_word' id='word_1_473' title='bbox 1464 4867 1527 4942; x_wconf 89' lang='lat' dir='ltr'>ipse</span> <span class='ocrx_word' id='word_1_474' title='bbox 1549 4882 1645 4924; x_wconf 93' lang='lat' dir='ltr'>annus</span> <span class='ocrx_word' id='word_1_475' title='bbox 1675 4867 1772 4926; x_wconf 76' lang='lat' dir='ltr'>teau.</span> <span class='ocrx_word' id='word_1_476' title='bbox 1797 4866 1879 4928; x_wconf 87' lang='lat' dir='ltr'>docu-</span> 
     </span>
     <span class='ocr_line' id='line_1_48' title="bbox 524 4949 1879 5034; baseline 0.007 -28"><span class='ocrx_word' id='word_1_477' title='bbox 524 4958 622 5008; x_wconf 88' lang='lat' dir='ltr'>mento</span> <span class='ocrx_word' id='word_1_478' title='bbox 646 4951 700 5009; x_wconf 85' lang='lat' dir='ltr'>init</span> <span class='ocrx_word' id='word_1_479' title='bbox 724 4950 952 5024; x_wconf 85' lang='lat' dir='ltr'>evidentissimo,</span> <span class='ocrx_word' id='word_1_480' title='bbox 977 4960 1010 5011; x_wconf 91' lang='lat' dir='ltr'>ut</span> <span class='ocrx_word' id='word_1_481' title='bbox 1032 4954 1060 5008; x_wconf 92' lang='lat' dir='ltr'>iu</span> <span class='ocrx_word' id='word_1_482' title='bbox 1084 4969 1143 5028; x_wconf 91' lang='lat' dir='ltr'>quo</span> <span class='ocrx_word' id='word_1_483' title='bbox 1166 4960 1228 5011; x_wconf 90' lang='lat' dir='ltr'>toto</span> <span class='ocrx_word' id='word_1_484' title='bbox 1250 4951 1337 5011; x_wconf 89' lang='lat' dir='ltr'>stella</span> <span class='ocrx_word' id='word_1_485' title='bbox 1356 4949 1461 5010; x_wconf 88' lang='lat' dir='ltr'>Martie</span> <span class='ocrx_word' id='word_1_486' title='bbox 1483 4951 1570 5029; x_wconf 91' lang='lat' dir='ltr'>longe</span> <span class='ocrx_word' id='word_1_487' title='bbox 1594 4957 1762 5032; x_wconf 88' lang='lat' dir='ltr'>promotior</span> <span class='ocrx_word' id='word_1_488' title='bbox 1785 4954 1879 5034; x_wconf 84' lang='lat' dir='ltr'>deprc-</span> 
     </span>
     <span class='ocr_line' id='line_1_49' title="bbox 522 5035 1879 5118; baseline 0.003 -24"><span class='ocrx_word' id='word_1_489' title='bbox 522 5035 615 5094; x_wconf 91' lang='lat' dir='ltr'>bensa</span> <span class='ocrx_word' id='word_1_490' title='bbox 636 5047 681 5096; x_wconf 91' lang='lat' dir='ltr'>est</span> <span class='ocrx_word' id='word_1_491' title='bbox 705 5039 733 5095; x_wconf 92' lang='lat' dir='ltr'>in</span> <span class='ocrx_word' id='word_1_492' title='bbox 757 5036 856 5113; x_wconf 90' lang='lat' dir='ltr'>coelo,</span> <span class='ocrx_word' id='word_1_493' title='bbox 888 5055 977 5115; x_wconf 92' lang='lat' dir='ltr'>quam</span> <span class='ocrx_word' id='word_1_494' title='bbox 999 5037 1130 5098; x_wconf 87' lang='lat' dir='ltr'>calculus</span> <span class='ocrx_word' id='word_1_495' title='bbox 1153 5039 1326 5099; x_wconf 85' lang='lat' dir='ltr'>Protenicus</span> <span class='ocrx_word' id='word_1_496' title='bbox 1350 5038 1548 5114; x_wconf 90' lang='lat' dir='ltr'>praedixerat,</span> <span class='ocrx_word' id='word_1_497' title='bbox 1579 5044 1734 5118; x_wconf 83' lang='lat' dir='ltr'>crevitque</span> <span class='ocrx_word' id='word_1_498' title='bbox 1758 5041 1879 5104; x_wconf 61' lang='lat' dir='ltr'>danaus</span> 
     </span>
     <span class='ocr_line' id='line_1_50' title="bbox 522 5124 1878 5208; baseline 0.009 -29"><span class='ocrx_word' id='word_1_499' title='bbox 522 5124 576 5181; x_wconf 90' lang='lat' dir='ltr'>istc</span> <span class='ocrx_word' id='word_1_500' title='bbox 608 5125 758 5184; x_wconf 87' lang='lat' dir='ltr'>mensibus</span> <span class='ocrx_word' id='word_1_501' title='bbox 782 5125 935 5201; x_wconf 83' lang='lat' dir='ltr'>Augusto,</span> <span class='ocrx_word' id='word_1_502' title='bbox 964 5125 1146 5204; x_wconf 88' lang='lat' dir='ltr'>Septembri,</span> <span class='ocrx_word' id='word_1_503' title='bbox 1176 5125 1296 5188; x_wconf 88' lang='lat' dir='ltr'>Octobri</span> <span class='ocrx_word' id='word_1_504' title='bbox 1320 5143 1413 5203; x_wconf 90' lang='lat' dir='ltr'>osque</span> <span class='ocrx_word' id='word_1_505' title='bbox 1436 5126 1474 5186; x_wconf 92' lang='lat' dir='ltr'>sd</span> <span class='ocrx_word' id='word_1_506' title='bbox 1497 5135 1624 5203; x_wconf 90' lang='lat' dir='ltr'>quatuor</span> <span class='ocrx_word' id='word_1_507' title='bbox 1648 5135 1679 5189; x_wconf 90' lang='lat' dir='ltr'>et</span> <span class='ocrx_word' id='word_1_508' title='bbox 1700 5146 1794 5205; x_wconf 89' lang='lat' dir='ltr'>quam</span> <span class='ocrx_word' id='word_1_509' title='bbox 1815 5147 1878 5208; x_wconf 83' lang='lat' dir='ltr'>pro·</span> 
     </span>
     <span class='ocr_line' id='line_1_51' title="bbox 524 5211 1878 5298; baseline 0.006 -30"><span class='ocrx_word' id='word_1_510' title='bbox 524 5211 603 5270; x_wconf 89' lang='lat' dir='ltr'>xime</span> <span class='ocrx_word' id='word_1_511' title='bbox 633 5211 672 5271; x_wconf 90' lang='lat' dir='ltr'>ad</span> <span class='ocrx_word' id='word_1_512' title='bbox 694 5213 824 5290; x_wconf 87' lang='lat' dir='ltr'>quinque</span> <span class='ocrx_word' id='word_1_513' title='bbox 853 5212 1264 5298; x_wconf 67' lang='lat' dir='ltr'>graduummsguitndiuem.</span> <span class='ocrx_word' id='word_1_514' title='bbox 1307 5212 1385 5274; x_wconf 79' lang='lat' dir='ltr'>liam</span> <span class='ocrx_word' id='word_1_515' title='bbox 1407 5213 1488 5292; x_wconf 90' lang='lat' dir='ltr'>quod</span> <span class='ocrx_word' id='word_1_516' title='bbox 1506 5212 1711 5294; x_wconf 83' lang='lat' dir='ltr'>Reiuholdus,</span> <span class='ocrx_word' id='word_1_517' title='bbox 1744 5219 1878 5280; x_wconf 74' lang='lat' dir='ltr'>obsms·</span> 
     </span>
    </p>
   </div>
   <div class='ocr_carea' id='block_1_4' title="bbox 0 0 2234 6275">
    <p class='ocr_par' dir='ltr' id='par_1_6' title="bbox 0 0 2234 6275">
     <span class='ocr_line' id='line_1_52' title="bbox 0 0 2234 6275; baseline 0 6"><span class='ocrx_word' id='word_1_518' title='bbox 0 0 2234 6275; x_wconf 95' lang='lat' dir='ltr'> </span> 
     </span>
    </p>
   </div>
  </div>
 </body>
</html>
