4459 6275
1609 796 1777 857 mm
1811 796 2066 866 Quum.
2138 798 2277 897 pm!
2308 784 2508 857 Primass
2620 750 2627 758 ’
3274 800 3396 863 m

693 985 838 1039 quse
871 970 951 1027 sit
979 970 1181 1042 PERI,
1225 976 1642 1043 repraesentans
1677 971 1910 1029 orbitam
1941 971 2227 1043 planetae3
2276 979 2337 1029 et
2378 973 2454 1031 sit
2494 972 2761 1031 diameter
2804 971 3022 1029 brevior
3059 971 3165 1039 El,
3214 970 3405 1027 circuli

691 1064 824 1103 vero
861 1046 977 1117 ΒΤ,
1015 1055 1197 1105 erecta
1231 1048 1299 1103 ad
1335 1050 1434 1105 PR
1468 1050 1535 1105 ad
1574 1050 1802 1120 angulos
1838 1057 2034 1107 rectos.

849 1133 1138 1191 Dividetur
1161 1136 1282 1205 jam
1317 1137 1686 1195 semicirculus
1709 1137 1860 1193 ΡΟΒ
1891 1137 1950 1194 in
1965 1154 2088 1208 par-

691 1221 780 1270 tes
815 1212 1075 1283 aequales
1097 1212 1350 1285 minutas,
1387 1223 1444 1271 et
1473 1217 1585 1273 sint
1615 1214 1678 1285 P,
1717 1214 1782 1285 Ο,
1817 1215 1885 1285 N,
1924 1215 1989 1286 D,
2028 1216 2093 1276 Β,

691 1292 742 1345 Τ
775 1292 937 1362 signs
971 1290 1114 1347 inter
1146 1292 1455 1362 divisiones,
1491 1308 1560 1349 ex
1596 1292 1795 1362 quibus
1830 1292 2098 1349 ducantur

690 1369 802 1439 ipsi
841 1369 1024 1426 lineae
1069 1369 1320 1441 apsidum
1357 1372 1454 1427 PB
1481 1370 1987 1442 perpendiculares,
2037 1376 2100 1424 ut

691 1448 828 1517 ΟΠ,
863 1449 998 1518 ΝΚ,
1031 1454 1284 1503 πωπω·
1317 1448 1537 1518 ellipsin
1567 1450 1626 1505 in
1664 1450 1730 1516 Ο,
1774 1450 1826 1504 Κ
1860 1451 2097 1519 punctis.

692 1528 972 1585 Gonnexis
1006 1526 1173 1598 igitur
1193 1527 1414 1597 punctis
1439 1527 1497 1596 Ο,
1533 1527 1604 1596 Κ,
1635 1527 1703 1594 Ε,
1737 1528 1767 1583 1
1796 1528 2096 1585 sectionum

693 1622 822 1663 cum
845 1606 896 1663 A
919 1606 1064 1672 Sole,
1096 1604 1218 1663 dico
1241 1622 1447 1661 moram
1479 1606 1734 1676 planetae
1760 1606 1816 1663 in
1851 1622 1980 1663 arcu
2006 1605 2096 1661 ΡΟ
2165 1646 2178 1659 .

691 1684 998 1743 mensurari
1015 1684 1083 1741 ab
1101 1699 1231 1741 area
1241 1684 1408 1745 Pom
1426 1684 1506 1740 sic
1526 1700 1712 1741 morae
1729 1685 1787 1741 in
1803 1700 1935 1741 arcu
1950 1684 2094 1740 ΡΟΚ

694 1778 1008 1821 mensuram
1045 1778 1166 1821 esse
1185 1762 1356 1833 penes
1385 1777 1568 1819 aream
1598 1764 1801 1829 PCKA,
1837 1770 1892 1819 et
1910 1777 2094 1819 morae

689 1843 746 1899 in
783 1842 884 1897 PE
918 1856 1228 1899 mensuram
1263 1855 1432 1911 penes
1466 1856 1647 1897 aream
1667 1842 1826 1905 PEA,
1863 1841 2095 1909 denique

693 1934 882 1976 morse
903 1920 961 1976 in
977 1918 1142 1991 PER,
1169 1921 1392 1977 semisse
1417 1920 1626 1978 orbitae
1648 1921 1717 1977 ab
1742 1919 1931 1989 apside
1951 1920 1997 1975 P
2025 1918 2093 1976 ad

693 2000 942 2070 apsidem
961 1998 1011 2055 Β
1033 2012 1340 2054 mensuram
1363 2012 1484 2054 esse
1506 2012 1686 2054 aream
1704 1997 1916 2057 PERP.
1955 2014 2095 2067 quae

691 2077 884 2136 itidem
907 2076 1150 2133 semissis
1167 2083 1251 2132 est
1266 2092 1427 2132 areae
1439 2078 1610 2133 totius
1627 2075 1836 2147 ellipsis
1853 2078 2091 2136 PERIP.

879 2168 1162 2243 Ostende,
1229 2184 1507 2245 qtsanam
1571 2173 1641 2229 in
1695 2174 2088 2249 proportione

691 2276 804 2336 per
835 2258 999 2317 harre
1023 2258 1338 2318 sectionem
1368 2257 1601 2317 orbitae
1625 2259 1910 2337 planetae
1933 2276 2089 2338 par-

695 2354 778 2406 tes
821 2342 1061 2405 mediae
1099 2345 1257 2419 flant
1294 2344 1561 2417 majores
1598 2346 1882 2423 partibus
1922 2348 2088 2406 circa

694 2432 959 2511 apsidas.
1007 2430 1078 2492 In
1097 2432 1472 2509 proportione
1493 2428 1923 2493 ‘semidiametri
1943 2432 2081 2495 lon-

695 2520 878 2598 gioris
922 2516 1000 2580 ad
1043 2519 1390 2581 breviorem.

907 2616 1032 2673 Sint
1073 2618 1216 2674 euim
1263 2616 1318 2671 in
1365 2616 1571 2672 circulo
1605 2622 1791 2690 partes
1837 2621 2097 2691 aequales
2134 2621 2226 2678 ΡΟ
2276 2626 2332 2677 et
2362 2604 2511 2691 m),
2542 2618 2639 2675 illa
2685 2615 2831 2689 apud
2875 2616 3119 2688 apsidem
3164 2616 3227 2684 P,
3272 2615 3411 2675 haee

695 2696 843 2767 apud
879 2696 1274 2765 longitudinem
1307 2694 1537 2750 mediam
1573 2696 1641 2750 D.
1717 2698 1848 2753 Cum
1887 2698 2054 2768 igitur
2085 2700 2152 2755 iis
2187 2695 2558 2769 respondeant
2591 2695 2660 2753 de
2694 2700 2848 2753 secta
2880 2695 3060 2767 ellipsi
3095 2710 3255 2751 arcus
3297 2694 3409 2763 ΡΟ,

695 2778 812 2845 ΚΕ,
845 2776 964 2845 jam
987 2790 1157 2845 supra
1173 2774 1380 2831 dictum
1403 2780 1506 2843 est,
1530 2775 1633 2830 ΚΕ
1659 2791 1780 2832 esse
1806 2777 2089 2847 aequalem
2112 2780 2220 2849 ipsi
2237 2780 2289 2835 N
2290 2777 2339 2832 D
2376 2777 2691 2847 (supposita
2713 2775 2980 2832 divisione
3002 2774 3410 2845 minutissima),

695 2857 802 2912 erit
839 2856 1012 2923 igitur
1045 2852 1150 2909 ΚΕ
1183 2854 1342 2909 etism
1390 2852 1632 2923 aequalis
1667 2856 1773 2925 ipsi
1807 2856 1918 2912 ΡΟ.
1987 2857 2238 2929 Amplius
2273 2856 2475 2911 dictum
2511 2862 2623 2924 est,
2676 2854 2817 2910 sicut
2851 2868 2913 2908 se
2946 2852 3149 2909 habeat
3185 2850 3298 2908 ΟΜ
3330 2850 3401 2907 ad

695 2936 818 3001 ΜΟ,
853 2924 962 2989 boc
997 2939 1084 2989 est
1113 2932 1216 2987 DB
1250 2931 1322 2989 ad
1345 2930 1458 2995 BE,
1493 2949 1591 2987 seu
1625 2926 2024 2992 semidiameter
2055 2936 2269 3007 longior
2290 2936 2382 2991 PB
2416 2932 2487 2989 ad
2522 2933 2823 2989 breviorem
2852 2930 2966 2998 BE,
3003 2930 3081 2987 sic
3118 2946 3179 2985 se
3204 2930 3409 2986 babere

693 3013 785 3070 ΡΟ
823 3027 1014 3079 arcum
1050 3010 1238 3067 circuli
1270 3012 1340 3067 ad
1376 3012 1464 3067 ΡΟ
1500 3027 1682 3067 arcum
1717 3012 1956 3083 ellipsis:
1993 3021 2056 3070 ut
2083 3014 2252 3084 igitur
2285 3014 2377 3069 PB
2415 3012 2485 3069 ad
2508 3014 2625 3081 BE,
2662 3011 2740 3068 sie
2778 3011 2943 3067 etlam
2977 3010 3083 3068 erit
3104 3010 3209 3067 ΚΕ
3244 3024 3421 3067 arcus

693 3090 906 3166 ellipsis
941 3091 1000 3148 in
1032 3089 1213 3147 media
1247 3088 1584 3159 longitudine
1609 3090 1689 3156 ,ad
1724 3091 1813 3148 ΡΟ
1846 3108 2034 3150 arcum
2068 3092 2128 3150 in
2163 3093 2371 3165 apside.

877 3181 1046 3262 Quid
1083 3186 1358 3260 sequitur
1397 3182 1483 3242 ad
1522 3182 1682 3244 hanc
1722 3189 2041 3247 sectionem
2082 3187 2315 3248 orbitae
2357 3185 2653 3263 ellipsim
2695 3185 2763 3244 in
2794 3200 2976 3244 arcus
3006 3180 3413 3258 inaequales?

695 3271 827 3332 Hoc
869 3273 1154 3348 sequitur,
1198 3277 1265 3330 ut
1307 3270 1559 3332 arcubus
1604 3272 1831 3334 orbitae
1875 3274 2034 3336 circa
2074 3274 2281 3335 ambas
2327 3270 2564 3350 apsidas
2602 3271 2779 3330 simul
2806 3272 3041 3343 sumtis,
3088 3268 3413 3330 minoribus

693 3358 1117 3432 existentibus,
1183 3365 1242 3418 et
1301 3359 1553 3418 arcubus
1611 3360 1765 3420 circa
1808 3367 2130 3438 utramque
2177 3359 2605 3437 longitudinem
2650 3357 2906 3418 mediam
2950 3357 3131 3418 simul
3178 3356 3411 3429 sumtis,

693 3445 1020 3522 majoribus
1065 3445 1467 3522 existentibus,
1513 3448 1906 3508 attribuantur
1945 3466 2052 3525 pro
2099 3449 2383 3510 mensuris
2436 3461 2729 3505 morarum
2777 3448 2836 3505 iu
2880 3445 2951 3504 iis
2978 3461 3149 3506 areae
3183 3459 3413 3520 aequa-

693 3532 816 3594 les:
885 3549 1020 3594 cum
1077 3539 1273 3594 tamen
1331 3531 1420 3591 illi
1482 3532 1657 3594 simul
1710 3537 1886 3595 sumti
1950 3536 2165 3596 distent
2224 3533 2551 3614 aequaliter
2610 3550 2649 3593 a
2693 3531 2832 3593 Sole
2894 3549 3026 3594 cum
3088 3532 3181 3592 bis
3238 3528 3413 3591 simul

696 3621 935 3681 sumtis.

911 3717 1036 3774 Sint
1083 3717 1225 3774 enim
1269 3718 1525 3789 aequales
1575 3726 1637 3775 ut
1673 3736 1842 3792 supra
1876 3720 1964 3777 ΡΟ
1999 3727 2056 3777 et
2090 3720 2217 3791 BG,
2270 3723 2433 3777 erunt
2476 3718 2641 3776 etiam
2688 3719 2949 3790 aequales
2984 3735 3147 3778 areae
3180 3718 3315 3776 ΡΟΒ
3352 3724 3411 3776 et

695 3797 865 3854 RGB.
939 3795 1063 3852 sint
1105 3796 1300 3854 iterum
1344 3797 1599 3867 aequales
1635 3798 1738 3854 ΚΕ
1774 3805 1831 3854 et
1864 3799 1940 3854 LI
1973 3799 2118 3855 inter
2152 3815 2239 3863 se.
2287 3799 2522 3868 madores
2557 3813 2685 3855 vero
2718 3799 3025 3870 prioribus,
3073 3806 3137 3856 ut
3165 3799 3283 3870 jam
3321 3797 3413 3855 de·

695 3883 1060 3936 monstratum
1097 3885 1206 3933 est:
1246 3885 1406 3933 erunt
1441 3878 1602 3932 etiam
1639 3876 1895 3948 aequales
1932 3893 2093 3932 areae
2128 3877 2279 3932 KEB
2316 3882 2372 3932 et
2406 3876 2544 3932 LIB.

909 3955 1034 4012 Jam
1070 3973 1197 4013 vero
1234 3959 1663 4014 demonstratum
1696 3962 1806 4024 est,
1849 3960 1912 4010 ut
1948 3969 2008 4011 se
2042 3953 2210 4010 habet
2243 3953 2337 4008 PB
2375 3954 2445 4009 ad
2480 3955 2607 4022 ΒΕ,
2647 3955 2727 4014 sic
2762 3971 2824 4011 se
2856 3955 3062 4014 habere
3106 3957 3179 4020 (iu
3214 3953 3417 4011 tradita

694 4035 946 4094 sectione
980 4035 1208 4106 orbitae)
1245 4035 1348 4091 ΚΕ
1383 4035 1453 4092 ad
1481 4035 1586 4091 ΡΟ.
1660 4033 1799 4090 Sunt
1830 4033 1997 4102 igitur
2029 4033 2303 4104 triangula
2324 4032 2465 4089 ΒΡΟ
2501 4040 2557 4090 et
2581 4035 2731 4090 ΒΕΚ
2768 4035 3077 4106 (rectilinea
3110 4034 3196 4090 vel
3232 4031 3415 4102 quasi)

693 4115 1152 4184 ἀντιπεπονῦοτα,
1202 4113 1329 4185 quia
1365 4120 1427 4170 ut
1467 4111 1699 4169 altitudo
1736 4111 1895 4168 unius
1931 4111 2022 4167 BP
2057 4109 2128 4166 ad
2162 4110 2505 4168 altitudinem
2542 4112 2767 4170 alterius
2801 4113 2918 4181 ΒΕ,
2953 4116 3033 4171 sic
3066 4113 3216 4172 basis
3251 4111 3418 4182 hujus

697 4193 802 4252 ΚΕ
841 4191 912 4250 ad
949 4191 1106 4248 basin
1148 4189 1295 4246 illius
1332 4192 1437 4247 PC.
1513 4191 1693 4260 Quare
1728 4205 1885 4245 areae
1921 4189 2068 4244 ΒΕΚ
2109 4195 2165 4246 et
2198 4189 2337 4247 ΒΡΟ
2371 4195 2501 4247 sunt
2535 4189 2677 4249 inter
2711 4209 2771 4250 se
2805 4193 3080 4264 aequales.
3149 4192 3326 4265 Igitur
3360 4197 3419 4247 et

689 4277 1013 4342 junctorum
1027 4269 1194 4342 ΒΕΚ,
1227 4269 1351 4327 1311,
1372 4285 1531 4327 areae
1568 4276 1698 4326 sunt
1720 4269 1978 4339 aequales
2015 4269 2158 4326 areis
2187 4269 2508 4337 junctorum
2532 4269 2687 4341 ΒΡΟ,
2724 4271 2892 4329 BBG.
2951 4271 3059 4330 Sed
3082 4270 3236 4342 ΒΡΟ,
3267 4269 3417 4327 BRG

687 4355 922 4425 ,iunctae
958 4359 1086 4408 sunt
1103 4349 1361 4419 aequales
1390 4349 1598 4420 junctis
1619 4347 1771 4416 ΑΡΟ,
1808 4348 1973 4417 ABG,
2011 4350 2142 4420 quia
2160 4347 2477 4405 altitudines
2502 4347 2613 4419 BP,
2649 4349 2751 4406 BR
2770 4348 3027 4420 aequales
3053 4356 3181 4405 sunt
3191 4347 3419 4418 junctae

696 4427 1084 4489 altitudinibus
1124 4427 1332 4498 junctis
1381 4427 1503 4499 ΔΡ,
1550 4427 1667 4487 AR..
1737 4427 1816 4481 Et
1861 4425 2035 4496 BER,
2084 4426 2205 4482 BIL
2245 4425 2475 4496 junctae
2524 4443 2687 4485 areae
2730 4436 2861 4486 sunt
2908 4427 3167 4501 aequales
3210 4427 3419 4498 iunctis

697 4509 874 4572 ΑΕΚ,
909 4507 1060 4574 AIL,
1100 4505 1228 4578 quia
1263 4521 1429 4576 super
1462 4506 1688 4561 basibus
1724 4506 1853 4576 ΕΚ,
1892 4507 1993 4572 IL,
2029 4522 2128 4562 seu
2164 4521 2348 4562 earum
2384 4507 2823 4578 contingentibus
2858 4509 2919 4564 in
2953 4508 3032 4578 E,
3069 4509 3112 4575 I,
3147 4507 3420 4577 triangula

697 4587 869 4658 ΒΕΚ,
906 4585 1078 4656 ΑΕΚ,
1111 4584 1239 4641 item
1269 4583 1408 4654 BIL,
1446 4583 1567 4640 AIL
1603 4583 1810 4640 habeut
1845 4583 2063 4641 easdem
2097 4583 2417 4641 altitudines
2455 4586 2577 4654 BE,
2615 4586 2691 4643 131
2728 4592 2784 4643 et
2820 4587 2983 4642 bases
3020 4583 3273 4655 easdem,
3322 4585 3421 4642 ills.

699 4665 821 4736 ΕΚ,
857 4665 998 4721 haec
1031 4663 1122 4720 IL.
1191 4664 1365 4735 Igitur
1399 4664 1489 4720 bic
1525 4678 1683 4718 areae
1718 4663 1896 4726 ΕΛΚ,
1948 4664 2072 4719 IAL
2110 4665 2426 4722 tribuuntur
2461 4662 2642 4736 longis
2678 4666 2915 4721 arcubus
2950 4663 3081 4732 ΚΕ,
3116 4663 3209 4729 m,
3242 4662 3420 4734 iisque

697 4745 959 4817 aequales
1011 4760 1170 4800 areae
1223 4743 1384 4813 APC,
1441 4742 1586 4799 ABG
1642 4741 1956 4797 tribuuntur
2009 4741 2345 4798 brevioribus
2398 4746 2633 4801 arcubus
2688 4745 2801 4810 ΡΟ,
2862 4743 2961 4800 RG
3000 4742 3239 4812 junctis,
3294 4759 3415 4796 eum

699 4835 886 4880 tamen
919 4823 1137 4880 illorum
1170 4823 1462 4882 distantiae
1497 4839 1532 4876 a
1567 4820 1692 4878 Sole
1727 4821 1842 4884 EA,
1879 4821 1954 4877 AI
1986 4822 2208 4891 junctae
2246 4823 2357 4880 sint
2390 4822 2652 4893 aequales
2681 4823 2888 4892 junctis
2923 4823 3119 4879 borum
3156 4823 3267 4889 ΡΑ,
3301 4821 3416 4884 AR·

701 4913 764 4961 ut
797 4903 956 4974 prius
989 4911 1077 4960 est
1109 4902 1558 4960 demonstratum.

879 4993 951 5055 Si
991 4993 1422 5072 &aequalibus
1461 4995 1800 5070 aequaliter
1827 5012 1868 5053 a
1901 4994 2036 5056 Sole
2066 4993 2430 5057 ainomehun
2458 4997 2858 5073 mononem
2888 4995 3173 5072 aequales
3212 5009 3414 5069 areae,

702 5094 982 5162 tempora
1026 5100 1170 5143 vero
1208 5099 1316 5142 seu
1357 5099 1569 5141 morae
1612 5083 2067 5159 inaequalium,
2129 5086 2475 5160 aequaliter
2515 5102 2556 5143 a
2602 5082 2739 5144 Sole
2780 5081 3143 5143 amttam
3168 5123 3184 5154 ,
3232 5083 3419 5141 etiam

705 5170 1072 5247 brumalia
1127 5186 1246 5230 esse
1303 5169 1544 5244 debent,
1601 5188 1710 5247 per
1765 5173 2020 5230 amoma
2069 5175 2353 5249 nuperius
2406 5177 2815 5247 usurpatum.-
2880 5168 3181 5247 quomodo
3222 5169 3421 5244 ἐρίων·

705 5275 896 5320 areae
945 5257 1232 5336 aequam
1281 5260 1612 5320 audientur
1667 5273 1878 5319 moras
1935 5260 2359 5336 tinomaus?
2404 5259 2533 5319 Etsi
2574 5256 2693 5319 boe
2732 5263 2909 5338 pacto
2952 5256 3129 5334 bigae
3173 5269 3417 5320 unum
