4459 6275
776 786 778 792 ’
852 820 992 891 morsu
1009 834 1045 875 cx
1062 817 1176 877 nasum
1192 811 1394 907 eucarpum..
1708 813 1796 879 ‘sss
1882 858 1884 864 ,
1931 800 1940 809 ·

437 1022 574 1067 merorum
591 1003 708 1068 ordines,
724 998 859 1070 posterior
876 994 1050 1050 altitudinum
1061 994 1121 1065 poli
1136 995 1165 1049 iu
1177 994 1306 1064 gradibus
1325 1000 1353 1048 et
1370 990 1521 1060 scrupulis,
1538 989 1614 1060 prior
1625 987 1797 1045 differentiae
1840 1048 1845 1057 ,

436 1088 645 1145 meridianorum
662 1083 690 1136 in
708 1080 782 1134 horis
800 1083 828 1132 et
844 1075 967 1142 minutis,
994 1089 1055 1128 curn
1073 1073 1154 1128 titulo
1171 1071 1318 1128 additionis
1337 1071 1365 1125 in
1384 1069 1576 1137 orientalibus,
1601 1068 1796 1126 subtractionis

394 1220 401 1227 .
437 1164 614 1224 inocciduis.

546 1241 625 1310 Quod
643 1239 726 1309 igitur
743 1235 799 1306 poli
817 1232 973 1287 altitudines
991 1232 1097 1298 attinet,
1121 1233 1209 1286 omnis
1228 1246 1321 1285 sorum
1339 1227 1483 1309 certitudo·
1496 1230 1599 1297 pendet
1616 1232 1651 1285 ab
1670 1230 1796 1286 observa·

435 1324 555 1381 tionibus
574 1318 745 1374 coelestibus.
783 1315 850 1368 uum
868 1318 958 1366 autem
977 1309 1073 1378 paucis
1090 1309 1119 1363 in
1138 1309 1205 1364 locis
1224 1309 1260 1363 sit
1277 1308 1457 1375 obseruatum,
1475 1324 1527 1363 nec
1544 1308 1571 1362 id
1590 1325 1700 1380 semper
1717 1325 1797 1365 accu-
1839 1304 1842 1309 ’

437 1410 511 1470 rate,
530 1399 683 1455 tabularum
702 1390 942 1464 geographicarnm
954 1395 1080 1444 auctores
1091 1403 1126 1441 ea
1142 1386 1203 1441 loca
1220 1402 1237 1440 a
1254 1386 1453 1441 mathematicis
1465 1388 1616 1459 desumunt,
1636 1389 1697 1444 loca
1709 1387 1797 1443 vicina

437 1484 518 1538 unius
539 1490 567 1533 ct
585 1478 705 1546 ejusdem
725 1472 879 1543 provinciae
901 1486 951 1538 pro
976 1466 1080 1522 ratione
1102 1468 1313 1537 propinquitatis
1339 1466 1494 1521 itinerariae
1518 1474 1545 1521 at
1569 1467 1666 1536 plagae
1691 1481 1796 1521 accom-

438 1561 563 1626 modant;
589 1572 672 1624 saepe
691 1554 770 1607 etiam
789 1549 971 1620 perigraphias
989 1546 1140 1601 Ptolemaei
1157 1546 1259 1613 fidunt,
1281 1545 1329 1614 qui
1346 1544 1432 1600 solam
1450 1544 1507 1599 iere
1524 1545 1723 1615 longitudinem
1743 1542 1796 1601 diei

438 1641 557 1698 aestivae
576 1634 756 1703 longissimae,
774 1635 805 1686 nt
823 1642 881 1684 eam
901 1643 935 1681 er
955 1627 1043 1680 relatu
1062 1625 1177 1679 aliorum
1194 1625 1296 1679 habere
1315 1625 1413 1692 potuit,
1432 1632 1475 1679 est
1493 1632 1611 1679 secutus.

543 1714 654 1783 hioppis
669 1713 726 1780 jam
745 1708 875 1764 coniectis
893 1706 973 1760 hodie
992 1703 1175 1758 mathematici
1193 1709 1307 1757 utuntur
1324 1708 1454 1770 tanquam
1471 1705 1642 1771 authenticis,
1661 1718 1740 1758 versa
1756 1716 1797 1757 se.

434 1815 527 1856 rerum
546 1796 629 1860 serie,
659 1791 739 1860 pauci
761 1787 919 1854 attendunt,
947 1801 1027 1854 quarn
1049 1783 1229 1838 imbecillibus
1255 1782 1319 1837 illae
1341 1783 1482 1852 principiis
1501 1786 1555 1839 sint
1571 1784 1689 1839 innixae.
1725 1781 1797 1835 Hinc

437 1880 506 1934 adeo
525 1875 642 1928 sameas
660 1870 752 1937 aliqua
771 1868 856 1921 oritur
874 1865 955 1920 etiam
973 1866 1045 1919 circa
1067 1863 1124 1932 poli
1143 1861 1408 1931 altitudines-quod
1426 1863 1539 1917 mireris.
1575 1861 1702 1917 Lutetiae
1720 1859 1796 1914 Pari·

438 1961 539 2015 siorum
563 1953 611 2009 dat
633 1949 726 2020 Tycha
751 1949 778 2001 in
806 1946 929 2014 catalogo
948 1961 965 1999 a
981 1945 1197 2013 Longimontano
1222 1951 1345 1997 correcto
1367 1942 1416 1998 480
1442 1945 1494 2006 10¹,
1519 1958 1580 1996 cnm
1606 1938 1748 1995 Fernelius
1768 1943 1797 1992 et

437 2034 566 2091 &entius
584 2028 767 2084 mathematici
779 2024 926 2094 posuerint
944 2025 993 2078 480
1009 2023 1067 2089 tu,
1092 2021 1173 2075 Victa
1190 2021 1326 2075 recentior·
1342 2021 1392 2075 4ὅο
1409 2021 1464 2084 49’,
1483 2021 1594 2076 tabulae
1619 2027 1711 2074 tamen
1733 2032 1797 2085 geo-

435 2112 582 2185 graphicae
601 2106 759 2163 Mercatoris
778 2110 805 2158 ct
822 2102 963 2158 Piscatorii
989 2108 1084 2156 tenent
1108 2099 1251 2154 Orontium
1277 2100 1402 2168 propius,
1431 2114 1499 2166 quas
1526 2116 1576 2168 ego
1595 2105 1720 2166 secutus,
1746 2112 1794 2165 po·

435 2193 478 2248 sui
496 2189 546 2244 480
564 2190 614 2243 39’.

541 2281 620 2352 Quod
638 2278 829 2349 longitudines
846 2279 943 2333 attinet
965 2277 1099 2349 lqcornm,
1126 2290 1175 2329 seu
1195 2273 1360 2329 differentias
1379 2273 1603 2344 meridianorum,
1627 2274 1673 2328 hic
1700 2288 1744 2327 res
1762 2272 1795 2327 fit

436 2366 522 2423 multo
543 2358 706 2432 perplexior,
726 2375 786 2412 cum
806 2360 839 2412 ab
859 2355 1092 2412 observationibus
1111 2355 1197 2424 magis
1212 2354 1376 2409 deseramur.
1412 2355 1531 2411 Exstant
1543 2353 1652 2422 quidem
1664 2351 1796 2423 epichire-
1833 2384 1836 2393 ›

432 2452 508 2501 mata
528 2441 608 2507 varia,
627 2437 797 2492 differentias
816 2435 960 2503 indagandi
978 2427 1187 2489 meridianorum
1205 2449 1255 2502 per
1275 2431 1490 2498 observationes,
1519 2433 1568 2490 sed
1591 2439 1622 2489 nt
1638 2433 1698 2487 fleri
1716 2429 1795 2495 solet,

433 2527 460 2580 in
485 2521 624 2592 plerisque
642 2516 704 2587 plus
724 2522 766 2570 est
782 2515 890 2583 ingenii,
909 2529 988 2582 quam
1003 2511 1202 2568 commoditatis
1221 2512 1255 2565 ad
1275 2527 1344 2578 opus
1361 2514 1554 2580 peragendum.
1591 2513 1629 2568 Et
1647 2511 1681 2566 de
1699 2508 1796 2564 ceteris

437 2601 548 2672 quidem
566 2595 653 2649 modis
672 2608 726 2647 non
745 2598 786 2645 est
804 2592 848 2646 hic
866 2590 942 2646 locus
961 2589 1121 2651 disserendi.
1139 2589 1174 2643 de
1191 2605 1254 2659 runo,
1281 2587 1326 2657 qui
1346 2588 1533 2649 observatione
1551 2593 1647 2648 Irenae
1664 2589 1751 2644 utitur
1767 2588 1797 2643 in

434 2676 613 2748 nonagesimo
633 2671 774 2736 versantis,
794 2669 880 2725 dicam
898 2671 977 2726 inira.
1135 2672 1139 2681 “

541 2752 609 2808 Mihi
627 2751 662 2805 ad
689 2749 902 2803 concinnandum
929 2751 1002 2806 hrrnc
1027 2748 1181 2818 catalogum
1204 2750 1315 2805 servivit
1336 2748 1405 2805 baec
1426 2751 1507 2805 unica
1534 2749 1695 2806 observandi
1717 2746 1796 2818 ratio,

433 2851 485 2904 per
501 2832 623 2887 diuersos
646 2828 747 2897 junctis
767 2827 856 2895 operis
873 2827 1098 2895 administranda,
1127 2841 1187 2883 cum
1209 2830 1239 2882 in
1265 2829 1379 2885 diversis
1405 2828 1473 2884 locis
1493 2830 1671 2886 observantur
1694 2826 1796 2897 phasea

436 2920 528 2967 certae
546 2907 625 2963 unius
642 2914 670 2960 et
688 2905 809 2971 ejusdcm
827 2907 943 2974 eclipsis.
979 2907 1054 2970 Haec
1073 2905 1212 2962 obervatio
1231 2907 1274 2962 est
1292 2907 1421 2962 rarissimi
1440 2924 1529 2977 casus,
1555 2908 1603 2964 sed
1621 2922 1720 2977 magno
1739 2911 1796 2960 stn-

437 2991 484 3044 dio
501 2988 528 3041 iu
547 2985 753 3040 concinnatione
771 2983 854 3051 hujus
873 2983 987 3053 catalogi
1007 2985 1165 3054 conquisita
1201 2984 1298 3053 Neque
1318 2993 1408 3041 tamen
1421 2986 1521 3042 deiide
1540 2987 1746 3043 observatorum
1763 2984 1793 3038 in

437 3068 498 3125 aliis
516 3066 584 3120 lo'cis
603 3078 709 3131 semper
727 3071 816 3116 certus
836 3078 896 3117 esse
913 3063 998 3131 potui,
1017 3064 1068 3118 nisi
1087 3080 1149 3120 cum
1167 3064 1267 3119 diversi
1285 3066 1357 3119 inter
1374 3081 1404 3121 sc
1423 3074 1627 3121 consenserunt.

543 3145 620 3199 Circa
638 3143 710 3196 hunc
729 3141 836 3195 modium
855 3142 1062 3212 illudssinprimis
1081 3152 1124 3198 est
1142 3143 1348 3213 observandum,
1367 3143 1471 3200 solares
1490 3145 1614 3216 eclipses,
1634 3145 1795 3214 praesertim
1860 3130 1867 3142 ’

436 3240 558 3295 magnas,
582 3237 643 3278 esse
662 3222 746 3276 multo
754 3222 881 3289 ,aptiores
907 3222 1056 3278 lunaribus.
1093 3222 1174 3277 Initia
1192 3223 1262 3276 enim
1289 3239 1382 3278 earum
1400 3223 1443 3278 rel
1464 3223 1534 3278 fines
1554 3231 1681 3280 accurate
1699 3238 1796 3291 agnos·

437 3313 548 3370 cuntur,
563 3301 719 3367 daturque¹
735 3297 862 3353 distantia
883 3301 1047 3369 temporaria
1068 3300 1236 3356 diversarum
1259 3301 1385 3370 phasium
1404 3319 1438 3355 ex
1465 3301 1583 3365 calculo,
1607 3303 1646 3357 sic
1664 3308 1697 3356 ut
1714 3300 1801 3362 stiam

437 3386 562 3440 diversae
578 3382 649 3434 inter
667 3393 697 3433 se
715 3380 865 3446 comparari
883 3381 991 3447 possint
1011 3379 1123 3434 dirersis
1141 3379 1208 3435 locis
1228 3381 1402 3444 observatam
1422 3387 1448 3435 et
1466 3380 1535 3435 ratio
1554 3379 1729 3436 abstrahendi
1748 3394 1796 3448 pa·
1826 3373 1829 3379 ’

435 3464 554 3520 rollanus
578 3467 620 3515 est
650 3458 798 3512 senissima
817 3464 844 3509 et
862 3458 1046 3513 excultissima
1064 3460 1092 3512 in
1109 3459 1152 3514 his
1171 3459 1280 3513 tabulis.
1316 3460 1395 3514 Adde
1414 3460 1486 3528 quod
1506 3459 1617 3516 sedulus
1637 3461 1797 3516 observator

435 3543 604 3613 quantitates
619 3538 744 3608 pharium
763 3537 909 3591 crescentis
928 3545 955 3592 et
973 3538 1156 3596 decrescentis
1175 3539 1274 3594 circino
1293 3547 1386 3610 potest
1407 3540 1551 3610 explorare
1578 3540 1606 3595 in
1624 3538 1741 3609 tabella,
1766 3538 1796 3593 iu

437 3639 520 3692 quam
539 3618 632 3673 rrdius
651 3615 721 3670 Solis
736 3614 840 3669 incidit.
1433 3612 1434 3615 ’

545 3699 612 3753 Cum
629 3695 712 3764 igitur
729 3710 825 3747 novum
846 3701 873 3749 et
889 3693 1011 3747 insolens
1030 3695 1170 3764 quippiam
1194 3711 1237 3749 me
1260 3698 1287 3752 in
1306 3697 1360 3751 boc
1378 3695 1502 3763 catalogo
1527 3712 1623 3754 ausum
1642 3696 1792 3765 deprehen·

436 3777 528 3835 derint
546 3774 740 3839 mathematici,
762 3787 809 3825 eos
826 3777 937 3839 rogatos
956 3771 1043 3841 velim,
1071 3783 1102 3828 ut
1120 3776 1206 3842 primo
1226 3777 1344 3830 omnium
1363 3774 1567 3830 fundamentum
1593 3776 1704 3831 chartae
1721 3774 1795 3829 illius

435 3854 637 3925 geographicae
662 3851 830 3914 examinent,
858 3849 937 3916 cujus
956 3850 1055 3904 iudicio
1075 3866 1104 3903 se
1122 3860 1222 3919 putant
1239 3853 1413 3907 insolentiam
1436 3855 1631 3908 numerationis
1653 3867 1730 3907 meae
1748 3852 1795 3906 de·

436 3943 544 4002 tegere3
564 3931 660 3985 deinde
672 3935 703 3982 ut
715 3928 891 3984 fundamenta
902 3928 963 3996 ipsa
974 3926 1055 3996 plura
1072 3929 1227 3983 cirartarum
1245 3933 1316 3986 inter
1335 3948 1365 3986 se
1383 3940 1540 3999 comparant
1558 3931 1796 4001 dissensionesque

439 4023 598 4077 auctorum,
625 4009 775 4077 exquibus
795 4007 856 4061 illae
875 4023 925 4060 sua
943 4007 1119 4061 fundamenta
1137 4009 1287 4077 petierunt,
1316 4012 1350 4068 ob
1369 4010 1462 4065 oculos
1482 4019 1585 4079 portant
1602 4017 1794 4079 reputantque,

435 4093 540 4149 nubam
558 4088 658 4145 chartis
676 4088 710 4141 ab
728 4084 914 4153 usurpationis
933 4085 1110 4140 diuturnitate
1129 4086 1260 4153 majorem
1272 4089 1461 4143 rumor-batem
1480 4089 1617 4158 accedere,
1636 4105 1718 4158 quam
1736 4098 1796 4145 erat
1879 4157 1884 4168 Ι

442 4209 566 4220 -ι--υ-
580 4208 609 4214 ...-

440 4265 574 4333 (Regiom.
593 4261 675 4316 Primi
693 4259 803 4315 Mobilis
821 4258 907 4327 probl.
926 4260 994 4327 lh),
1013 4257 1163 4314 Wernerus
1187 4260 1271 4315 habet
1288 4262 1344 4332 32’;
1370 4280 1403 4318 ex
1421 4265 1554 4335 principio
1577 4271 1668 4320 tamen
1687 4264 1795 4336 eclipsis
1831 4318 1836 4327 ,

435 4342 500 4397 anni
522 4344 596 4397 tter.
616 4341 661 4396 rs
679 4340 738 4393 Jan.
760 4339 902 4407 utrobique
921 4339 1065 4393 observato
1092 4340 1205 4404 (Romae
1223 4341 1332 4408 quidem
1351 4342 1377 4395 h.
1397 4346 1421 4399 b.
1440 4345 1497 4413 24⁶,
1515 4342 1681 4411 Noribergac
1700 4359 1716 4397 a
1733 4359 1795 4399 nes·
1878 4389 1881 4396 .

436 4424 480 4477 cio
500 4437 554 4489 quo
572 4420 599 4473 h.
618 4422 643 4475 4.
662 4420 715 4484 52¹)
740 4417 903 4484 colliguntur
921 4420 972 4474 28‘.
1010 4420 1131 4489 Apianae
1150 4423 1178 4477 in
1202 4424 1392 4488 ,Astrolabio“
1416 4426 1488 4480 inter
1505 4422 1748 4492 Regiomontanum
1767 4429 1796 4478 et

437 4503 600 4557 Weruernm
625 4498 742 4553 medium
765 4498 815 4552 sibi
840 4500 946 4553 certauit
969 4498 1122 4568 eligendum
1141 4501 1192 4556 34¹.
1235 4503 1397 4560 Maestlinus
1422 4512 1513 4559 tamen
1537 4510 1564 4555 et
1586 4502 1742 4558 Everardus
1767 4510 1796 4558 et

437 4579 573 4649 Origanus
593 4580 752 4632 wernerum
770 4576 882 4644 propius
901 4583 1003 4645 tenent,
1023 4580 1172 4633 statuentes
1192 4582 1244 4636 330.
1278 4583 1314 4637 At
1332 4581 1481 4638 Stueflerns
1499 4583 1527 4636 in
1546 4580 1721 4653 Calendario,
1740 4599 1794 4637 nou

436 4666 543 4714 attenta
564 4656 687 4710 Werncri
705 4655 901 4718 observatione,
926 4656 1021 4710 statuit
1040 4658 1090 4716 te,
1110 4674 1190 4727 quem
1213 4659 1320 4714 videtur
1345 4669 1456 4718 secutus
1474 4662 1594 4732 Apianns
1612 4663 1749 4729 posterius
1767 4662 1794 4717 in

437 4739 615 4804 ,Caesareo“,
634 4741 757 4788 statuens
780 4735 828 4789 19¹.
865 4734 902 4786 ut
924 4735 1050 4802 blaginus
1072 4737 1191 4791 medium
1209 4738 1291 4806 elegit
1314 4741 1385 4794 inter
1403 4740 1501 4809 Apiani
1524 4740 1641 4808 priorem
1660 4749 1688 4795 et
1707 4739 1795 4794 Stoei·

436 4819 487 4873 leri
506 4815 686 4880 traditionem,
707 4822 830 4869 statuens
849 4813 898 4868 26¹.
936 4814 1091 4870 Schoncrus
1114 4819 1142 4872 in
1163 4819 1332 4880 „Resolutist
1357 4820 1440 4874 habet
1463 4818 1637 4881 tantnm12⁴,
1656 4817 1728 4887 quod
1747 4821 1794 4874 ob·

435 4906 547 4954 servant
564 4895 700 4950 uercatm
718 4898 745 4947 et
763 4893 887 4948 Hondius
905 4894 932 4947 in
950 4895 1065 4963 mappis.
1102 4896 1212 4951 Stadios
1229 4896 1257 4951 in
1275 4896 1504 4967 Ephemeridibus
1522 4895 1606 4951 habet
1627 4898 1677 4960 1³⁶,
1695 4898 1794 4952 Janso·

435 4980 497 5034 rrius
526 4976 553 5029 in
578 4988 677 5041 mappa
704 4971 849 5026 universali
879 4972 913 5024 ad
941 4975 980 5028 10⁴
1000 4973 1173 5029 descendisse
1197 4975 1312 5030 videtur.
1354 4976 1413 5042 Ego
1440 4977 1531 5046 potins
1559 4975 1793 5031 observationibus

436 5056 578 5125 eclipsinm
597 5053 691 5106 Lunae
710 5051 823 5118 duabus,
842 5053 944 5105 Rornae
962 5052 1074 5121 habitis,
1101 5069 1135 5107 ex
1153 5056 1230 5110 annis
1248 5057 1326 5122 1616,
1347 5055 1423 5123 ihil,
1452 5071 1519 5124 quas
1537 5063 1566 5109 et
1584 5068 1634 5123 ego
1653 5058 1794 5113 observavi

436 5135 534 5198 Lincii,
554 5147 688 5187 consensu
707 5130 806 5197 fidens,
835 5130 958 5185 Lincium
977 5132 1063 5188 Romu
1081 5133 1239 5189 orientalius
1264 5133 1334 5188 facio
1356 5138 1404 5202 tu‘,
1423 5141 1553 5204 quantum
1577 5142 1606 5188 et
1623 5133 1793 5205 Urmtbmgo

437 5230 487 5283 pur
506 5211 562 5266 obs.
581 5209 656 5263 alias.
693 5208 735 5262 Ita
752 5208 817 5262 mihi
836 5210 923 5264 Roma
940 5218 967 5264 et
986 5210 1187 5280 Uraniburqum
1205 5209 1257 5268 sub
1276 5213 1391 5270 eundem
1408 5214 1520 5269 romunt
1537 5211 1727 5283 meridianum,
1746 5214 1793 5286 qni

437 5287 632 5360 lloribergensi
648 5300 704 5341 non
720 5284 783 5356 plus
801 5303 882 5358 quam
899 5287 926 5342 4¹
945 5294 987 5349 sat
1005 5288 1168 5346 urmntalior.
