4459 6275
336 756 341 771 '
444 773 505 831 era
924 761 957 816 u
978 758 1098 817 rasum
1117 759 1306 832 aureuma

442 960 497 1021 ego
529 956 646 1019 quoque
675 940 819 1015 indicari,
851 948 882 1002 et
903 956 969 999 mea
992 938 1097 1005 dehis
1127 946 1225 999 exstat
1246 939 1391 1017 epistole,
1421 956 1500 1000 anno
1526 942 1612 1001 1601
1638 938 1745 1001 Gn'itio
1765 942 1799 1002 sd

397 1050 399 1057 ·
442 1029 513 1091 Job.
537 1029 698 1088 Antonium
720 1028 888 1105 Magiuum,
919 1026 1119 1087 Professorem
1140 1027 1307 1087 matheseos
1330 1029 1359 1085 iu
1382 1031 1538 1105 gymnasio
1564 1028 1718 1089 Patauino
1739 1047 1800 1106 per·

442 1120 563 1194 scripte,
588 1132 677 1193 quam
700 1115 749 1175 ille
774 1123 841 1175 ante
864 1113 918 1173 bos
945 1116 982 1171 la
1007 1130 1108 1186 annos,
1132 1132 1178 1174 me
1201 1116 1308 1188 inscio,
1331 1116 1455 1192 primum
1479 1115 1575 1176 edidit
1598 1117 1756 1176 Bononiae
1776 1120 1799 1175 iu

442 1222 496 1264 suo
518 1202 720 1282 supplemento
744 1200 986 1279 premeridum,
1019 1208 1122 1277 estque
1144 1218 1280 1261 recusum
1309 1201 1365 1262 hoc
1387 1203 1460 1279 ejus·
1475 1219 1552 1280 opus
1584 1220 1656 1263 cum
1681 1204 1800 1284 epistole

442 1309 507 1353 mea
528 1307 605 1350 auno
632 1292 714 1349 1614
737 1290 929 1349 l'reucoinrti.
952 1294 1009 1347 (cir.
1030 1297 1078 1347 vol.
1098 1296 1143 1346 111.
1166 1310 1191 1359 p.
1213 1298 1246 1346 ei
1265 1306 1308 1354 ss.)

531 1378 605 1437 Cum
626 1386 726 1447 autem
749 1377 964 1436 commentaria
985 1394 1051 1435 mea
1077 1375 1140 1452 jem
1163 1376 1241 1435 dicte
1262 1375 1300 1435 de
1321 1378 1449 1437 motibus
1476 1377 1584 1438 stellae
1607 1377 1720 1439 Martis
1741 1388 1799 1439 tau·

441 1482 529 1542 quam
558 1471 670 1543 partem
700 1467 795 1542 operis
822 1464 987 1524 tabularum
1018 1480 1036 1522 a
1067 1462 1207 1540 Tychoue
1237 1462 1352 1523 Brabeo
1382 1463 1492 1539 relicti,
1524 1466 1659 1541 primum
1690 1470 1801 1543 incepta

440 1553 617 1625 Beuatieae,
649 1550 883 1630 ediderim'post
906 1568 999 1610 annos
1025 1569 1043 1611 a
1065 1558 1158 1610 morie
1180 1550 1330 1628 Tycbonis
1353 1559 1435 1625 oete,
1466 1552 1627 1628 blaginus,
1659 1570 1799 1614 morarum

442 1641 614 1716 impatiens,
645 1657 681 1698 ex
704 1654 739 1698 eo
762 1656 849 1715 opere
872 1640 1055 1715 computavit
1076 1638 1194 1697 tabulas
1217 1638 1517 1717 proethapbecreseon
1542 1640 1654 1701 Martis
1679 1659 1718 1701 ex
1739 1642 1800 1701 inu·

441 1726 588 1786 dementis
611 1725 728 1802 quidem
750 1743 769 1785 a
791 1743 838 1786 me
861 1728 980 1803 positis,
1010 1732 1041 1786 ai
1063 1726 1156 1784 lorum
1185 1734 1281 1785 tamen
1305 1728 1429 1800 usitata}
1460 1744 1573 1804 easque
1596 1736 1718 1804 partem
1739 1729 1798 1789 lecit

440 1813 635 1893 supplementi
663 1815 726 1888 sui;
756 1815 893 1891 repetivit
921 1821 950 1872 et
982 1811 1098 1872 tabulas
1129 1821 1260 1872 motuum
1290 1811 1368 1872 Solis
1398 1821 1428 1873 et
1455 1814 1560 1875 Lunae
1590 1832 1629 1876 ex
1661 1814 1797 1877 Temni

439 1900 743 1979 Progymnesmatum.
781 1899 979 1959 Millenarium
1003 1916 1073 1959 vero
1095 1900 1219 1959 fixarum
1241 1899 1361 1976 plenum
1383 1908 1412 1961 et
1426 1902 1590 1979 perfecerat
1604 1902 1716 1981 Tycho
1731 1905 1798 1963 Bra·

438 1987 521 2062 heus,
545 1996 701 2064 autequam
725 1990 837 2048 veniret
864 1990 893 2045 iu
916 1987 1105 2060 Bohemiam,
1137 1994 1167 2046 ei
1189 1988 1367 2064 exemplaria
1396 1991 1598 2068 manuscripta
1628 1994 1745 2069 passim
1764 1990 1796 2051 ad

443 2075 636 2135 bibliothecas
658 2074 773 2150 Regum
797 2083 826 2136 et
847 2074 1015 2151 Principum
1039 2076 1212 2134 transmisit'
1255 2072 1347 2135 Unius
1363 2074 1507 2137 Viennam
1529 2078 1615 2137 missi
1639 2078 1723 2138 lator
1742 2082 1797 2155 ime

364 2235 366 2237 Ι
441 2162 497 2237 lui,
529 2179 594 2223 cum
624 2178 700 2221 anuo
728 2164 820 2224 1600.
844 2163 985 2222 Boustica
1015 2161 1175 2221 Bohemiee
1204 2160 1356 2223 discedens
1386 2166 1473 2241 inque
1500 2163 1637 2242 styriam
1671 2184 1795 2245 pergem¹

440 2249 585 2310 Vieuuem
600 2252 777 2309 hausissem.
815 2248 859 2308 Ex
874 2249 978 2309 borum
1000 2250 1088 2325 igitur
1104 2248 1313 2325 exemplarium
1325 2267 1383 2309 uno
1395 2249 1569 2311 crediderim
1581 2252 1604 2312 J
1611 2269 1632 2312 o
1643 2252 1795 2313 hannem

441 2334 769 2414 Grueupergernm
800 2335 905 2397 eSoc.
928 2336 1004 2397 Jesu
1033 2336 1087 2395 has
1117 2336 1197 2396 mille
1219 2337 1293 2398 fixas
1322 2340 1350 2396 in
1374 2355 1458 2398 suam
1486 2337 1522 2399 de
1546 2340 1617 2399 lixis
1641 2340 1794 2401 editionem

438 2422 601 2485 Romanam
624 2422 788 2509 derivarem
817 2441 886 2484 uem
908 2426 1020 2484 numeri
1044 2424 1236 2483 consentiunt
1284 2424 1408 2485 Easdem
1431 2425 1511 2487 mille
1534 2426 1611 2487 lixas
1637 2435 1671 2488 et
1693 2428 1796 2507 Longi·

439 2520 594 2571 montanus
618 2514 647 2570 iu
670 2530 754 2573 suam
776 2513 994 2573 Astronomiam
1011 2512 1155 2572 Dauicem
1179 2514 1309 2583 inseruit,
1332 2516 1418 2573 unico
1442 2513 1640 2591 longitudinis
1664 2517 1795 2595 scrupulo

438 2596 612 2660 differentes.

526 2687 573 2746 lta
592 2687 655 2763 jam
678 2686 728 2746 diu
751 2695 809 2761 est,
845 2704 911 2747 cum
934 2704 969 2746 ex
992 2685 1049 2744 hoc
1077 2689 1273 2746 astronomiae
1297 2686 1469 2747 Braheauae
1496 2690 1660 2766 nauhsgio
1683 2690 1791 2751 tabulas

441 2783 580 2852 exceptae
603 2774 726 2851 cymbae
758 2778 883 2851 quisque
906 2791 978 2835 suae
1000 2774 1108 2850 alligit,
1141 2782 1315 2851 constatque
1338 2775 1477 2834 studiosis
1508 2782 1716 2840 astronomiae
1737 2778 1794 2857 pln-

442 2862 517 2921 rium
540 2864 724 2935 testimonio,
757 2879 902 2939 quaenam
925 2862 1028 2921 harum
1051 2860 1217 2920 tabularum
1239 2870 1336 2939 partes
1358 2860 1508 2939 Tychonis
1531 2864 1645 2925 Brshei
1670 2870 1730 2925 sint
1748 2884 1794 2941 ge·

441 2952 559 3024 uuiuse,
583 2965 660 3025 quse
683 2951 812 3010 vicissim
835 2968 928 3022 meae,
952 2956 1003 3009 eut
1018 2948 1126 3023 quibus
1148 2967 1257 3009 novam
1272 2967 1327 3026 ego
1346 2948 1466 3009 lormaui
1484 2950 1655 3013 indiderim.
1695 2952 1793 3013 Obser-

442 3040 577 3098 vationes
600 3045 678 3097 cerie
692 3037 926 3099 fundamentales
948 3038 1110 3115 praesentis
1125 3040 1231 3096 aetatis
1254 3037 1419 3114 ubicunque
1436 3040 1518 3116 potui
1541 3056 1581 3099 ex
1603 3040 1674 3100 solo
1688 3040 1791 3101 Brabro

440 3123 552 3202 delegi,
582 3133 743 3186 ceterorum
775 3134 804 3187 et
826 3144 906 3186 meae
930 3122 1084 3184 nonnullas
1114 3130 1227 3185 tantum
1258 3131 1310 3186 aut
1331 3143 1489 3187 cousensus
1510 3144 1621 3204 causa,
1658 3138 1712 3190 aut
1731 3132 1790 3208 quis

439 3211 625 3291 Tychonicee
648 3211 686 3272 ad
709 3213 771 3274 dies
793 3214 864 3273 mihi
887 3221 1067 3290 opportunos
1089 3228 1147 3271 uon
1171 3213 1380 3290 suppetebant,
1404 3213 1527 3274 adsciri.

524 3301 632 3360 Verum
657 3300 693 3361 de
716 3301 799 3360 hisce
824 3301 948 3377 singulis
971 3309 1000 3359 et
1024 3299 1193 3358 dictumest
1216 3300 1345 3359 nonnihil
1368 3303 1397 3358 in
1415 3301 1638 3364 introductione
1663 3305 1702 3364 ad
1723 3323 1790 3364 meas

439 3387 647 3465 Ephcmerides
671 3396 701 3447 et
723 3389 807 3466 plura
830 3388 945 3447 dicendi
974 3387 1057 3445 loeus
1081 3390 1135 3445 crit
1157 3387 1241 3448 nlius.
1285 3388 1418 3448 Tabulae
1442 3391 1518 3448 enim
1550 3397 1728 3452 manuariae
1748 3393 1789 3450 de·

436 3475 506 3534 bont
529 3493 633 3535 vacare
656 3476 793 3553 pondere,
818 3476 896 3552 quod
920 3494 937 3533 a
959 3475 1080 3551 prolixis
1103 3478 1273 3533 commentis
1296 3478 1338 3534 eis
1361 3476 1520 3536 accederet.
1565 3479 1692 3538 Interim
1715 3481 1789 3538 hahet

436 3562 529 3622 lector
552 3562 660 3624 editam
684 3584 702 3623 a
724 3582 770 3623 me
794 3581 870 3623 anrro
898 3565 989 3621 1621.
1016 3562 1165 3636 Epitomcs
1188 3562 1393 3622 Astronomiae
1420 3572 1535 3641 partem
1559 3567 1738 3638 theoricam,
1765 3571 1786 3622 iu

438 3667 496 3726 quo
525 3650 600 3710 libro
631 3660 659 3710 et
683 3652 790 3711 lormas
811 3652 1017 3729 hypothesium
1046 3649 1264 3723 particularium
1287 3649 1443 3730 (generalis
1474 3655 1567 3726 enim,
1599 3665 1634 3712 ut
1659 3657 1689 3714 iu
1713 3657 1787 3714 l'om-

437 3741 587 3798 mentariis
610 3738 713 3798 Martis
749 3739 962 3810 demonstravi,
996 3739 1157 3794 communis
1186 3746 1230 3795 est
1260 3746 1289 3797 et
1319 3737 1489 3798 Ptolemaeo
1519 3749 1549 3798 et
1574 3740 1740 3817 Copernico
1764 3753 1787 3798 ei

435 3825 582 3903 Tychoni)
605 3835 633 3885 et
655 3826 825 3886 methodum
849 3823 1037 3903 computandi
1062 3841 1096 3883 ex
1121 3826 1157 3883 iis
1181 3841 1280 3884 ornnes
1303 3835 1332 3884 ct
1355 3827 1484 3901 singulas
1508 3826 1616 3886 harum
1634 3830 1788 3889 tabularum

434 3922 532 3989 partes
555 3916 691 3973 inveniet.
897 3972 902 3982 ,

521 4001 578 4060 Hic
607 4010 763 4078 antequam
794 4001 925 4061 desinam
955 4000 1038 4059 locus
1062 3999 1180 4075 quidem
1210 4016 1256 4058 me
1287 3999 1441 4073 adruonet,
1472 4008 1506 4059 ut
1535 4020 1680 4062 excusem
1703 4019 1786 4060 moras

435 4089 573 4150 editionis
603 4090 768 4148 tabularum
798 4092 918 4148 istarum
946 4097 1005 4147 tam
1035 4086 1199 4160 diuturnas,
1232 4089 1339 4164 quippe
1365 4088 1412 4148 hic
1434 4090 1592 4149 vicesimus
1618 4101 1650 4149 ct
1674 4099 1783 4166 quartur

434 4186 480 4238 est
513 4195 531 4236 a
566 4186 658 4237 morte
687 4176 836 4254 Tyclronis
866 4176 972 4235 Bralrei
1004 4193 1110 4249 annus,
1146 4192 1204 4251 quo
1236 4191 1291 4250 ego
1322 4183 1384 4235 toto
1414 4185 1546 4251 tempore
1577 4180 1669 4236 trium
1701 4178 1783 4252 lmpp.

434 4267 653 4326 austriacorum
677 4264 822 4342 stipendia
844 4281 940 4325 mereo
964 4264 1069 4335 aulica,
1094 4264 1201 4337 quihus
1217 4265 1341 4321 accessit
1363 4265 1573 4338 posterioribus
1591 4269 1681 4323 annis
1706 4269 1783 4324 etiam

433 4355 592 4415 Procerum
616 4351 830 4410 Archiducatus
855 4353 990 4411 Austriae
1008 4351 1224 4426 Suprauisanae
1247 4350 1423 4425 stipendium
1447 4369 1586 4410 curruum.
1637 4355 1745 4412 l'crum
1764 4355 1783 4407 ri

433 4450 547 4520 tempus
572 4438 681 4499 dudum
705 4443 843 4498 amissum
866 4439 950 4498 aliter
972 4439 1088 4514 pensari
1111 4439 1221 4513 nequit,
1245 4440 1300 4494 uisi
1324 4444 1352 4496 ct
1369 4441 1506 4513 temporis
1530 4449 1560 4498 et
1581 4457 1693 4516 operae
1708 4457 1783 4518 pne·

433 4532 524 4592 sentis
555 4526 719 4605 impendio,
752 4530 848 4603 potius
877 4528 964 4602 igilur
995 4527 1160 4602 praeseutia
1191 4526 1382 4598 retineamus,
1411 4526 1512 4601 elapsa
1538 4527 1740 4604 relinquamus
1759 4530 1782 4583 in

433 4619 585 4695 vituperio.
632 4614 693 4673 ldisi
718 4613 903 4673 difficultates
925 4613 1085 4671 aulicorum
1100 4612 1381 4689 impedimentorum,
1405 4616 1576 4688 praesertim
1593 4616 1684 4674 bellis
1703 4619 1781 4673 inter·

435 4705 624 4775 currentibus,
649 4718 743 4777 neque
767 4704 893 4777 expertis
917 4717 1143 4761 commemorare
1166 4709 1350 4771 necessecst,
1373 4717 1469 4776 neque
1490 4703 1600 4776 ignaris
1617 4701 1781 4780 persuadere

435 4796 528 4858 lacile.
575 4789 652 4866 Quid
677 4806 760 4863 vero,
792 4791 937 4865 superatis
961 4790 996 4846 iis
1021 4787 1257 4858 difficultatibus,
1286 4787 1476 4847 meditatione
1498 4791 1555 4846 eim
1580 4791 1698 4849 interim
1720 4807 1781 4848 cou-

437 4895 551 4946 secnnrs
566 4878 693 4950 cnidus,
718 4895 793 4954 quae
809 4875 963 4936 commoda
985 4894 1020 4935 ex
1043 4877 1141 4948 moris,
1166 4877 1342 4934 contentioni
1359 4876 1584 4935 meditationum
1600 4879 1779 4955 interpositis.

438 4967 661 5034 nudaverint
694 4967 720 5024 in
749 4965 955 5042 perlectionem
986 4961 1191 5040 philosophiae
1218 4961 1368 5034 coelestis,
1400 4972 1429 5022 et
1451 4963 1517 5022 libri
1541 4968 1600 5022 mei
1625 4965 1779 5042 loquemur.

440 5079 512 5140 qm
542 5061 652 5120 interea
674 5052 798 5134 publicis
821 5052 924 5112 usibus
947 5051 1079 5124 exhibui,
1111 5057 1140 5110 et
1171 5052 1245 5109 ratio
1268 5051 1332 5127 ipss
1353 5050 1584 5127 philosophandi
1615 5057 1779 5126 novitasque

443 5151 637 5210 m
675 5143 822 5220 ludusque
849 5139 1046 5202 annuemus
1076 5136 1231 5198 translatio
1261 5138 1449 5214 inopinabilis
1480 5157 1499 5196 a
1528 5141 1647 5200 circulis
1681 5139 1777 5198 iictiriis

447 5237 485 5300 d
500 5253 606 5300 n
621 5227 784 5328 neb,
810 5225 955 5308 indagatu
976 5224 1239 5326 'preluudissimsm
1269 5224 1416 5302 explicatu
1445 5233 1476 5285 et
1499 5227 1666 5302 calculatu,
1695 5229 1776 5304 primo
