4459 6275
607 1713 959 1851 lllltllllltllll
996 1685 1278 1847 ltnllllll
1300 1712 1605 1828 slllllltlll

962 1944 1066 2007 PARS
1090 1943 1248 2005 TERTIA.

495 2122 549 2205 ΕΕ
574 2034 745 2203 ntroin
770 2116 825 2200 ET
851 2116 1098 2217 dLlTlUlllllE
1125 2098 1259 2219 tillio,
1286 2116 1440 2200 innuis
1466 2117 1521 2201 ΕΤ
1548 2116 1705 2202 ocello

444 2238 704 2337 dlllGUlllUSl,
741 2238 931 2333 EJUSQUE
958 2238 1245 2447 lllSDlllFNngsliAlNE
1278 2238 1331 2320 ln
1358 2237 1486 2342 nillil,
1525 2239 1630 2322 lond
1657 2239 1785 2323 otilo

520 2664 598 2725 Cum
620 2663 724 2740 plebes
751 2662 861 2721 Terrae
883 2663 1056 2738 lonpissime
1071 2662 1234 2723 intervallo
1256 2661 1342 2721 distet
1356 2678 1377 2719 c
1391 2678 1534 2739 snprene
1549 2664 1637 2736 coele,
1661 2682 1784 2740 penne,

440 2753 506 2827 qaid
532 2752 651 2828 expleat
682 2749 761 2808 illud
787 2748 1006 2809 interuallum?
1049 2750 1154 2810 Terras
1187 2748 1305 2827 quidem
1336 2757 1366 2808 ct
1394 2749 1536 2810 interfusa
1565 2749 1663 2812 Terris
1694 2755 1787 2813 marie

440 2842 563 2915 proxime
586 2836 709 2897 includit
732 2844 761 2897 et
783 2837 875 2897 ambit
897 2840 956 2910 air,
981 2837 1065 2914 cujus
1080 2854 1196 2898 summa
1209 2835 1335 2897 altitudo
1354 2839 1405 2895 vix
1419 2836 1534 2898 excedit
1548 2855 1685 2917 suprema
1699 2856 1786 2900 mou-

439 2930 502 2987 tinm
522 2929 614 3003 juge,
637 2942 727 3004 supra
748 2929 846 2985 adrem
870 2941 938 2984 sero
961 2927 1092 3003 proxime
1114 2923 1246 2987 succedit
1269 2924 1499 2998 aursaetberca,
1527 2943 1579 3002 per
1601 2933 1694 2986 totum
1716 2928 1785 2988 uni-

438 3032 548 3074 rersnm
572 3014 647 3085 iuss,
671 3016 713 3072 sle
736 3020 770 3071 ut
789 3030 840 3089 per
863 3029 927 3072 eam
950 3013 1080 3074 serentur
1102 3012 1237 3092 planetae
1261 3020 1291 3072 et
1313 3020 1445 3074 cometae
1468 3020 1498 3074 ct
1516 3013 1706 3077 disseminata
1727 3017 1787 3079 sint

439 3102 547 3180 reliqua
569 3116 694 3177 corpure
715 3099 855 3160 coelestia
877 3100 950 3175 fixa,
973 3102 1035 3162 suis
1058 3117 1193 3180 quaeque
1215 3101 1386 3178 reg-ionibus
1409 3104 1634 3180 circumscripte

521 3190 590 3267 Quo
612 3189 786 3248 discrimine
807 3196 879 3247 sunt
901 3192 981 3248 inter
1001 3208 1032 3248 sc
1054 3189 1156 3250 σαῶσι·
1178 3197 1206 3249 et
1227 3188 1304 3249 eii?
1347 3187 1477 3267 Uterque
1499 3190 1605 3251 fluidus
1629 3198 1682 3267 est,
1705 3200 1786 3252 uter·

436 3294 486 3353 que
510 3275 686 3355 pellucidus,
710 3284 833 3352 uterque
855 3293 907 3354 pro
930 3276 1100 3338 diuersitate
1123 3276 1254 3338 locorum
1280 3283 1314 3336 et
1335 3283 1499 3362 temporum
1530 3280 1664 3356 puritatis
1688 3282 1786 3341 varia-

435 3364 517 3441 bilis;
541 3363 680 3424 differunt
702 3371 798 3424 temen
822 3363 984 3423 manifestis
1007 3373 1042 3425 et
1058 3365 1215 3426 sensilibus
1236 3351 1376 3442 gradibus
1398 3359 1618 3443 pelluciditetis.
1681 3409 1684 3416 ·

516 3452 650 3528 Explica
676 3451 730 3512 boc
755 3450 971 3526 pelluciditatis
993 3452 1154 3513 discrimen
1179 3471 1235 3530 per
1262 3470 1371 3513 censes
1397 3470 1478 3515 enea.
1526 3450 1632 3531 Optica
1662 3455 1788 3516 scientia

435 3546 490 3600 tres
515 3556 622 3600 causas
637 3535 846 3616 pelluciditatis
861 3538 968 3599 tradit.
995 3536 1024 3620 1)
1046 3540 1190 3601 internam
1205 3542 1356 3616 unitatem,
1380 3540 1412 3619 2)
1436 3540 1607 3602 tenuitatem
1631 3548 1661 3603 et
1683 3544 1713 3614 3)
1728 3559 1786 3620 pu·

432 3629 546 3689 ritstem
569 3628 608 3687 ab
632 3628 853 3703 inquinamento
876 3624 1015 3687 colorum.

515 3715 550 3774 In
574 3716 669 3793 prima
692 3716 780 3791 igitur
802 3731 893 3774 cause
914 3731 989 3791 pene
1011 3732 1097 3791 pares
1120 3721 1188 3776 sunt
1211 3715 1303 3791 gradu
1327 3720 1377 3776 eir
1400 3723 1429 3775 ct
1450 3715 1568 3791 aetber;
1595 3733 1663 3775 nam
1687 3714 1786 3775 fluidi-

397 3810 399 3814 '
431 3809 473 3862 tas
497 3804 614 3879 utrique
638 3803 800 3862 communis
822 3810 959 3863 causator
981 3803 1123 3863 internam
1147 3805 1304 3877 unitatem,
1331 3805 1355 3862 si
1378 3802 1451 3862 nihil
1479 3802 1707 3879 heterogenennr
1730 3803 1785 3864 ad-

434 3893 600 3950 misceatur.
647 3890 716 3949 Acri
740 3896 837 3948 tamen
861 3885 989 3949 crebrius
1013 3897 1043 3950 et
1064 3892 1212 3966 copiosius
1241 3890 1438 3950 admiscentur
1466 3888 1668 3951 exhalationes
1690 3891 1786 3950 siccae
1881 3866 1904 3908 .·

433 3986 461 4036 et
482 3979 564 4052 inrui,
588 3974 755 4037 dividentes
777 3977 920 4035 internam
943 3978 1087 4036 unitatem
1108 3980 1185 4038 a'e'ris
1209 3977 1334 4053 humidi;
1357 3976 1458 4037 aether
1480 3976 1668 4053 amplissimis
1682 3978 1787 4053 spatiis

433 4063 561 4137 diffusus,
584 4066 679 4124 rarius
702 4072 732 4123 et
754 4064 943 4140 paucioribus
972 4067 1034 4124 suis
1056 4065 1206 4142 partibus,
1239 4066 1346 4141 quibus
1372 4064 1477 4141 globos
1506 4066 1638 4143 proxime
1659 4066 1785 4141 attingit,
1845 4081 1849 4087 ·

433 4153 468 4212 ab
490 4153 696 4229 beterogcneis
719 4153 847 4214 materiis
869 4153 1046 4228 inquinetur.
1193 4167 1195 4171 ·

516 4240 551 4299 ln
575 4237 707 4299 secunda
730 4256 819 4299 eausa
849 4246 918 4298 sunt
940 4238 1048 4316 gradus
1076 4241 1218 4300 continua
1243 4239 1332 4314 serie,
1362 4246 1395 4298 ut
1423 4253 1566 4315 aqumnm
1589 4235 1718 4299 densiter
1745 4239 1785 4296 alt
1856 4283 1861 4292 .

434 4328 541 4404 major,
565 4328 643 4387 airis
666 4325 835 4399 mediocris,
858 4326 986 4388 aetlreris
1007 4325 1105 4402 nulla,
1129 4326 1181 4387 sed
1204 4329 1331 4387 tenuitas
1354 4322 1576 4385 inaestimabilis
1600 4331 1631 4384 et
1650 4341 1740 4386 mera.

517 4414 553 4474 ln
578 4416 666 4475 tertia
688 4431 779 4474 eausa
801 4412 954 4475 discrimen
977 4414 1034 4475 hoc
1056 4424 1117 4488 est,
1137 4413 1228 4491 ·quod
1251 4418 1301 4475 a'e'r
1327 4415 1440 4473 ratione
1469 4428 1540 4472 suae
1563 4413 1698 4489 propriae
1719 4423 1795 4471 ma·'

437 4503 524 4562 leriae
556 4518 611 4580 pro
641 4499 796 4562 densitatis
827 4500 946 4561 modulo
977 4502 1104 4562 colorem
1135 4506 1222 4562 etiam
1256 4502 1368 4561 obtinet
1390 4496 1574 4573 coeruleum,
1604 4497 1706 4558 aether
1727 4513 1785 4555 nen
1883 4543 1887 4550 .

434 4589 496 4664 plus
521 4590 629 4650 coloris
652 4590 775 4663 oblinet,
799 4605 864 4648 cunr
886 4591 915 4647 in
939 4607 993 4650 sua
1004 4590 1123 4667 propria
1137 4590 1260 4650 materia
1280 4586 1490 4657 consideratur,
1513 4602 1602 4660 quam
1622 4585 1785 4646 densitatis.

525 4676 611 4737 Unde
639 4680 704 4751 scis,
728 4676 855 4737 eciderit
877 4684 997 4736 tentum
1020 4695 1078 4737 esse
1099 4685 1129 4735 et
1149 4678 1327 4735 nundetem
1356 4678 1383 4730 et
1406 4671 1600 4746 parientem?
1646 4667 1680 4753 1)
1704 4668 1787 4744 Quae

434 4763 580 4839 pellucida
602 4763 758 4824 densitatis
781 4763 892 4839 aliquid
916 4764 1067 4839 obtinent,
1097 4763 1149 4823 ille
1173 4764 1272 4823 lumen
1295 4759 1373 4820 Solis
1400 4758 1545 4818 imbibunt
1567 4766 1596 4818 et
1617 4754 1787 4836 splendeut;
1830 4765 1834 4772 '

437 4863 464 4913 at
488 4856 570 4930 regio
594 4852 743 4928 aetherea,
767 4859 968 4929 cumexceptc
992 4853 1202 4927 angustissimo
1219 4848 1324 4925 spatio,
1349 4844 1428 4921 quod
1440 4847 1536 4904 estin
1553 4846 1655 4904 umbra
1670 4843 1787 4918 Terrae,

438 4957 546 5020 semper
569 4941 661 4999 sitm
683 4937 773 4998 rudiis
796 4937 873 4998 Solis
896 4947 968 5011 totu,
992 4939 1067 4999 adeo
1090 4955 1149 4998 non
1171 4934 1317 5013 splendet,
1341 4940 1374 4990 nt
1397 4929 1434 4990 de
1453 4939 1549 5004 nocte,
1572 4930 1688 5009 quaudo
1711 4930 1788 4990 airis
1861 4937 1866 4948 ‘

439 5027 572 5104 splendor
608 5029 770 5089 exstinctus
801 5035 862 5094 est
902 5026 990 5104 plane
1020 5027 1121 5086 sentiri
1154 5042 1212 5083 nen
1246 5022 1354 5098 possit:
1394 5023 1439 5076 est
1470 5019 1559 5093 igitn'r
1591 5018 1790 5079 tenuissimus.

440 5115 466 5172 ll
489 5114 684 5176 Intervallum
717 5132 773 5174 nos
802 5116 877 5173 inter
909 5121 937 5173 et
960 5113 1034 5171 fixas
1057 5120 1102 5171 est
1124 5106 1357 5176 inaestimabile,
1390 5109 1538 5163 ettamen
1561 5122 1633 5164 aura
1655 5095 1794 5168 aeilrerea

439 5201 573 5264 interfusa
595 5210 698 5263 tantae
721 5201 927 5282 profunditatis
950 5200 1123 5306 transmittit
1145 5197 1183 5257 ed
1206 5212 1261 5254 nos
1284 5207 1378 5266 usqne
1396 5188 1510 5249 luculos
1534 5193 1795 5257 minutissimarum

485 5323 668 5375 neseprnopn
643 5322 721 5363 nvn
925 5385 928 5392 Ι
1546 5295 1584 5373 ltl
