4459 6275
438 755 479 817 44
796 778 799 783 ·
992 732 1219 820 nepessinus

522 928 561 990 Et
583 946 634 989 cur
654 927 832 1005 negligimus
855 929 1043 991 traditionem
1064 928 1205 990 Indorum
1227 926 1464 1007 apud-Arausa,
1486 930 1538 1007 qul
1559 935 1706 1005 statuunt,
1729 945 1796 1009 per·

434 1011 534 1078 'venire
558 1017 762 1094 obliquitatem
785 1014 825 1076 ad
848 1016 928 1077 2401
973 1019 1020 1078 Ab
1042 1017 1216 1095 Hipparcho
1239 1020 1328 1096 igitur
1356 1019 1386 1075 in
1409 1016 1613 1079 Ptolemaeum
1642 1019 1673 1076 iu
1697 1017 1797 1079 domu·

434 1114 534 1166 mento
566 1105 631 1164 iuit.
676 1104 770 1165 Detur
792 1103 965 1182 Hipparcho
997 1106 1158 1182 obliquitas
1181 1102 1239 1166 230
1263 1107 1329 1177 530,
1364 1098 1713 1177 44114230300(444444
1743 1122 1800 1184 pa·

433 1192 555 1252 salluis
571 1192 650 1253 Solis
672 1200 717 1252 est
740 1192 832 1252 dubia
853 1201 883 1253 et
904 1195 962 1271 ipsi
985 1210 1044 1253 non
1067 1192 1264 1253 adhibuerunt
1278 1192 1441 1269 parallaain
1466 1190 1671 1254 4414441450
1697 1195 1727 1253 6‘
1741 1210 1798 1270 pa-

433 1278 552 1339 rallaxis
568 1297 604 1341 ex
628 1278 747 1340 modulo
766 1279 795 1339 3¹
811 1289 855 1340 est
876 1282 909 1338 l‘.
921 1280 1011 1360 41“);
1035 1282 1120 1340 annis
1136 1283 1224 1356 igitur
1242 1284 1324 1340 1714
1347 1287 1516 1357 competunt
1531 1282 1599 1356 230,
1624 1279 1698 1357 quid
1713 1282 1798 1341 annia

435 1366 523 1427 2801
546 1366 637 1445 Hesp.
663 1371 710 1442 4‘3
750 1367 822 1450 quid
845 1370 929 1428 aunis
955 1369 1061 1427 10302
1084 1385 1160 1446 resp.
1187 1370 1247 1426 14‘.
1291 1365 1464 1430 Ptolemaeo
1486 1370 1574 1447 igitur
1598 1369 1799 1442 4444144443,

435 1453 614 1531 Albategnio
643 1456 694 1531 39,
718 1461 747 1515 44
769 1466 869 1516 manet
891 1456 1057 1535 speculatio
1080 1473 1155 1529 mea,
1178 1456 1259 1533 prius
1282 1454 1530 1516 demonstratione
1554 1464 1584 1517 et
1606 1454 1723 1518 calculo
1748 1472 1800 1516 ex·

433 1542 542 1619 pedita
589 1542 667 1619 Quid
695 1541 774 1620 quod
804 1561 863 1603 non
887 1546 1017 1605 estsine
1042 1545 1184 1603 varietate
1214 1545 1338 1602 assertio
1371 1542 1406 1603 dc
1435 1539 1493 1603 230
1522 1544 1593 1619 35ος
1623 1544 1669 1605 414
1697 1542 1800 1605 scribit

433 1628 610 1690 Macellsma
640 1633 717 1691 circa
744 1649 774 1691 a.
802 1632 903 1707 1264,
938 1640 968 1692 44
997 1630 1158 1692 secundum
1183 1629 1340 1705 Albategni
1372 1626 1429 1690 230
1452 1631 1521 1705 36‘3
1550 1628 1604 1691 sed
1636 1633 1667 1689 in
1696 1630 1800 1692 diebus

413 1716 561 1777 ·Almeon
594 1721 769 1778 invenerunt
808 1719 1016 1780 observatores
1051 1716 1108 1777 230
1140 1719 1201 1777 33’.
1255 1716 1362 1794 (Paulo
1397 1727 1467 1796 post
1497 1720 1627 1797 accipies
1660 1718 1719 1781 230
1748 1720 1800 1779 bl‘

433 1804 593 1865 seeundum
615 1804 844 1886 Ptolemaeum.)
889 1807 926 1866 Et
949 1809 1026 1866 sicut
1047 1806 1191 1865 habemus
1214 1803 1252 1865 ab
1269 1805 1362 1880 Indis,
1386 1808 1519 1883 pervenit
1541 1806 1616 1869 haec
1638 1804 1799 1867 declinatio

432 1892 472 1952 ad
496 1890 561 1951 240.

521 1978 699 2057 Aliraganns
728 1980 785 2041 hac
812 1978 848 2040 de
878 1997 908 2039 44
941 1980 1031 2041 varie.
1078 1979 1113 2038 In
1140 1995 1206 2039 meo
1235 1977 1393 2055 exemplari
1427 1982 1604 2057 perantiquo
1639 1982 1684 2041 sis
1716 1979 1799 2058 leges

436 2075 485 2142 ,44
507 2075 553 2127 444
576 2067 737 2128 secundum
759 2066 839 2144 quod
863 2070 977 2128 invenit
992 2067 1182 2127 Ptolemaeus
1206 2063 1264 2125 230
1280 2069 1341 2140 510,
1367 2084 1432 2126 cum
1454 2066 1543 2128 inerit
1558 2067 1685 2129 circulus
1709 2064 1799 2129 860'.

434 2153 616 2214 Probatione
639 2163 738 2215 autem
761 2157 932 2230 certissima,
958 2172 1048 2231 quam
1071 2155 1210 2231 probavit
1226 2151 1359 2228 4114444444,
1384 2158 1434 2231 qui
1456 2157 1664 2234 interpretatur
1678 2172 1801 2219 securos

436 2243 484 2302 vel
507 2242 649 2318 pacificus
671 2261 725 2303 seu
747 2241 856 2318 fidelis3
880 2252 910 2303 44
933 2243 1115 2303 conveniunt
1137 2244 1166 2299 iu
1190 2258 1226 2301 ea
1248 2241 1348 2319 plnres
1370 2245 1536 2319 sapientes,
1567 2243 1649 2321 quod
1673 2252 1720 2305 est
1743 2238 1802 2305 230

438 2327 538 2406 33”;0
564 2340 593 2392 44
615 2334 659 2390 414
680 2347 820 2391 excusum
843 2338 888 2391 est
910 2330 1093 2406 Noribergae
1122 2347 1200 2389 anno
1226 2330 1320 2388 1537.
1345 2345 1410 2388 cum
1434 2333 1552 2393 nominc
1576 2331 1714 2393 Almeou.
1761 2330 1801 2392 Δ4

436 2434 509 2477 vero
540 2433 576 2477 ex
600 2419 840 2496 interpretatione
862 2416 969 2478 Jacobi
993 2416 1123 2479 Hebraei
1152 2415 1232 2495 apud
1256 2416 1492 2478 Christmanuum
1516 2421 1574 2480 sic:
1612 2419 1692 2497 ,Sed
1710 2418 1799 2496 juata

436 2505 642 2567 Almamoneru
665 2515 696 2567 et
718 2505 803 2578 alios,
827 2509 878 2582 qui
900 2523 967 2565 eum
990 2507 1083 2567 4444441
1095 2513 1173 2577 aurat,
1196 2505 1353 2581 sapientes,
1378 2503 1681 2583 4444414444230350,0
1707 2508 1797 2584 quiu-

437 2609 495 2670 que
519 2610 659 2670 expresso
682 2592 845 2668 vocabu103
869 2601 1013 2669 quantum
1036 2595 1125 2653 etiam
1147 2591 1237 2651 habet
1260 2590 1456 2668 Albategnius
1480 2596 1649 2670 impressus.

525 2679 634 2741 Thebit
656 2698 741 2741 meus
761 2683 819 2740 sic:
845 2679 1025 2755 „declinatio
1048 2696 1166 2756 quoque
1190 2678 1291 2737 circuli
1315 2678 1438 2740 declivis
1461 2698 1479 2740 a
1502 2680 1611 2742 circulo
1634 2682 1800 2760 aequinoc-

435 2765 499 2825 tiali
531 2768 658 2829 4441444
683 2767 977 2828 230334414144.
1024 2768 1085 2827 Erit
1115 2783 1185 2843 ergo
1217 2764 1269 2824 illa
1291 2766 1445 2845 longitudo
1473 2769 1681 2830 declinationis
1704 2768 1800 2845 majos

437 2853 631 2915 declinatione
663 2855 806 2933 sphaerae
837 2855 975 2930 declivis,
1008 2871 1084 2932 qnae
1116 2863 1162 2914 est
1192 2853 1366 2927 immobilis,
1402 2859 1594 2935 pervenitque
1620 2857 1686 2935 jam
1710 2855 1799 2933 hujus

435 2940 641 3002 declinationis
668 2941 824 3020 longitudo
847 2942 885 3002 ad
909 2940 975 3016 240,
999 2940 1160 3002 secundum
1184 2940 1264 3017 quod
1287 2941 1325 3001 ah
1347 2941 1430 3003 ludis
1452 2943 1591 3005 traditum
1613 2945 1680 3005 iuit.
1725 2943 1801 3005 Pto·

435 3028 567 3089 lemaeus
598 3047 718 3107 quoque
748 3026 1190 3091 41441114441444444144444230
1215 3030 1282 3103 51’;
1314 3027 1366 3088 alii
1397 3039 1495 3093 autem
1518 3034 1700 3111 inspectores
1733 3038 1801 3111 post

436 3116 640 3178 Ptolemaeum
667 3119 696 3177 in
721 3125 852 3194 tempore
874 3117 1033 3179 1141444414
1056 3135 1122 3177 eam
1146 3111 1204 3176 230
1227 3117 1280 3176 33’
1303 3118 1507 3182 1444444440

523 3205 665 3272 Correxit.
690 3212 723 3265 ut
745 3206 839 3281 vides,
864 3205 1019 3266 Thebitius
1042 3203 1222 3265 vocabulum
1243 3202 1391 3281 Maimon,
1414 3206 1468 3269 sed
1488 3210 1596 3270 retinet
1618 3209 1679 3284 33,
1703 3207 1800 3272 siba

436 3293 552 3369 tegnius
576 3294 627 3368 35,
651 3292 828 3358 Macellama
852 3296 892 3353 36
918 3294 1095 3371 Albateguio
1119 3294 1228 3353 tribuit.

523 3379 671 3441 Robertus
701 3379 786 3440 Huea
816 3383 846 3438 in
876 3399 932 3441 sna
955 3380 1147 3457 Geographia
1175 3378 1286 3439 nodarm
1317 3388 1414 3440 secat:
1450 3381 1665 3459 Alhategnius,
1697 3384 1800 3460 iuquit,

437 3468 628 3538 3514444414,
659 3476 771 3544 quanta
800 3478 869 3528 ante
904 3487 970 3529 eum
995 3467 1179 3527 Almamonia
1206 3465 1298 3542 Regis
1322 3466 1462 3527 Arabum.
1507 3470 1581 3529 Post
1604 3470 1800 3532 Anachslsn

437 3554 589 3614 Almeonis
619 3554 671 3614 tilii
694 3555 898 3616 Albumasaris
928 3557 983 3615 luit
1007 3552 1103 3638 337,
1149 3555 1226 3632 Ergo
1250 3553 1358 3615 'Phebit
1388 3572 1540 3634 perperam
1563 3557 1725 3619 Halmouis
1746 3573 1800 3636 pao

437 3642 598 3715 Almeonis,
621 3652 674 3702 aut
696 3651 774 3703 44444
797 3645 840 3702 413
864 3660 916 3722 pro
940 3646 992 3704 35.

577 3729 610 3779 At
626 3730 763 3781 secuudum
780 3730 913 3795 uqa-ism
927 3737 1024 3780 motum
1045 3731 1080 3778 sic
1099 3733 1177 3778 sasst:
1214 3729 1265 3775 300
1284 3753 1316 3763 -
1336 3729 1377 3775 23.
1398 3732 1431 3778 45

1211 3799 1313 3846 400-
1346 3833 1359 3858 ,
1398 3802 1430 3848 44
1467 3801 1594 3854 34444441.
1613 3799 1684 3868 5101,

1215 3870 1264 3916 444
1285 3893 1317 3901 -
1350 3904 1362 3928 ,
1400 3870 1433 3917 44

1246 3941 1314 3986 4-
1348 3974 1361 3999 ,
1399 3943 1430 3988 44

502 4025 569 4087 1144
592 4028 786 4088 certissimum
816 4028 935 4089 axioma
964 4032 1112 4106 teneatur,
1142 4028 1167 4084 si
1213 4010 1316 4128 ἐξ]
1347 4044 1359 4067 4
1397 4012 1433 4129 {g
1467 4009 1532 4063 0000·
1546 4009 1624 4078 ille
1643 4015 1686 4076 ⁶⁰·
1705 4007 1776 4082 ⁶²¹la

439 4111 592 4175 diversitas
615 4123 712 4175 motus
735 4123 796 4175 tam
819 4118 877 4176 cito
901 4116 1041 4190 sentitur,
1071 4114 1169 4173 1444414
1215 4150 1267 4196 ,00
1286 4175 1314 4184 ,
1348 4112 1362 4210 ζ
1400 4152 1432 4198 st

441 4210 486 4263 est
520 4201 659 4280 periodus
694 4210 723 4263 44
759 4202 844 4263 limes
876 4202 1028 4280 eclipticae
1063 4201 1170 4262 boreus
1214 4221 1266 4266 444
1286 4245 1319 4253 -
1350 4252 1365 4282 „
1401 4222 1434 4267 44

440 4297 484 4349 444
514 4291 541 4347 iu
567 4290 676 4362 1141444,
709 4299 791 4349 motu
814 4293 957 4351 existente
990 4288 1168 4364 retrogrado.
1214 4291 1265 4336 5⁰0
1284 4316 1317 4325 -
1350 4323 1362 4347 4
1400 4293 1432 4337 ⁴⁵

1214 4361 1266 4407 444
1285 4386 1316 4396 -
1350 4394 1362 4416 ,
1401 4361 1434 4406 aa

441 4471 538 4542 potest
561 4463 645 4524 limes
673 4483 738 4526 esse
761 4466 791 4524 in
817 4466 883 4535 βξ.
928 4462 1039 4541 Quodsi
1064 4474 1168 4525 tenen·
1213 4430 1317 4549 {332
1348 4463 1362 4557 ζ
1399 4431 1432 4548 fl

440 4549 494 4610 dus
532 4559 577 4612 est
610 4551 813 4627 Ptolemaeus,
849 4551 1054 4630 Hipparchus,
1093 4551 1168 4611 Era·
1214 4571 1265 4619 444
1284 4595 1315 4604 -
1348 4604 1362 4629 ,
1400 4570 1433 4616 44
1469 4571 1558 4622 siuas.
1576 4572 1610 4619 aa
1631 4571 1670 4621 144
1689 4573 1723 4622 44

439 4638 1169 4718 tollhinei20¹11111110turicinjugoluitmuxima
1198 4641 1266 4690 1⁰00
1284 4665 1317 4674 —
1349 4675 1361 4694 .
1399 4640 1433 4688 us
1469 4637 1590 4690 anachel
1608 4642 1642 4690 sa

442 4723 610 4787 declinatio.
1197 4713 1265 4760 4444
1286 4735 1312 4746 -
1348 4743 1360 4769 ,
1399 4710 1431 4757 44
1469 4712 1575 4760 almeon
1595 4709 1666 4776 sats,

1197 4783 1266 4831 4444
1284 4804 1317 4814 -
1348 4815 1361 4840 ,
1399 4781 1432 4828 44

1198 4853 1266 4901 1300
1285 4876 1318 4885 -
1350 4884 1363 4910 ,,
1400 4852 1434 4899 34
1470 4851 1621 4915 Prophetius
1639 4855 1674 4903 32

1201 4924 1266 4972 4444
1287 4949 1317 4958 -
1351 4956 1364 4980 ,
1402 4921 1435 4968 44

1199 4993 1266 5040 isco
1289 5018 1316 5027 -
1350 5026 1362 5050 ‚
1400 4992 1432 5037 44

1198 5063 1265 5111 4444
1285 5085 1318 5096 -
1350 5096 1362 5114 .
1399 5061 1435 5108 su

528 5129 666 5207 Sequitur
697 5131 786 5206 igitur
812 5131 873 5190 alia
902 5130 1075 5208 speculatio.
1127 5130 1228 5190 Fuerit
1258 5132 1346 5211 polus
1375 5132 1532 5209 eclipticas
1562 5140 1694 5212 tempora
1723 5132 1803 5213 utp-

442 5216 543 5294 parchi
567 5220 595 5277 lu
612 5217 635 5277 10
659 5215 736 5298 (lig.
756 5215 795 5297 8),
821 5217 1048 5292 Regiorrrontanl
1061 5220 1089 5276 in
1104 5216 1146 5292 N3
1169 5235 1237 5279 uam
1257 5218 1392 5282 Bsahsua
1414 5218 1571 5297 talaiam
1593 5223 1699 5283 iterum
1721 5237 1802 5284 eras·

439 4376 481 4434 At
506 4385 622 4452 444444,
653 4379 678 4436 41
702 4387 799 4437 motus
831 4379 958 4438 directus
990 4375 1168 4450 conceditur,
