4459 6275
772 822 777 829 -
883 789 966 846 Liber
983 790 1092 847 Sextus.
1128 789 1201 846 Para
1219 789 1353 849 Secunda.
1729 798 1793 858 449

436 967 468 1025 ln
491 964 574 1027 Jove
595 967 765 1042 mediocris,
793 969 823 1026 in
844 967 942 1030 Marte
962 972 1104 1049 maxima;
1127 974 1158 1031 in
1181 971 1304 1050 singulis
1325 972 1420 1029 minor
1442 970 1470 1028 in
1494 968 1627 1047 aphelio,
1650 970 1744 1048 mator
1765 972 1797 1029 in

435 1052 595 1202 mistio,
625 1064 656 1115 et
683 1056 836 1134 (concesse
857 1058 1006 1134 inaequali
1038 1061 1230 1122 translatione
1259 1055 1406 1137 apsidum)
1434 1073 1492 1117 non
1523 1060 1657 1141 omnibns
1688 1059 1796 1119 seculis

530 1246 614 1324 Quid
639 1254 681 1306 eet
707 1247 800 1307 index
826 1251 861 1307 in
892 1249 1105 1327 Copemieano
1129 1253 1235 1329 forma
1264 1250 1470 1311 astronomiae
1497 1255 1526 1307 et
1553 1249 1670 1307 micula
1696 1257 1797 1310 morae

433 1332 662 1410 ploneiomm?
684 1332 765 1410 Quia
779 1353 837 1394 nou
852 1345 952 1413 potest
966 1338 1036 1413 lieri,
1061 1347 1093 1399 ut
1114 1338 1282 1415 perallaxes
1296 1339 1375 1396 orbis
1397 1335 1434 1394 ad
1451 1334 1698 1395 semidiametrnm
1715 1337 1794 1396 orbis

434 1420 606 1496 referamus,
629 1432 663 1481 nt
683 1420 716 1481 fit
737 1425 767 1480 in
790 1429 971 1486 astronomia
993 1429 1102 1500 veteri,
1126 1444 1216 1503 qnare
1230 1426 1296 1484 loco
1319 1422 1520 1498 scrupulorum
1535 1422 1797 1500 proportionalium

435 1506 600 1584 duplicium
618 1526 814 1586 excessusque
828 1512 1015 1587 parallaxeos
1038 1515 1126 1588 orbis,
1150 1532 1202 1574 sen
1226 1512 1404 1572 diversitatis
1427 1509 1559 1569 diametri
1573 1513 1603 1567 in
1620 1512 1799 1571 astronomia

436 1598 541 1668 veteri,
565 1596 747 1656 introductus
770 1604 816 1657 eat
837 1615 975 1660 numerus
997 1599 1146 1674 iudicans,
1175 1602 1313 1678 quaesit
1334 1597 1555 1659 intervallorum
1578 1597 1656 1657 Solis
1678 1605 1710 1657 et
1731 1598 1798 1674 pla·

435 1690 525 1828 netrtte
552 1682 738 1760 Tellurisque
769 1683 810 1766 (in
840 1686 988 1748 schemate
1021 1690 1072 1749 85.
1103 1688 1167 1763 ts,
1204 1686 1269 1764 TP)
1307 1702 1439 1746 summae
1469 1687 1618 1762 proportio
1646 1684 1684 1744 ad
1713 1683 1799 1746 diffe-

437 1786 494 1830 ren
508 1786 577 1829 rann.

465 1893 473 1903 ·
529 1872 689 1951 Quomodo
710 1876 890 1935 invenitur?
917 1878 1089 1938 Differentia
1112 1879 1315 1939 distantiarum
1330 1877 1469 1954 planetae
1492 1882 1521 1934 et
1535 1874 1663 1936 Telluris
1686 1873 1815 1949 aSole,

435 1959 614 2037 prolongata
636 1964 765 2038 quinque
789 1963 919 2041 cyphris,
951 1965 1092 2026 dividitur
1113 1969 1144 2026 in
1168 1984 1267 2027 earnm
1290 1981 1444 2024 summam.
1490 1962 1549 2022 Sed
1571 1979 1624 2040 pro
1647 1965 1799 2038 quatiente

437 2047 594 2108 commode
614 2056 712 2125 potest
735 2053 868 2127 usurpari
892 2051 1085 2127 lugarithmus
1108 2056 1181 2131 ejus,
1205 2063 1238 2112 ιιι
1260 2053 1293 2111 fit
1314 2052 1431 2129 quidem
1454 2052 1484 2107 in
1500 2048 1624 2110 Tabulis
1640 2049 1800 2126 Rudnlphi.

527 2134 609 2196 Doce
630 2140 769 2196 inuenire
791 2140 943 2214 capulam
967 2141 1168 2217 etonqaetonts
1190 2161 1210 2201 o
1237 2141 1305 2201 Sole
1327 2139 1452 2199 stabilis
1474 2139 1632 2214 locumque
1654 2138 1800 2196 ambitam

436 2223 495 2282 not
518 2225 663 2299 ecliptica.
709 2224 847 2301 Tangens
869 2229 999 2286 semissis
1023 2229 1124 2306 anguli
1147 2228 1312 2288 anomaliae
1336 2227 1574 2286 commutationis
1588 2223 1801 2301 multiplicatus

437 2311 470 2367 ln
493 2309 619 2371 iudicem
641 2312 713 2371 tacit
742 2311 910 2389 tangentem
939 2332 1024 2375 arcem
1047 2315 1176 2376 addendi
1199 2316 1237 2374 nd
1260 2313 1342 2373 illum
1365 2317 1516 2373 semissem
1540 2316 1569 2371 in
1593 2313 1801 2390 superioribus,
1894 2307 1896 2311 '

437 2398 631 2458 subtrahendi
656 2401 683 2455 in
707 2400 902 2473 interioribus,
927 2409 959 2460 ιιι
981 2406 1178 2463 constituatur
1200 2400 1326 2478 angulus
1350 2401 1544 2477 elongationis
1569 2399 1679 2459 aSole.
1697 2395 1737 2479 π’)
1769 2398 1800 2458 Si

437 2502 492 2561 pro
524 2493 663 2562 tangente
694 2485 870 2548 adhibentur
900 2491 1031 2550 semissis
1059 2491 1142 2550 illius
1172 2489 1467 2565 menologartthmns,
1497 2487 1648 2547 additione
1676 2487 1801 2563 simplici

437 2571 530 2648 hujus
553 2575 591 2632 ad
613 2573 820 2650 logarithmnm
843 2576 947 2637 indicis
968 2577 1066 2654 prodit
1089 2576 1365 2691 mesologarithunus
1388 2591 1473 2636 ιιιιιι
1495 2575 1638 2652 ejusdem,
1660 2573 1722 2635 illio
1744 2574 1800 2632 ad·

440 2658 543 2733 dandi,
566 2660 615 2721 hic
637 2661 836 2722 subtrahendi.

528 2747 641 2823 Quodsi
662 2748 747 2809 locus
769 2751 908 2827 planetae
930 2755 1110 2813 eccentricns
1132 2753 1187 2811 tuit
1210 2753 1377 2811 subtractus
1400 2768 1419 2809 e
1441 2750 1507 2809 loen
1529 2747 1609 2809 Solis
1633 2766 1716 2823 vero,
1737 2749 1801 2824 jam

438 2837 530 2896 etiarn
560 2835 686 2911 angulus
717 2836 914 2912 elongationis
941 2841 979 2899 ab
1010 2839 1113 2899 eodem
1137 2847 1182 2900 est
1204 2837 1435 2911 subtrahendus,
1467 2839 1492 2895 si
1520 2854 1592 2897 vero
1612 2835 1693 2896 Solis
1715 2835 1799 2895 locus
1847 2874 1851 2882 ·

402 2974 404 2978 Α
437 2923 495 2982 luit
518 2922 558 2982 nb
579 2926 742 2984 eccentrico
764 2924 902 3002 planetae
924 2925 991 2986 loco
1013 2929 1190 2996 subtractus,
1215 2927 1263 2985 hic
1282 2927 1345 3002 jam
1369 2923 1495 3001 angulus
1516 2925 1713 3001 elongationis
1735 2912 1824 2983 loeo‘

437 3009 521 3071 Solis
544 3013 599 3072 erit
619 3009 785 3085 addendus,
809 3020 842 3071 ut
865 3015 991 3073 visibilis
1012 3015 1152 3090 planetae
1174 3015 1259 3074 locus
1281 3016 1311 3072 in
1334 3013 1471 3090 ecliptica
1492 3011 1625 3088 prodeat.

502 3259 505 3266 Ι
614 3184 669 3244 ΙΙΙ.
702 3186 756 3248 De
778 3187 1063 3274 magnitudinis
1085 3189 1332 3267 planetarum
1364 3189 1630 3249 incrementis.

530 3323 642 3399 Probo,
672 3327 767 3386 Terra
785 3330 871 3387 eirea
894 3328 994 3388 Solem
1017 3338 1116 3405 cunm,
1140 3332 1345 3390 necessariam
1367 3345 1434 3402 esee,
1458 3335 1494 3387 ιιι
1514 3326 1657 3403 planetae
1678 3327 1713 3385 in
1728 3327 1805 3385 Solis

439 3416 579 3490 opposito
600 3417 702 3473 ceteris
722 3416 851 3491 pors'bus
880 3415 1046 3476 videantur
1067 3420 1218 3492 majores,
1252 3434 1354 3478 versas
1376 3417 1621 3488 contemtionem
1644 3414 1723 3474 Solia
1745 3417 1806 3471 mt-

436 3517 538 3561 nores
585 3500 774 3561 Demonstrat
796 3502 933 3563 Euclides
957 3501 1128 3583 Opticorum
1151 3520 1234 3582 prop
1260 3506 1316 3564 56·
1340 3503 1426 3563 oculo
1449 3519 1541 3581 prope
1563 3510 1728 3579 spectatum
1753 3517 1806 3560 ac·

439 3586 581 3661 cedente,
612 3587 641 3646 id
664 3591 766 3664 augeri
789 3584 895 3666 paterni.
942 3590 1011 3651 Jam
1034 3611 1105 3652 vero
1133 3593 1247 3652 accedit
1270 3590 1373 3651 oculus
1404 3589 1441 3649 ad
1464 3589 1632 3665 planetam,
1665 3579 1806 3665 quamdin

439 3674 562 3747 Tellus,
592 3676 669 3734 oculi
701 3676 897 3750 domicilium,
929 3678 1079 3739 contendit
1107 3680 1145 3739 ad
1175 3680 1272 3739 locum
1301 3678 1533 3780 interpositionis
1556 3678 1631 3736 inter
1655 3674 1754 3735 Solem
1777 3682 1807 3733 et
1844 3731 1850 3741 ,

438 3760 601 3840 planetam.
646 3764 725 3840 Ergo
755 3763 875 3840 planeta
904 3767 1019 3825 interim
1049 3765 1198 3827 videbitur
1226 3768 1328 3841 augeri
1360 3774 1390 3823 et
1419 3765 1566 3848 vicissim,
1597 3763 1689 3822 Terra
1709 3761 1807 3823 locum

438 3858 674 3927 praetergressa,
697 3868 811 3909 rursum
834 3851 964 3911 diminui.
1002 3858 1034 3909 Iu
1057 3857 1196 3911 schemate
1221 3855 1263 3910 85.
1283 3855 1306 3922 Q
1325 3854 1446 3923 planata,
1477 3854 1500 3907 T
1523 3853 1622 3919 Terra,
1645 3851 1808 3922 interposita

437 3933 514 3988 inter
532 3933 556 4001 Q
574 3940 603 3987 et
619 3932 638 3988 S
657 3932 760 4001 Solem,
786 3934 838 3989 erit
858 3933 1032 3988 intervallum
1049 3934 1179 4002 planetae
1197 3940 1224 3987 et
1243 3929 1346 3986 Ter'rnc
1364 3930 1421 4000 To.
1456 3933 1619 3987 Moneantur
1641 3948 1758 4001 corpora
1779 3933 1807 3985 ln

438 4012 653 4079 consequentia,
675 4011 786 4081 planeta
804 4028 838 4066 ex
857 4011 880 4077 Q
898 4012 927 4065 in
944 4012 981 4079 P,
1006 4011 1091 4066 Terra
1115 4026 1166 4080 per
1188 4009 1319 4077 majorem
1337 4017 1442 4077 partem
1461 4009 1555 4066 circuli
1574 4025 1607 4063 ex
1626 4010 1649 4062 T
1668 4008 1693 4062 iu
1713 4010 1751 4078 B,
1776 4017 1808 4063 nt

439 4089 460 4142 S
479 4088 529 4143 Sol
553 4095 582 4144 et
599 4089 619 4143 P
638 4089 749 4159 planeta
767 4090 910 4144 rideantur
928 4089 1081 4180 conjuncti,
1105 4089 1213 4156 eritque
1235 4088 1407 4143 intervallum
1432 4088 1559 4157 planetae
1583 4096 1611 4143 et
1629 4090 1738 4143 Terrae'
1751 4087 1804 4141 BP.

437 4165 477 4222 Ut
495 4166 581 4236 igitur
598 4169 647 4237 To
665 4169 700 4224 ad
718 4169 776 4235 BP,
805 4169 844 4223 sic
863 4169 981 4223 vicissim
1000 4167 1131 4222 diameter
1155 4165 1314 4235 planetae
1306 4181 1335 4218 ιιι
1353 4166 1375 4218 Ρ
1395 4166 1430 4220 ad
1448 4167 1564 4225 eundern
1581 4168 1659 4236 inQ.
1703 4163 1806 4238 Quan-

438 4257 489 4400 ff
522 4268 597 4398 vg?
621 4261 786 4399 ῗιίριέιιέιιι
817 4252 951 4312 diametri
982 4252 1165 4329 superiorum
1194 4268 1246 4328 por
1273 4250 1377 4309 tubum
1407 4250 1597 4327 dioptricum,
1630 4251 1807 4311 dictumest

451 4355 518 4397 tro
633 4356 652 4401 o
719 4343 736 4399 2

929 4497 982 4557 IV.
1019 4496 1072 4558 De
1098 4494 1323 4593 latitudine.

536 4635 596 4696 vot
609 4644 682 4695 eunt
696 4636 779 4708 nodi,
802 4637 856 4696 abi
871 4639 981 4696 limites
994 4640 1198 4714 superiorum,
1223 4644 1251 4695 et
1266 4638 1334 4713 quis
1356 4653 1461 4696 comem
1477 4636 1598 4695 motor?
1619 4634 1807 4696 Ptolemaeus

442 4726 559 4785 invenit
580 4725 703 4784 boreum
726 4724 847 4783 limitem
871 4727 1025 4784 eccentrici
1044 4725 1163 4783 Satnmi
1187 4726 1216 4782 in
1241 4726 1276 4806 3?
1301 4726 1365 4794 ὲ,
1390 4723 1477 4783 Jouis
1502 4726 1529 4780 in
1558 4721 1590 4781 1⁰
1615 4726 1688 4796 ste
1704 4724 1808 4782 Martis

444 4815 472 4870 iu
495 4812 554 4871 fine
574 4809 633 4893 ὓς
657 4812 745 4871 hodie
767 4813 852 4872 limes
869 4812 988 4872 Saturni
1013 4813 1146 4871 venitin
1171 4807 1230 4870 21⁰
1254 4813 1318 4884 effi,
1342 4810 1430 4870 Jovie
1456 4812 1483 4868 in
1511 4809 1545 4867 7⁰
1570 4812 1634 4884 st,
1657 4811 1761 4869 Martis
1777 4812 1806 4867 in
1900 4879 1903 4884 Ι

447 4895 502 4959 19⁰
524 4904 572 4974 Qu
605 4899 698 4975 Igitur
721 4902 773 4958 etsi
798 4900 905 4959 limites
928 4906 1063 4976 respectu
1078 4902 1160 4957 verni
1184 4901 1372 4974 aequinoctii,
1398 4898 1477 4973 quod
1492 4900 1667 4974 principium
1684 4898 1808 4957 habetur

446 4986 608 5063 eclipticas,
632 4987 805 5046 moveantur
828 4988 1098 5064 inconsequentia,
1121 4996 1255 5065 respectu
1275 4993 1372 5046 ιιιιιιιι
1388 4983 1511 5044 lixarum
1535 5003 1637 5046 omlnes
1652 4993 1808 5045 moventur

447 5074 476 5132 lu
496 5073 720 5148 antecedentia3
749 5075 995 5150 quemadmodum
1027 5084 1057 5133 ct
1087 5075 1194 5133 limites
1220 5074 1330 5133 lunae
1374 5072 1452 5131 Nodi
1474 5076 1572 5131 sunt
1566 5092 1595 5131 m
1618 5073 1690 5132 locis
1714 5074 1807 5150 cclip-

448 5163 520 5221 ticae
542 5164 676 5238 praecise
699 5160 859 5239 quadratis,
882 5161 1043 5222 ascmdens
1066 5161 1216 5237 quidem
1208 5180 1237 5219 nn
1261 5159 1404 5237 quadratu
1428 5162 1536 5235 priore.

536 5250 696 5329 Quomodo
724 5258 752 5308 et
773 5258 927 5325 quantam
949 5250 1143 5308 inclinantur
1173 5251 1329 5309 eceentrici
1352 5247 1394 5306 od
1416 5246 1607 5325 eclipticam?
1641 5246 1714 5306 Cum
1737 5233 1806 5307 nodi

498 5367 593 5420 teptert
607 5366 691 5418 Opera.
713 5365 753 5409 Vl.
1015 5413 1017 5420 ,
1531 5351 1598 5410 29
1693 5371 1696 5376 ’
