4459 6275
872 790 876 799 “
959 798 1111 859 1166166116.
1651 797 1714 861 666

357 990 449 1054 regna
473 983 503 1037 61
525 976 652 1039 61116666
668 977 849 1052 6661616666,
873 977 1083 1040 contenderunt
1104 981 1187 1057 ipsae
1205 975 1243 1037 ed
1266 994 1349 1055 suam
1363 974 1580 1053 perfectionem.
1595 1005 1598 1009 ·
1614 971 1717 1034 Adeo·

358 1080 417 1140 666
447 1081 515 1125 eum
537 1067 634 1143 ipsum
656 1069 685 1125 in
708 1084 831 1141 annum,
860 1083 920 1144 quo
943 1084 1052 1128 corona
1074 1067 1236 1127 Bobemiea
1260 1064 1332 1124 ’6616
1360 1064 1499 1140 imposita
1526 1061 1715 1138 temporibus,

357 1153 482 1227 primam
505 1170 561 1230 ego
585 1171 620 1213 ex
643 1154 752 1221 tabulis
774 1156 838 1213 istie
860 1164 1060 1232 computatam
1083 1151 1286 1232 premerida,
1311 1151 1435 1228 Pregam
1454 1159 1605 1224 evocatus,
1629 1147 1716 1209 attuli

359 1238 571 1317 visendamque
595 1240 714 1301 exhibui
738 1249 768 1302 et
789 1244 1010 1318 comprobatam
1028 1237 1105 1302 anno
1128 1241 1262 1317 sequenti
1286 1237 1373 1313 edidi,
1397 1240 1476 1316 typis
1492 1236 1529 1296 ad
1552 1254 1627 1315 opus
1650 1234 1717 1295 ido-

356 1327 421 1385 neis
442 1343 511 1388 aere
533 1336 563 1387 61
586 1328 697 1388 6161616
719 1345 784 1393 meo
807 1332 930 1406 paratis,
952 1331 1060 1406 quibua
1083 1328 1187 1390 iisdem
1210 1343 1288 1387 6666
1302 1327 1390 1387 etiarn
1400 1324 1534 1386 Tabulae
1556 1327 1639 1403 ipsae
1662 1320 1715 1384 de·
1809 1400 1812 1407 ⁴

356 1415 483 1491 scriptae
505 1415 757 1476 eum-cultoribus
780 1420 851 1476 artis
874 1419 1135 1477 communicantur.

444 1501 605 1577 ignoscunt
628 1502 714 1563 facile
743 1521 867 1580 quercus
889 1505 1021 1577 hederis,
1053 1502 1126 1563 rrlmi
1148 1518 1287 1580 procerae
1314 1500 1425 1561 ritibus
1448 1498 1659 1570 imbecillibus,
1689 1497 1715 1556 ei

356 1591 432 1648 istae
454 1588 571 1649 illarum
594 1590 633 1650 ad
657 1590 842 1650 altitudinem
865 1591 1064 1652 admetiuntur
1085 1609 1183 1651 suam:
1211 1606 1270 1649 non
1294 1589 1388 1665 major
1409 1604 1505 1665 neque
1527 1588 1653 1664 gratior,
1677 1601 1715 1644 ne

355 1675 422 1736 Deo
445 1676 581 1753 quidem,
613 1681 695 1738 venit
718 1679 828 1751 cultus,
853 1696 942 1755 quem
965 1680 1003 1739 ab
1026 1679 1159 1752 bomine,
1187 1677 1320 1737 16616666
1342 1692 1411 1736 suae
1436 1692 1536 1735 omnes
1558 1673 1596 1733 ad
1619 1675 1715 1749 ipsum

355 1763 508 1824 referente.
555 1765 652 1842 Atque
675 1783 731 1843 ego
754 1783 886 1843 666666,
911 1769 1159 1845 comparationem
1182 1765 1258 1825 banc
1280 1761 1422 1823 andecam
1444 1762 1534 1822 seroel
1557 1763 1715 1838 ingressus,

356 1868 393 1911 ea
415 1854 581 1912 constantia
602 1869 701 1931 pergo,
727 1870 814 1930 quam
837 1857 982 1914 maximae
1005 1854 1202 1915 venerationis
1218 1853 1317 1929 opinio
1340 1851 1444 1910 firmat
1481 1849 1589 1909 Pacem
1604 1848 1717 1908 scilicet

355 1937 506 2015 publicam
529 1948 598 1998 tnnc
621 1939 798 2012 destinabas,
824 1944 936 2018 opinor,
960 1941 1078 2020 populis
1100 1942 1155 2001 sub
1179 1948 1231 1999 tuo
1254 1939 1358 1997 futuris
1382 1938 1513 2014 impprlo,
1537 1935 1589 1996 sed
1611 1952 1716 2012 pacem

350 2024 465 2103 judicio
489 2035 549 2102 tuo,
573 2042 660 2103 quem
683 2045 779 2088 rernm
803 2029 943 2088 arbitrum
966 2031 1119 2090 constitnit
1140 2027 1238 2100 Deus,
1262 2025 1454 2099 conformem,
1477 2041 1580 2102 pacem
1603 2025 1729 2083 incom--

353 2111 460 2188 modis,
484 2131 560 2190 quae
584 2114 754 2192 repellenda
776 2118 927 2191 censebas,
951 2123 1113 2189 carentem3
1149 2118 1251 2193 pacem
1274 2112 1441 2190 hujusmodi
1464 2129 1516 2188 per
1537 2119 1633 2172 totum
1654 2110 1717 2186 jam
1788 2149 1791 2155 -

353 2198 531 2261 decennium
554 2201 618 2265 dira
639 2203 801 2263 studiorum
825 2206 1012 2265 contentione
1036 2202 1308 2277 defectionibusqae
1331 2207 1361 2260 et
1384 2199 1468 2260 bellis
1483 2200 1629 2258 intestinis
1651 2196 1717 2258 luc-

353 2289 532 2349 tuosissimis
554 2293 700 2350 exercitus
724 2291 856 2351 obtinere
878 2291 1007 2352 nondum
1030 2290 1163 2367 potuisti.
1208 2289 1246 2348 Iit
1268 2287 1339 2347 mibi
1363 2300 1481 2364 quoque
1504 2304 1540 2348 ex
1564 2284 1615 2346 illo
1637 2291 1717 2345 tem-

351 2392 425 2453 pora
454 2377 635 2436 centimeter
656 2377 700 2437 66
727 2377 813 2438 linem
842 2382 939 2455 operis
969 2377 1135 2439 tabularum
1166 2377 1307 2453 aspiranti
1335 2374 1460 2434 subinde
1490 2372 1568 2434 alius
1597 2389 1634 2433 ex
1656 2370 1716 2431 alio

352 2479 468 2523 nacrue
489 2466 587 2540 operis
610 2463 825 2538 detectasest,
855 2465 1056 2543 eluendusqua
1079 2472 1132 2525 ant
1153 2462 1366 2524 exscindendos
1388 2462 1443 2522 fnit
1465 2469 1495 2522 et
1516 2462 1637 2522 cicatrix
1660 2459 1716 2520 ob·

352 2549 505 2626 ducenda;
533 2554 663 2612 vicissim
691 2550 773 2612 aliud
806 2552 923 2613 exalia
947 2552 1052 2614 calculi
1075 2551 1205 2612 solennis
1228 2548 1449 2627 compendium,
1483 2547 1563 2608 aliud
1594 2565 1631 2608 ex
1654 2547 1714 2607 alio

353 2640 507 2698 inventum
537 2638 690 2716 pulchrum
719 2638 838 2718 incidit,
866 2639 960 2717 6666,
988 2643 1045 2700 6161
1073 2656 1161 2717 opere
1190 2646 1254 2699 toto
1282 2636 1319 2697 66
1351 2637 1486 2698 incudem
1515 2643 1657 2696 revocato
1686 2641 1717 2696 et

350 2725 569 2796 banmormato,
593 2728 754 2787 consociari
779 2745 844 2788 cum
859 2745 904 2802 eo,
929 2730 1108 2788 committite
1132 2733 1184 2786 661
1199 2725 1295 2786 excoli
1316 2742 1375 2783 non
1390 2726 1496 2802 potuit
1535 2724 1583 2782 Da
1597 2725 1717 2783 veniam

352 2812 464 2874 caesar
486 2814 620 2873 fortunae
642 2823 721 2888 tuac,
745 2813 784 2874 da
807 2815 967 2876 conditioni
991 2814 1154 2895 alodiorum
1177 2815 1308 2887 istomm,
1333 2829 1418 2890 quae,
1441 2812 1523 2888 pacis
1546 2816 1717 2871 ornamenta

352 2917 420 2960 cum
440 2903 516 2972 sint,
543 2918 646 2978 pacem
676 2904 705 2960 ia
737 2903 860 2979 imperio
883 2910 935 2964 tuo
958 2908 1164 2980 exspectarunt
1185 2900 1336 2961 hactenus.
1382 2899 1444 2960 Nec
1466 2899 1526 2984 alia
1548 2896 1716 2957 66661666

351 3004 432 3048 nuuc
454 2988 573 3065 quidem
599 2991 628 3046 in
660 2988 811 3065 publicum
837 2999 960 3065 exeant,
995 2992 1132 3067 quamvis
1156 2988 1205 3049 8⁸⁸
1225 2988 1275 3049 0⁸0
1295 2983 1360 3048 Mos
1386 2987 1441 3044 Ψ·
1461 2988 1588 3062 imperiis
1611 2986 1716 3057 exeita,

352 3093 443 3153 qnam
474 3076 558 3153 quod·
584 3093 668 3138 omen
698 3079 779 3155 pacis
805 3078 988 3156 jamjamque
1017 3076 1216 3138 conficiendae
1246 3093 1312 3138 sese
1341 3091 1441 3154 gerere
1470 3082 1559 3150 atque
1587 3073 1716 3149 proferre

352 3163 513 3225 confidunt
560 3162 656 3240 Quam
679 3168 897 3243 persuasionem
918 3169 973 3227 etsi
996 3184 1051 3226 neo
1072 3167 1160 3226 rebus
1183 3179 1237 3225 nec
1253 3166 1350 3225 causis
1372 3163 1486 3222 firmare
1500 3167 1620 3238 queunt,
1646 3161 1716 3236 6616

354 3252 481 3312 eandem
504 3251 606 3313 baram
629 3254 853 3329 ignorationem,
877 3271 937 3331 666
959 3255 1134 3314 tenebantur
1156 3253 1308 3320 hactenus.
1336 3252 1495 3311 etiamnum
1518 3246 1715 3308 1616616116-

351 3341 469 3411 bentia,
498 3347 597 3400 tameo
620 3348 649 3400 et
670 3349 771 3401 amant
793 3359 858 3402 eam
881 3345 1101 3419 persuasionem
1125 3343 1154 3399 iu
1177 3358 1209 3401 66
1231 3342 1321 3417 ipsis,
1351 3336 1416 3397 Mil·
1448 3336 1515 3396 Vm
1537 3335 1636 3396 studio
1659 3340 1722 3412 pa·'

351 3430 486 3503 16166666
509 3430 698 3487 miseratione
721 3428 882 3497 fascinata,
915 3437 945 3489 et
968 3439 999 3489 nt
1022 3447 1092 3490 vero
1120 3435 1350 3489 consentaneam
1382 3425 1430 3485 rel
1452 3443 1489 3485 ex
1511 3424 1600 3501 bajus
1623 3424 1715 3500 ipsius

352 3516 581 3591 comparationis
604 3517 757 3575 institutae
779 3533 937 3591 progressu
960 3516 1192 3578 commonefacta
1215 3519 1394 3593 suspectant.

441 3600 563 3662 Etenim
583 3602 817 3677 imperfectiones
845 3602 977 3679 6116666,
1009 3603 1205 3681 deprebensae
1235 3604 1266 3661 16
1296 3604 1361 3678 ipso
1389 3607 1522 3673 motuum
1546 3598 1717 3659 coelestium

353 3686 505 3762 subiecto,
538 3706 593 3749 nec
622 3697 685 3748 arte
716 3690 777 3750 ulla
804 3691 934 3751 hamane
961 3691 1155 3769 praestabiles
1182 3688 1403 3767 superabilesre
1433 3686 1614 3767 (praesertim
1645 3693 1716 3745 ente

352 3769 737 3840 seculoremvcntarornm
758 3781 968 3855 experientiam
990 3779 1196 3846 sufficienteml
1219 3784 1250 3838 et
1272 3777 1422 3837 contiueat
1444 3778 1518 3835 istae
1533 3771 1667 3833 Tabulae
1687 3780 1740 3850 et¹
1835 3778 1845 3794 '

350 3863 481 3922 fetantur
501 3863 637 3940 publice3
663 3863 769 3924 Vestra
792 3882 861 3926 vero
885 3865 1037 3941 Maiestas,
1061 3866 1132 3943 6616
1156 3863 1316 3925 6666111661
1338 3879 1433 3922 rernm
1453 3860 1619 3922 mortalium
1643 3875 1718 3920 con·
1816 3919 1819 3932 ,

353 3951 475 4023 donare,
499 3968 576 4027 6666
600 3951 723 4028 obliqua
745 3959 775 4012 et
790 3954 948 4028 intersepta
970 3955 1138 4030 praeterire,
1162 3944 1383 4029 ut'compendio
1399 3953 1534 4011 veniatur
1549 3947 1586 4008 ad
1602 3964 1717 4024 pacem,

352 4046 499 4113 quantam
521 4041 689 4098 severitatis
713 4039 848 4115 Augusto
871 4057 925 4099 suo
948 4044 1060 4101 muneri
1083 4040 1225 4112 sufficere,
1249 4038 1319 4116 quid
1344 4036 1471 4114 denique
1492 4035 1714 4097 successoribus

352 4126 559 4201 corrigendam
580 4126 743 4201 relinquere
766 4129 888 4204 cogitet:
913 4131 1004 4204 ipsae,
1030 4127 1175 4189 desiderio
1196 4128 1280 4202 pacis
1303 4126 1498 4197 tabescentes,
1522 4125 1551 4182 16
1576 4115 1635 4200 que
1656 4139 1716 4183 una

351 4230 425 4273 usus
448 4211 495 4273 sbi
517 4214 605 4274 laetis
627 4199 792 4274 efflores'cat
814 4216 1009 4287 incrementis,
1033 4220 1204 4293 exspectant
1225 4212 1464 4274 sollicitissimae.

406 4329 409 4335 ·
440 4302 538 4374 Dens,
570 4317 659 4378 penes
690 4317 777 4378 quem
807 4310 852 4362 est
883 4303 1045 4380 principum
1075 4301 1309 4381 populorumque
1340 4317 1454 4361 samma
1482 4304 1634 4377 potestas,
1666 4313 1717 4374 per

352 4404 442 4466 qoem
464 4405 549 4465 reges
572 4390 724 4465 imperant,
747 4387 818 4449 belli
842 4388 932 4450 duces
946 4392 1076 4464 vincunt,
1100 4389 1191 4460 Deus,
1216 4391 1265 4465 661
1288 4388 1343 4447 6611
1359 4386 1559 4448 instrumentis
1582 4385 1624 4444 611
1642 4384 1716 4460 suis,

352 4475 534 4553 quandoque
557 4478 647 4537 etiam
669 4478 778 4552 ignaris
801 4477 988 4538 consiliorum
1011 4479 1057 4537 661
1079 4477 1218 4549 motoris,
1248 4481 1293 4536 cst
1315 4475 1367 4535 ubi
1396 4482 1426 4536 et
1447 4472 1529 4535 aliud
1550 4473 1717 4550 agentibus,

351 4565 413 4641 661,
435 4566 603 4642 exstirpatis
625 4563 711 4624 malis
734 4566 878 4637 moribus,
902 4567 1021 4626 modum
1044 4566 1133 4624 rebus
1157 4572 1186 4624 et
1208 4564 1294 4623 finem
1318 4560 1537 4623 calamitatibus
1559 4559 1637 4621 solet
1659 4562 1716 4619 im-

352 4668 480 4732 ponere,
511 4653 743 4727 Deusinquam
771 4654 827 4711 iste
860 4653 1005 4727 Deorum,
1038 4653 1087 4714 8⁸·
1108 4652 1160 4712 (3⁸⁸.
1180 4649 1233 4710 61ιι
1252 4650 1324 4723 ¹V··
1350 4650 1465 4726 Vitam,
1499 4646 1717 4720 Valetudinem,

353 4740 511 4817 Imperium
533 4746 678 4815 proroget,
705 4744 830 4813 tueatur,
855 4749 1022 4817 prosperet3
1054 4739 1194 4816 Ejusdem
1216 4737 1295 4799 Filio
1318 4737 1393 4814 Regi
1416 4738 1589 4812 Liberisque
1612 4736 1715 4793 ceteris

353 4826 392 4886 ad
415 4843 530 4886 mmme
551 4828 638 4897 natis,
662 4824 809 4901 vitaeque
832 4835 861 4886 et
884 4827 1000 4904 imperii
1024 4829 1152 4888 consorti
1177 4827 1347 4903 Augustae,
1371 4828 1483 4902 totique
1505 4821 1581 4883 adeo
1605 4822 1714 4880 Domui

355 4915 531 4974 austriacas
553 4911 724 4974 felicitatem
740 4913 946 4988 omnimodam,
969 4932 1031 4991 666
1047 4932 1113 4975 mea
1129 4930 1319 4990 meorumque
1343 4915 1507 4973 continetur
1522 4907 1716 4983 incolumitas,

353 5002 492 5079 placatus
521 5005 551 5059 et
577 5002 721 5078 propitius
743 4999 901 5076 largiatur:
931 5019 1036 5078 quem,
1059 5010 1092 5062 ut
1115 5001 1145 5061 id
1168 5003 1242 5062 faxit
1263 5009 1417 5077 ratumque
1440 4999 1529 5075 velit,
1553 4994 1717 5056 bnmillima

356 5106 444 5168 prees
466 5103 597 5150 veneror.
1265 5136 1268 5142 .

464 5175 522 5236 sm
540 5190 613 5236 vero
636 5173 694 5234 (1·ΙΙ
715 5172 795 5233 16161
817 5174 882 5234 V⁸⁸⁸¹
908 5174 1032 5254 supplex
1071 5191 1137 5251 oro,
1171 5177 1215 5234 uti
1251 5189 1318 5234 cum
1348 5171 1472 5235 Tabulis
1507 5174 1571 5234 istie
1600 5167 1717 5230 116661-

355 5261 470 5341 pbials,
499 5277 577 5339 6666
598 5261 647 5321 illi
669 5261 828 5324 oflemntur
849 5270 880 5325 et
901 5261 1073 5325 dedicantur
1096 5262 1135 5326 ab
1156 5259 1334 5326 haeredibus
1356 5260 1482 5339 Brubei,
1509 5261 1595 5343 primi
1616 5273 1716 5321 aarum
