4459 6275
516 779 579 838 760
989 769 1176 827 Consideratio
1194 768 1413 827 observationum

515 951 634 1030 quidem
666 951 748 1010 nulla
780 951 1019 1011 observationum
1050 950 1192 1027 religione
1222 950 1346 1010 vetabat
1367 947 1449 1030 (quin
1477 952 1578 1026 potius
1609 951 1649 1010 ab
1675 950 1876 1010 observatione

513 1040 700 1116 Dionysiana
723 1039 906 1099 in15.Jan.
930 1039 1024 1100 relata
1047 1036 1205 1116 invitabar)
1229 1033 1369 1110 ⁸15⁰&
1401 1037 1553 1111 deducere,
1578 1046 1723 1113 tanquam
1740 1055 1759 1097 a
1775 1052 1876 1115 puncto

516 1126 708 1187 cardinalium
736 1126 832 1184 medio
864 1143 959 1202 eoque
991 1125 1155 1185 verisimili:
1194 1136 1225 1185 at
1247 1128 1340 1184 motui
1371 1125 1466 1185 medio
1495 1143 1615 1185 manum
1645 1125 1823 1196 admovere,
1849 1138 1877 1183 ut

515 1214 628 1291 epocha
651 1212 714 1288 ejus
752 1214 789 1270 ad
814 1208 849 1271 0⁰
875 1214 909 1286 Υ
943 1213 1102 1286 locaretur,
1139 1230 1198 1271 non
1227 1230 1291 1271 sum
1326 1229 1433 1286 ausus,
1465 1212 1518 1271 sed
1547 1230 1644 1289 neque
1681 1230 1753 1271 vero
1781 1217 1877 1285 motui,

516 1304 565 1378 qui
597 1303 716 1377 propior
745 1308 807 1358 erat
837 1301 945 1377 pun'cto
977 1301 1128 1360 cardinali.
1174 1300 1249 1359 Nam
1277 1301 1302 1357 si
1338 1299 1412 1357 duos
1441 1300 1626 1359 abundantes
1659 1301 1774 1375 gradm
1803 1302 1876 1357 initio

515 1404 612 1448 rerum
635 1387 797 1459 detraham,
822 1387 991 1446 detrahetur
1014 1397 1145 1465 tempore
1169 1387 1331 1447 Ptolemaei
1356 1388 1469 1446 circiter
1491 1385 1638 1459 dimidius,
1664 1398 1758 1464 atque
1782 1387 1877 1447 eain

516 1476 701 1553 oppositione
734 1493 799 1533 eum
830 1475 899 1534 Sole
926 1475 989 1550 jam
1021 1475 1097 1533 ultra
1124 1473 1247 1549 gradum
1279 1482 1450 1534 excurreret.
1497 1474 1625 1533 Tantum
1656 1491 1730 1533 vero
1760 1492 1878 1533 errorem

516 1565 737 1623 observationes
761 1561 924 1621 Ptolemaei
947 1562 1032 1621 facile
1056 1561 1247 1637 redarguunt.
1293 1561 1330 1619 Et
1346 1569 1442 1621 taumu
1467 1579 1534 1620 cum
1549 1562 1693 1634 viderem,
1719 1561 1879 1621 desiderare

516 1657 545 1710 et
568 1650 782 1726 Dionysianam
808 1651 1044 1708 observationem
1069 1648 1141 1725 (diei
1166 1666 1238 1708 suae
1261 1646 1420 1726 relictam),
1445 1657 1478 1708 ut
1500 1648 1655 1708 attollatur
1680 1649 1800 1726 epocha
1822 1668 1880 1708 ser-

515 1755 566 1797 sus
590 1739 704 1794 initium
728 1733 786 1816 ὓ,
811 1753 871 1794 non
895 1736 1012 1811 neglexi
1035 1739 1124 1796 etiam
1148 1753 1199 1812 per
1216 1735 1297 1795 illam
1312 1752 1475 1813 propagare
1498 1744 1596 1795 motus
1619 1735 1661 1794 ad
1677 1738 1768 1795 initia
1783 1755 1879 1808 rerum,

513 1826 618 1902 spretis
649 1823 851 1882 Ptolemaicis.
899 1823 1027 1882 Retento
1057 1825 1145 1899 igitur
1176 1823 1285 1900 aphelii
1318 1830 1413 1894 motu,
1452 1831 1488 1881 ut
1513 1823 1598 1898 cujus
1628 1826 1762 1882 mutatio
1792 1826 1878 1882 minus

515 1911 622 1983 turbat,
646 1918 675 1969 et
697 1911 847 1988 applicata
871 1911 1077 1969 observatione
1093 1911 1287 1986 Dionysiana,
1312 1910 1425 1986 epocha
1443 1910 1562 1968 initialis
1577 1918 1680 1970 motus
1697 1911 1791 1970 medii
1805 1911 1879 1970 Mar·

515 2001 553 2058 tis
584 2000 612 2054 in
637 1996 672 2057 3⁰
696 1996 747 2057 45‘
771 1994 811 2077 ὓ
837 1999 926 2058 venit.
971 1997 1006 2055 Id
1031 2014 1100 2057 vcro
1132 1998 1183 2056 ubi
1207 1997 1273 2056 Chr.
1300 1996 1432 2057 Severini
1458 1998 1744 2074 Longomontanue,
1782 2001 1826 2058 vir
1856 2003 1879 2055 in

515 2085 572 2146 hac
595 2091 656 2143 arte
680 2083 867 2157 clarissimus,
891 2086 1051 2158 resciverit,
1075 2101 1133 2143 non
1159 2083 1296 2160 equidem
1320 2087 1427 2160 poterit
1449 2102 1507 2143 non
1531 2101 1721 2161 summopere
1746 2086 1878 2161 gaudere.

515 2173 547 2232 Is
570 2174 646 2231 enim
671 2181 700 2230 et
723 2173 794 2246 ipse,
819 2170 960 2246 neglectis
984 2171 1425 2245 observationibusPtolemaei,
1449 2181 1590 2248 tanquam
1611 2172 1783 2232 astrolabio
1798 2174 1879 2231 infido

516 2261 651 2339 peractis,
675 2259 804 2335 epochas
825 2276 894 2318 suas
917 2258 953 2317 ad
978 2259 1054 2319 hauc
1069 2261 1282 2337 Dionysianam
1299 2260 1534 2320 observationem
1555 2259 1715 2339 (tanquam
1736 2260 1807 2318 fidei
1821 2262 1878 2337 plus

515 2349 658 2418 meritam,
682 2348 720 2404 ob
745 2345 893 2405 oeularem
909 2355 1060 2423 aspectum
1075 2347 1289 2422 conjunctionis
1309 2364 1375 2406 cum
1391 2344 1460 2426 fixa)
1481 2346 1732 2419 accommodavit,
1758 2351 1878 2422 ignarus,

515 2451 558 2508 se,
583 2433 661 2509 quod
685 2436 712 2490 in
737 2432 815 2492 Solis
838 2450 971 2510 apogaeo
994 2450 1103 2510 magna
1125 2433 1321 2509 gratulatione
1345 2434 1550 2520 deprehendit,
1574 2452 1747 2512 apogaeum
1771 2437 1835 2511 ejus
1855 2439 1877 2491 in

517 2516 552 2582 0⁰
578 2521 613 2594 Υ
639 2520 782 2588 incidere,
814 2521 892 2579 idem
915 2539 1003 2596 quam
1026 2523 1157 2598 proxime
1179 2527 1209 2579 et
1232 2523 1259 2578 iu
1283 2527 1364 2579 motu
1388 2521 1484 2581 medio
1506 2519 1613 2581 Martis
1637 2525 1835 2598 praestitisse,
1856 2525 1875 2579 si

516 2608 605 2668 modo
629 2607 705 2666 diem
730 2611 902 2680 creationis,
927 2626 1015 2683 quam
1038 2627 1093 2684 ego
1117 2625 1262 2686 propono,
1288 2611 1396 2686 quippe
1419 2611 1456 2668 ab
1481 2609 1601 2686 epochis
1624 2608 1709 2668 Solis
1731 2618 1763 2669 et
1785 2609 1876 2668 Lunae

517 2700 681 2774 signatam,
705 2698 860 2755 attentiore
883 2696 989 2754 mentis
1012 2695 1098 2754 oculo
1121 2695 1298 2754 lustraverit

606 2784 670 2859 Ego
694 2799 781 2857 vero,
806 2785 860 2844 etsi
882 2782 959 2842 hanc
982 2784 1218 2842 observationem
1241 2783 1454 2859 Dionysianam
1482 2784 1596 2843 amois
1618 2783 1773 2843 habebam
1796 2786 1877 2860 parti·

520 2873 585 2946 bus,
621 2888 715 2946 eaque
739 2887 796 2930 non
821 2870 978 2930 admodum
1002 2873 1103 2945 iniqua
1126 2871 1238 2947 epocha
1260 2878 1356 2929 motus
1380 2869 1483 2929 Martis
1505 2871 1594 2930 medii
1621 2871 1776 2930 cardinem
1800 2875 1877 2947 ipsis·

461 2975 463 2979 ·
518 2961 623 3019 simum
648 2954 739 3038 ⁰⁰ss
765 2961 881 3035 penitus
904 2961 1022 3033 assequi
1045 2965 1163 3035 posset,
1186 2965 1356 3017 nontamen
1381 2965 1492 3016 tantam
1515 2957 1586 3016 mibi
1606 2961 1702 3017 sumai
1725 2959 1876 3027 licentiam,

520 3053 674 3126 propterea
698 3047 776 3121 quod
800 3048 920 3117 scirem,
948 3052 983 3105 11
1010 3045 1149 3120 gradibus
1178 3046 1208 3101 in
1231 3062 1325 3103 rerum
1349 3047 1431 3104 initio
1460 3043 1502 3124 (et
1524 3047 1567 3104 sic
1591 3047 1626 3105 3⁰
1650 3048 1731 3104 circa
1755 3046 1876 3105 seculum

519 3132 693 3213 Ptolemaei)
717 3133 836 3205 demtis,
869 3142 1058 3193 concurrente
1090 3141 1120 3192 et
1150 3130 1258 3208 aphelii
1282 3131 1446 3205 laxatione,
1481 3150 1567 3212 posse
1593 3136 1620 3190 in
1646 3138 1877 3211 oppositionibus

519 3240 584 3282 cum
609 3222 693 3293 Sole,
725 3237 800 3295 quae
823 3220 995 3281 Ptolemaeo
1018 3222 1136 3281 suerunt
1158 3221 1347 3292 observatae,
1380 3219 1571 3279 differentiam
1596 3224 1725 3280 existere
1755 3229 1793 3281 10
1817 3241 1877 3297 gra·

520 3309 619 3379 duum,
644 3327 732 3384 quarn
756 3308 860 3367 calculi
878 3311 1120 3368 exorbitationem
1138 3309 1358 3366 observationes
1374 3306 1535 3367 Ptolemaei
1552 3309 1640 3367 facile
1657 3310 1876 3384 redarguebant.

608 3396 727 3454 Interim
752 3413 820 3454 vero
845 3404 874 3454 et
897 3397 953 3454 hoc
975 3399 1124 3469 annotavi,
1148 3398 1172 3452 si
1196 3394 1233 3453 ad
1250 3397 1333 3453 initia
1355 3412 1449 3453 rerum
1465 3395 1639 3455 collocarem
1665 3397 1765 3455 locum
1784 3398 1877 3455 Martis

520 3486 712 3543 eccentrieum
737 3501 837 3542 venitm
860 3485 930 3559 (riou
947 3482 1087 3545 mediuml
1113 3486 1140 3540 in
1159 3477 1193 3540 0⁰
1210 3479 1260 3554 F,
1285 3491 1354 3540 tunc
1377 3482 1520 3541 calculum
1544 3486 1729 3543 incessurum
1755 3486 1875 3543 medinm

521 3574 595 3629 inter
628 3572 850 3629 observationes
878 3572 1039 3629 Ptolemaei
1071 3572 1107 3628 ab
1137 3570 1191 3627 hac
1225 3579 1253 3627 et
1285 3570 1420 3646 Dionysii
1451 3571 1488 3629 ab
1521 3569 1571 3628 illa
1601 3584 1696 3646 parte.
1745 3572 1790 3630 Ne
1819 3574 1876 3630 hnic

521 3659 640 3735 quidem
664 3660 852 3717 concinnitati
877 3658 1046 3733 quidquam,
1071 3657 1150 3732 quod
1168 3667 1296 3731 vergeret
1313 3660 1341 3713 in
1358 3658 1567 3733 praejudicium
1583 3658 1761 3728 Ptolemaei,
1788 3663 1877 3717 censui

519 3746 729 3819 indulgendum
754 3764 826 3803 esse.
873 3747 1001 3803 Primum
1026 3747 1120 3815 enim,
1144 3747 1168 3801 si
1192 3763 1292 3802 verum
1317 3754 1426 3802 motum
1462 3754 1483 3812 ό
1517 3749 1615 3820 potius
1640 3764 1732 3820 quam
1757 3748 1876 3804 medinm

516 3836 698 3908 respicerem,
719 3834 779 3908 jam
805 3833 907 3890 callem
931 3834 1000 3891 milri
1019 3834 1065 3890 lex
1083 3844 1160 3890 esset
1176 3832 1359 3890 observanda
1383 3836 1410 3888 in
1428 3832 1506 3905 Sole,
1533 3833 1625 3905 Luna,
1653 3834 1780 3896 Venere,
1807 3835 1876 3891 ller-

517 3924 607 3980 curio.
656 3921 694 3977 At
718 3924 744 3977 in
769 3920 837 3979 Sole
861 3921 999 3997 depulsus
1023 3921 1063 3977 sui
1089 3941 1106 3978 a
1130 3938 1197 3978 vero
1222 3930 1302 3976 motu
1327 3927 1355 3977 et
1379 3921 1547 3995 compulsus
1570 3921 1608 3978 ad
1633 3922 1767 3980 medium
1792 3926 1876 3979 ratio-

516 4010 602 4065 nibus
626 4007 738 4065 idoneis
763 4017 791 4066 et
815 4018 892 4066 metu
909 4010 1148 4066 observationum
1167 4008 1383 4065 obtestantium.
1424 4009 1460 4064 lit
1477 4011 1611 4082 quamvis
1629 4010 1658 4065 in
1679 4009 1765 4067 Luna
1785 4029 1876 4067 versun

519 4104 631 4153 motum
656 4096 805 4167 elegerim,
837 4105 866 4153 at
891 4097 974 4153 rnna
997 4095 1186 4153 secundarius
1210 4104 1254 4151 cst
1277 4095 1409 4170 planeta,
1445 4097 1611 4171 laetumque
1635 4097 1665 4154 id
1691 4107 1735 4154 est
1769 4112 1877 4173 propter

520 4200 580 4241 rcrn
604 4184 709 4250 aliam,
735 4201 810 4256 quae
835 4185 861 4238 in
887 4184 1002 4257 punctis
1026 4184 1129 4241 ceteris
1153 4184 1278 4256 spectari
1303 4199 1359 4239 non
1384 4191 1495 4256 potest,
1527 4193 1600 4257 puta
1635 4197 1758 4260 propter
1782 4187 1877 4261 phasin

517 4286 569 4327 scu
594 4270 777 4326 novilunium
801 4278 951 4341 exactunr3
976 4288 1030 4328 nec
1053 4280 1116 4327 erat
1139 4270 1249 4326 arbitrii
1274 4272 1329 4325 inei
1355 4270 1427 4326 haec
1450 4269 1569 4341 electio,
1604 4273 1676 4343 quin
1701 4285 1878 4329 extorserunt

519 4355 590 4413 mihi
615 4359 642 4412 in
667 4357 735 4414 Sole
760 4358 901 4429 medium,
935 4361 962 4413 in
990 4358 1072 4414 lirina
1097 4375 1196 4414 verum
1221 4356 1316 4413 locum
1341 4359 1575 4414 circumstantiae
1611 4367 1671 4415 tarn
1697 4360 1878 4417 observarin-

518 4460 603 4515 num,
640 4462 727 4518 quam
754 4446 825 4500 initii
859 4445 1001 4503 naturalis
1025 4445 1136 4502 dierunt
1165 4451 1192 4502 ct
1222 4442 1362 4500 divinitus
1386 4444 1506 4502 revelati
1537 4448 1781 4519 septimanarum.
1827 4445 1876 4503 Sed

518 4539 590 4600 esto,
621 4531 737 4605 placeat
760 4532 845 4589 alicui
881 4551 966 4589 verus
990 4532 1093 4590 Martis
1125 4532 1220 4602 locus,
1251 4549 1337 4606 quem
1369 4532 1423 4588 sub
1447 4534 1530 4589 initia
1554 4550 1649 4591 rerum
1680 4536 1708 4588 in
1742 4549 1875 4610 punctum

518 4617 667 4676 cardinale
691 4619 810 4689 reserat,
844 4618 913 4675 milri
938 4637 1031 4694 neque
1057 4637 1142 4677 verus
1166 4636 1259 4692 neque
1284 4619 1396 4676 titedius
1421 4622 1492 4676 tanti
1518 4633 1595 4690 erat,
1622 4632 1654 4677 ut
1679 4621 1744 4695 ejus
1769 4621 1876 4679 locandi

516 4707 613 4779 gratia
636 4704 831 4763 Ptolemaieas
857 4707 1077 4765 observationes
1103 4705 1255 4764 violandas
1288 4706 1556 4781 indulgendamque
1582 4708 1789 4783 Dionysiauae
1814 4727 1875 4766 cen·

516 4809 624 4862 serem,
655 4792 734 4865 quod
764 4794 831 4850 iecit
857 4794 1117 4867 Longirnontarurs.
1165 4794 1279 4851 Etenim
1310 4796 1442 4851 instituta
1470 4798 1691 4869 comparatione
1717 4797 1875 4854 verisimili·

519 4877 652 4935 tudinum
680 4896 732 4953 pro
763 4890 886 4954 utroque
912 4883 1098 4939 observatore
1124 4884 1330 4955 pugnantium,
1363 4882 1524 4957 Dionysius
1552 4894 1775 4957 {praeterquam
1806 4883 1875 4958 quod

518 4964 576 5021 fixa
592 4965 802 5037 adjuvabatur)
820 4969 954 5026 onmibus
970 4968 1088 5042 reliquis
1105 4969 1267 5025 rationibus
1285 4971 1378 5026 victus
1398 4978 1450 5026 est.
1492 4970 1656 5045 Dionysius
1673 4974 1750 5028 enim
1769 4975 1875 5029 unicam

519 5051 755 5109 observationem
773 5056 948 5129 suppeditat,
975 5055 1161 5113 Ptolemaeus
1178 5065 1319 5129 quatuor,
1344 5054 1392 5113 ille
1408 5059 1462 5112 tiro
1478 5056 1541 5128 suit,
1566 5060 1620 5115 iste
1635 5061 1749 5134 peritus
1766 5062 1875 5117 artiserz

522 5136 572 5193 ille
598 5139 671 5195 inter
695 5143 832 5214 antiquos
857 5152 908 5211 est,
939 5145 1134 5200 astronomiae
1165 5146 1260 5199 {ninus
1284 5160 1406 5215 giraros,
1440 5145 1492 5200 iste
1519 5147 1591 5200 vixit
1623 5145 1741 5203 erudito
1766 5147 1873 5203 seculo:

518 5221 567 5281 ille
591 5225 665 5283 inter
688 5229 794 5301 primos
819 5231 984 5290 inventores
1008 5239 1149 5305 censetur,
1174 5230 1221 5287 hic
1244 5232 1399 5307 magistros
1415 5229 1538 5307 lrabuit;
1562 5230 1611 5291 illc
1635 5231 1770 5309 loquitur
1785 5250 1873 5309 popu·
