4459 6275
869 771 995 831 ΜΟ
1865 762 2152 834 Epitomes
2185 764 2570 821 Astronomiae
2676 740 2691 753 ’

1037 940 1104 995 Ῑιι
1137 938 1415 995 schemate
1448 937 1497 992 si
1531 954 1599 995 ex
1636 937 1691 1007 S,
1729 943 1920 994 centro
1958 937 2118 1007 Solis,
2156 945 2351 1008 agatur
2384 940 2856 1010 perpendicularis
2889 940 2948 996 in
2984 940 3099 1011 GD,
3138 939 3409 997 visibilem
3440 942 3573 997 visu

865 1019 1072 1087 Lunae,
1110 1031 1249 1086 quae
1286 1015 1357 1071 sit
1391 1015 1492 1084 SL,
1528 1021 1658 1069 tunc
1692 1015 1747 1070 in
1785 1016 1831 1070 L
1870 1015 1973 1070 erit
2009 1016 2318 1072 obscuratio
2354 1019 2609 1073 maxima.

1043 1109 1204 1185 Quid
1241 1111 1405 1168 circa
1447 1109 1694 1167 initium
1738 1115 1794 1167 ct
1819 1108 2003 1183 finem
2047 1110 2358 1184 eclipsium
2389 1126 2496 1169 seu
2537 1111 2830 1187 scrupula
2874 1109 3248 1170 incidentiae
3290 1117 3347 1170 ct
3388 1128 3574 1169 αιισ-

865 1200 1053 1257 siom’s
1095 1194 1592 1256 observandum?
1653 1193 1718 1254 Si
1766 1195 2039 1255 centralis
2086 1205 2176 1256 est
2218 1196 2416 1258 {utura
2459 1198 2711 1257 visibilis
2759 1196 3005 1275 copula,
3067 1197 3308 1256 initium
3350 1207 3411 1257 et
3452 1196 3575 1257 finis

866 1285 985 1346 fere
1027 1286 1330 1361 requirunt
1370 1298 1655 1343 summam
1699 1282 2263 1343 semidiametrorum
2307 1286 2366 1342 in
2416 1282 2753 1344 distantiam
2798 1284 3093 1345 visibilem
3139 1285 3409 1344 locorum
3450 1285 3577 1345 lon·

866 1371 1150 1451 gitudinis
1193 1369 1351 1431 Solis
1396 1377 1456 1429 et
1498 1368 1734 1443 Lunae3
1793 1376 1858 1428 at
1912 1371 1964 1430 si
2026 1388 2245 1448 magna
2299 1373 2359 1429 in
2405 1370 2597 1432 medio
2655 1372 2830 1432 fuerit
2880 1371 3136 1431 latitudo
3183 1371 3393 1431 Lunae
3438 1374 3577 1431 visi-

866 1459 1046 1532 bilis,
1092 1457 1229 1519 loca
1287 1456 1669 1534 longitudinis
1725 1459 1782 1515 in
1828 1459 2111 1536 principio
2169 1467 2227 1518 et
2271 1458 2386 1519 fine
2432 1459 2734 1520 distabunt
2790 1460 2982 1519 minus
3024 1476 3261 1519 summa
3302 1458 3577 1520 semidia-

865 1554 1196 1607 metrorum.
1287 1545 1497 1621 Itaque
1541 1551 1908 1623 computetur
1951 1543 2205 1605 latitudo
2253 1548 2384 1605 visa
2422 1545 2503 1606 ad
2546 1554 2881 1625 susceptum
2938 1556 3165 1607 certum
3210 1545 3576 1607 intervallum

866 1635 1172 1712 temporis,
1218 1639 1353 1693 ante
1402 1632 1498 1693 vel
1543 1640 1679 1712 post
1723 1631 1994 1710 copulam
2039 1631 2353 1695 visibilem.
2442 1633 2638 1710 Hujus
2672 1633 2999 1693 latitudinis
3045 1633 3575 1711 antilogaritbmn,

865 1720 1104 1783 ablatus
1148 1721 1225 1782 ab
1271 1719 1747 1796 antilogaritbmo
1793 1737 2058 1781 summae
2101 1720 2680 1794 semidiametrorum,
2726 1721 3003 1798 relinquit
3040 1721 3579 1798 antilogaritlinun

865 1808 1228 1873 differentiae
1272 1807 1531 1868 locorum
1574 1806 1959 1884 longitudinis
2003 1809 2247 1882 circiter,
2296 1826 2470 1886 quam
2515 1810 2755 1886 requirit
2802 1811 3028 1869 initium
3074 1809 3170 1869 vel
3218 1808 3355 1869 finis
3396 1809 3577 1885 eclip-

867 1900 965 1957 sis.
1055 1897 1248 1957 Debet
1291 1903 1486 1955 autem
1544 1895 1683 1956 huic
1727 1894 2085 1956 differentiae
2150 1895 2415 1972 aequalis
2460 1914 2588 1957 esse
2633 1904 2827 1956 motus
2869 1895 3077 1956 Lunae
3139 1895 3429 1968 visibilis,
3480 1914 3577 1974 per

866 1993 1212 2071 susceptum
1255 1983 1530 2061 temporis
1595 1981 1968 2043 intervallum
2023 1981 2329 2058 collectus,
2392 1992 2495 2044 aut
2552 1985 2605 2043 si
2665 2001 2783 2044 non
2828 1991 3077 2061 aequat,
3141 1985 3355 2062 corrigi
3404 1984 3577 2044 inter·

868 2071 1109 2147 vallum,
1154 2078 1220 2132 ut
1264 2077 1496 2148 aequet.

1041 2172 1105 2228 In
1141 2172 1418 2226 schemate
1454 2169 1528 2225 sit
1562 2169 1657 2225 CH
1692 2169 1809 2224 visa
1842 2169 2075 2225 latitudo
2110 2169 2333 2225 initialis
2371 2170 2611 2239 circiter,
2659 2169 2741 2225 OS
2786 2183 2996 2224 summa
3039 2168 3575 2261 semidiametrurum,

870 2248 1086 2307 dabitur
1118 2249 1285 2319 igitur
1316 2248 1409 2304 HS
1444 2247 1671 2305 visibilis
1695 2247 1971 2303 distantia
2003 2256 2316 2302 centrorum
2349 2263 2449 2316 pro
2482 2247 2654 2318 initio,
2691 2262 2789 2302 seu
2826 2247 3083 2318 scrupula
3112 2247 3469 2317 incidenh'ae3
3502 2250 3575 2305 sie

870 2344 940 2384 ex
973 2330 1071 2385 DF
1108 2329 1225 2385 visa
1258 2327 1545 2384 latitudine
1579 2325 1730 2381 finali
1765 2334 1821 2379 et
1856 2340 1926 2380 ex
1962 2328 2055 2382 SD
2093 2331 2159 2380 ut
2193 2327 2345 2396 prius
2380 2327 2728 2382 inveniuntur
2763 2326 2865 2392 SF,
2900 2325 3162 2396 scrupula
3196 2328 3533 2385 emmionis.

968 2466 971 2471 ,
1045 2424 1241 2496 Quam
1320 2421 1428 2479 diu
1494 2420 1683 2479 durat
1752 2418 1965 2494 aliqua
2022 2418 2179 2478 Solis
2234 2419 2463 2495 eclipsis
2529 2421 2598 2477 in
2662 2426 2820 2479 certo
2887 2418 3112 2477 Ten-ac
3178 2419 3307 2480 Ioco
3322 2419 3362 2479 P
3448 2419 3571 2480 Ne·

871 2508 1042 2569 facile
1086 2507 1301 2585 regulis
1347 2505 1756 2588 comprehendi
1802 2513 1998 2584 potest
2041 2513 2311 2567 exactum
2358 2506 2679 2566 durationis
2723 2512 2979 2584 tempus,
3029 2514 3267 2584 propter
3304 2524 3571 2584 magnam

2217 2593 2603 2670 parallaxium
2645 2595 2987 2655 varietatem
3013 2610 3120 2669 per
3163 2593 3437 2655 divers-s
3462 2605 3573 2655 ts-

2216 2679 2341 2758 poli
2410 2698 2584 2757 quam
2647 2679 2801 2741 Solis
2867 2680 3226 2741 altitudines.
3318 2681 3573 2742 Primn-

2216 2777 2412 2829 tamen
2460 2767 2783 2827 durationis
2826 2766 3179 2828 elementum
3217 2778 3311 2829 est
3354 2787 3573 2829 summa

2004 2872 2092 2928 Ἀ.
2215 2855 2774 2916 semidiametrorum
2818 2854 2975 2917 Solis
3020 2862 3081 2915 et
3121 2854 3369 2930 Lunae,
3436 2858 3573 2919 visi-

1892 2928 2092 3020 ξς,ῑξς“
2216 2942 2322 3002 bili
2368 2950 2531 3003 motu
2577 2942 2952 3016 conficienda,
3002 2949 3124 3003 tam
3156 2960 3263 3021 pro
3310 2943 3569 3006 incide·-

1988 3020 1996 3054 ''
2215 3032 2335 3090 tiae
2393 3046 2569 3106 quam
2627 3046 2731 3109 pro
2791 3032 3129 3091 emersiouis
3192 3032 3567 3110 temporibu

1439 2642 1539 2693 ΠΒ.
1566 2642 1633 2685 97.

1536 3163 1568 3260 z
1840 3144 2112 3316 --7
2213 3117 2815 3265 {333133‘23230
2839 3134 3111 3279 :cst
3170 3118 3565 3285 {mr-“w

1556 3264 1616 3382 ,ς
1676 3316 1728 3382 ,2¹¹
1848 3316 1916 3377 A*
2215 3291 2420 3351 Lunae
2465 3292 2646 3370 paulo
2691 3293 2894 3370 maJor,
2941 3294 2998 3351 ιιι
3042 3297 3325 3370 perigaeo
3375 3299 3563 3368 minor,

1387 3381 1391 3389 '
1708 3397 1712 3405 ·
1812 3377 1848 3409 ··‘'‘
2218 3380 2366 3438 duas
2401 3382 2574 3455 igitur
2619 3380 2793 3440 horas
2823 3380 3182 3458 impenderet
3214 3382 3391 3442 Luna
3416 3395 3562 3443 motu

2218 3485 2359 3527 vero
2406 3469 2462 3524 in
2512 3470 2759 3527 transitu
2802 3486 2904 3544 per
2949 3467 3172 3528 discum
3220 3469 3405 3530 Solis.
3462 3469 3563 3532 Sed

2219 3558 2360 3630 quia
2397 3554 2648 3613 visibilis
2678 3564 2871 3615 motus
2914 3557 3102 3615 minor
3133 3567 3194 3616 ct
3242 3557 3464 3617 tardior
3490 3569 3563 3618 est

2218 3660 2388 3714 vere,
2452 3644 2657 3701 tertiae
2713 3645 2886 3720 igitur
2931 3642 3109 3704 horae
3153 3647 3423 3705 semissis
3471 3663 3563 3704 vs·

2218 3732 2481 3789 rietatem
2551 3746 2869 3801 morarum,
2945 3733 2995 3788 si
3062 3730 3135 3790 de
3203 3734 3559 3804 centralibus,

2220 3820 2478 3875 omnium
2547 3819 2832 3892 maximis,
2901 3820 3163 3894 agimus,
3241 3821 3362 3880 fere
3436 3838 3563 3880 con·

2216 3914 2485 3963 summat.

1046 3986 1160 4063 Qui
1209 3998 1412 4050 exacte
1472 3989 1600 4050 vult
1657 4009 1862 4068 agere,
1923 3993 1973 4050 is
2035 3999 2333 4068 computet
2391 3990 2663 4067 scrupula
2719 3993 3071 4053 incidentiae
3117 3992 3225 4053 HS
3286 4002 3348 4053 et
3392 4012 3564 4055 emer·

874 4076 1057 4135 sionis
1113 4074 1206 4134 SF
1263 4077 1539 4138 methodo
1600 4081 1954 4156 praemissa3
2011 4097 2144 4139 nam
2202 4077 2570 4138 intervallum
2631 4083 2908 4156 temporis
2968 4098 3086 4140 una
3146 4086 3475 4159 computari
3516 4091 3563 4143 et

875 4163 1082 4239 corrigi
1130 4162 1357 4237 debere,
1398 4166 1522 4242 jam
1569 4175 1658 4225 est
1702 4166 1938 4226 dictum.

1048 4251 1208 4324 Quid
1244 4261 1563 4327 praeterea
1605 4261 1908 4328 spectatur
1951 4257 2019 4312 in
2063 4254 2267 4329 eclipsi
2298 4249 2491 4311 Solis?
2541 4252 2753 4331 Plaga,
2798 4274 2834 4312 a
2879 4271 2996 4329 qna
3041 4262 3161 4313 stat
3208 4256 3473 4318 desectus
3514 4260 3558 4316 in

872 4341 1131 4414 margine
1171 4338 1329 4398 Solis
1376 4349 1491 4399 tam
1541 4343 1721 4415 initio,
1771 4358 1947 4417 quam
1992 4340 2122 4413 fine,
2170 4342 2309 4398 item
2356 4345 2413 4398 et
2458 4339 2513 4396 in
2544 4340 2754 4412 medio,
2806 4349 2865 4399 et
2909 4343 3143 4416 quando
3177 4360 3403 4404 cornua
3446 4363 3559 4405 sur·

871 4443 1023 4499 sum,
1086 4426 1321 4500 quando
1384 4428 1680 4501 deorsum,
1746 4428 1995 4504 denique
2059 4427 2293 4504 quando
2343 4425 2416 4483 ad
2461 4425 2616 4485 latus
2664 4427 3002 4487 alterutrum
3062 4440 3369 4507 spectent;
3434 4432 3561 4492 haee

871 4530 986 4571 non
1034 4516 1223 4573 minus
1268 4524 1503 4592 propter
1547 4533 1687 4575 usus
1733 4517 2155 4575 astronomicos
2214 4524 2274 4574 et
2318 4513 2732 4592 astrologicos,
2792 4533 2966 4590 quam
3029 4516 3105 4574 ad
3162 4520 3559 4595 praedictionis

872 4601 1450 4662 commendationem.

1047 4701 1177 4773 Quo
1237 4698 1430 4758 medio
1490 4697 1773 4756 discimus
1822 4697 1932 4754 has
1971 4697 2235 4773 playas?
2294 4696 2753 4772 Investigatione
2800 4698 3146 4774 angulorum
3197 4699 3367 4775 nst-2,
3416 4700 3557 4764 CSE.

872 4801 1019 4860 quos
1068 4801 1199 4844 cum
1247 4785 1515 4862 ecliptica
1560 4783 1662 4859 EQ
1707 4783 1925 4842 iaciunt
1971 4784 2165 4844 circuli
2211 4783 2362 4856 duo,
2425 4785 2571 4843 alter
2617 4785 2910 4844 verticalis
2956 4786 3102 4856 RV,
3165 4805 3273 4864 per
3318 4797 3557 4848 centrum

869 4873 1024 4932 Solis
1071 4872 1131 4945 S,
1180 4870 1326 4931 alter
1371 4873 1479 4944 CS,
1529 4871 1641 4945 LS,
1690 4871 1807 4943 DS,
1857 4889 1956 4950 per
2001 4880 2196 4931 centra
2226 4870 2381 4931 Solis
2428 4880 2487 4931 ct
2516 4873 2718 4932 Lunae
2764 4874 3019 4932 visibilia
3070 4874 3261 4933 ducti:
3308 4879 3395 4936 sic
3425 4877 3557 4935 enim

870 4961 1172 5023 conficitur
1234 4968 1294 5019 et
1352 4959 1603 5036 angulus
1652 4957 1827 5032 CSR,
1875 4958 2051 5031 LSR,
2114 4958 2294 5031 DSR,
2354 4962 2631 5018 sectionis
2677 4960 2881 5019 borum
2927 4963 3185 5038 ipsorum
3233 4972 3471 5023 mutuae
3510 4965 3557 5020 is

870 5059 1064 5108 centro
1111 5047 1299 5123 Solis,
1361 5057 1419 5107 et
1482 5064 1619 5106 vcro
1679 5047 1927 5105 circulus
1988 5046 2281 5106 verticalis
2342 5065 2630 5107 summum
2688 5058 2745 5107 et
2804 5051 2980 5107 imum
3031 5049 3190 5108 Solis
3256 5053 3555 5126 marginem

870 5146 1167 5209 monstrat,
1214 5138 1430 5213 quippe
1460 5152 1559 5212 pcr
1588 5133 1743 5193 Solis
1790 5143 2048 5194 centrum
2080 5134 2306 5193 ductus.
2376 5133 2573 5208 Porro,
2621 5152 2771 5211 quac
2801 5140 2879 5195 sit
2909 5138 3289 5196 observanda
3320 5141 3555 5196 varietas

870 5220 1180 5282 additionis
1226 5222 1320 5282 vel
1365 5223 1776 5283 subtractionis
1831 5221 2038 5282 borum
2078 5222 2427 5299 angulorum
2478 5231 2583 5284 aut
2639 5225 3199 5300 complementorum
3253 5225 3551 5286 sectandu-
