4459 6275
433 780 495 839 402
930 771 1072 842 Epitonses
1090 771 1283 849 Astronomiae

432 948 598 1026 inaequalis
637 947 838 1011 crassitudinis
869 957 1042 1025 utrumqne,
1083 949 1191 1026 quibus
1225 966 1332 1013 nomen
1366 946 1510 1010 decerno
1541 946 1780 1011 delereutinu

434 1055 483 1099 eu
521 1055 574 1101 es.
615 1092 620 1105 .
985 1054 987 1061 ·

491 1056 630 1203 gQussre
658 1127 696 1183 iis
723 1124 873 1183 cundum
896 1141 960 1185 non
982 1123 1103 1184 censes?
1135 1122 1214 1199 Quia
1236 1124 1331 1200 magis
1353 1123 1392 1185 sd
1414 1122 1555 1201 physicae
1576 1123 1711 1185 rationes
1730 1140 1783 1183 rno-

435 1222 516 1271 tuum
548 1213 751 1291 imaginationi
783 1211 984 1288 subjiciendas
1016 1213 1179 1289 comparati
1211 1210 1343 1285 luerunt,
1379 1227 1470 1287 quam
1500 1209 1541 1270 ad
1575 1212 1784 1273 mtrorrcmlest

435 1301 540 1377 ltaque
563 1318 665 1361 eorum
689 1302 880 1376 usurpatione
903 1298 1104 1361 stabilirentur
1128 1297 1197 1358 illae'
1218 1298 1361 1377 physicae
1383 1301 1539 1375 opiniones
1558 1297 1658 1359 lelsae
1675 1296 1785 1359 dercli-

436 1388 527 1448 ditats
550 1382 681 1462 orbium,
705 1388 836 1449 vicissim
859 1387 1085 1448 obscurarentur
1107 1387 1143 1445 iis
1165 1387 1329 1447 sententiae
1354 1402 1441 1447 serae
1463 1385 1500 1447 (le
1523 1388 1625 1447 eeueis
1646 1385 1724 1448 libro
1743 1384 1786 1445 ll'.

435 1474 642 1537 demonstretis
666 1476 769 1537 harum
792 1475 1038 1552 inaequalitatum
1060 1491 1222 1551 carumque
1244 1475 1484 1551 transpositionis
1505 1472 1705 1534 rnununre.

361 1634 364 1641 Ι
503 1563 607 1641 'Quid
628 1581 700 1639 erpo
722 1571 757 1623 tu
778 1563 825 1621 hir
847 1563 944 1623 tribur
967 1570 1106 1623 usurum
1128 1561 1252 1621 orbibus
1271 1561 1428 1622 substituis
1440 1561 1484 1621 osi
1496 1560 1706 1636 subiicienda
1719 1562 1787 1619 iero·

434 1653 587 1726 oinotioni
614 1653 749 1711 rationes
778 1649 1021 1711 astronomicae?
1057 1647 1186 1723 Sulficit,
1219 1657 1252 1709 ut
1280 1648 1355 1711 (lues
1384 1647 1481 1711 buces
1507 1657 1606 1711 rectas
1633 1666 1674 1711 ex
1701 1656 1788 1707 centro

304 1730 307 1735 ’
435 1736 512 1797 Solis
535 1737 705 1811 educamus,
728 1736 852 1799 alteram
876 1755 927 1813 per
949 1739 1096 1799 sectiones
1120 1730 1235 1798 orbitae
1249 1734 1388 1812 planetae
1403 1753 1470 1797 curn
1484 1736 1633 1814 ecliptica,
1657 1734 1789 1811 reliquant

435 1841 488 1901 per
509 1832 640 1885 centrum
663 1826 777 1886 orbitas
800 1820 937 1901 planetae
960 1825 1119 1901 proprium,
1144 1832 1298 1899 utramque
1322 1824 1458 1901 utrinque
1479 1839 1574 1901 usqne
1590 1824 1651 1887 sub
1665 1822 1746 1897 lixas,
1764 1834 1789 1883 et

437 1912 515 1973 illius
546 1914 658 1973 motum
687 1913 743 1973 sub
766 1913 903 1993 ecliptica
925 1915 955 1973 in
978 1911 1185 1973 aruecedentia
1206 1913 1308 1988 signe,
1340 1910 1430 1988 hujus
1450 1910 1509 1974 aab
1531 1910 1665 1987 unuh,
1697 1910 1790 1987 qeiie

381 2036 386 2045 ·
435 1999 562 2077 sphaera
585 1998 708 2062 marum
730 2007 879 2077 superstat
901 2001 1028 2073 orbitae,
1059 2008 1173 2061 motum
1195 2000 1224 2059 in
1247 2000 1461 2077 consequentia
1481 1997 1661 2073 (luceamus,
1687 2014 1790 2075 esque·

436 2085 610 2147 bilissimum
633 2094 798 2168 utrumque,
820 2086 905 2147 illum
927 2088 966 2147 ab
990 2085 1202 2163 aequinoctiali
1224 2095 1335 2164 puncto
1358 2086 1473 2162 merliu,
1503 2086 1584 2147 bunc
1605 2103 1624 2147 a
1647 2085 1728 2153 boen
1745 2084 1791 2145 ille

436 2176 683 2236 intersectionem
729 2174 792 2235 Nisi
821 2175 870 2236 bic
900 2174 1105 2251 excipiendum
1133 2175 1221 2235 luerit
1242 2173 1356 2251 aliquio
1379 2174 1456 2235 libro
1480 2173 1549 2235 Vll.
1572 2192 1610 2238 es
1632 2190 1673 2235 co
1692 2170 1790 2235 tuis

436 2269 548 2336 mento,
581 2260 661 2338 quod
689 2263 777 2322 etiarn
808 2263 946 2340 ecliptica
975 2261 1108 2322 luxatllis
1139 2274 1201 2338 est,
1233 2278 1287 2324 uec
1315 2278 1434 2339 semper
1460 2278 1513 2339 per
1534 2260 1659 2323 curione
1681 2262 1791 2323 omnine

437 2350 511 2411 lixas
535 2349 672 2409 tenditur.

509 2437 726 2513 ¹Sepcrationc
755 2435 812 2494 hcc
835 2436 937 2513 fucta,
968 2435 1045 2513 quid
1070 2443 1210 2495 remanet
1237 2438 1457 2511 imopirroticni
1482 2442 1608 2497 nmtroe
1634 2435 1673 2495 de
1697 2434 1791 2513 pyrro

436 2527 553 2583 itineris
572 2522 742 2600 planetae?
769 2522 915 2583 Remanet
937 2523 1033 2585 orbita
1054 2523 1185 2601 periente
1206 2521 1347 2599 elliptica,
1370 2521 1459 2600 plano
1474 2540 1554 2585 mero
1569 2522 1791 2601 regularissimi,

436 2612 475 2672 erl
503 2610 657 2688 eclipticas
685 2611 807 2689 planum
837 2612 1042 2671 constantibus
1072 2609 1192 2687 angulis
1222 2609 1378 2685 inclinato,
1407 2628 1511 2688 aquo
1532 2610 1692 2689 eclipticas
1712 2608 1791 2687 pleno

303 2754 311 2771 ,
437 2700 512 2760 baec
536 2700 640 2775 orbita¹
654 2705 771 2762 secetur
793 2698 872 2758 linea
893 2715 946 2776 per
968 2706 1098 2759 centrum
1122 2699 1252 2775 corporis
1272 2696 1387 2761 Sclarls
1416 2698 1519 2773 duem,
1551 2694 1587 2759 'nt
1613 2697 1668 2759 lul.
1691 2698 1751 2759 382
1770 2714 1791 2757 a

437 2787 511 2848 libro
527 2785 581 2847 lv.
600 2788 802 2862 praemissum.
839 2785 875 2845 In
899 2785 955 2846 hac
978 2788 1075 2848 orbita
1095 2786 1219 2864 planeta
1240 2784 1358 2848 rebitur
1381 2785 1531 2863 inaequali
1552 2802 1607 2863 per
1627 2792 1730 2863 parter
1747 2800 1791 2845 ce·

436 2875 561 2947 lenitate,
585 2876 747 2935 restituitur
770 2876 841 2935 iero
864 2871 903 2933 ad
925 2877 1073 2936 sectiones
1095 2872 1231 2950 adeoque
1253 2874 1344 2935 etiam
1366 2872 1662 2953 assequeremur
1682 2880 1789 2951 penca,

436 2964 507 3038 quin
531 2962 620 3023 etiarn
642 2961 680 3023 sd
703 2960 777 3021 lrres
799 2960 897 3037 adque
919 2959 1027 3024 lineam
1051 2980 1104 3040 por
1126 2970 1227 3023 centra
1246 2960 1465 3039 aequalissinrie
1487 2970 1656 3040 temporum
1669 2956 1789 3041 periali

439 3067 538 3110 corum
560 3052 714 3124 mensuris,
738 3056 881 3126 quantum
906 3051 934 3107 in
957 3068 998 3111 ec.

527 3138 650 3199 Nihilne
673 3145 779 3214 peccat
808 3138 881 3198 hoec
911 3141 1095 3215 inmyissntio
1117 3141 1152 3198 irs
1174 3154 1285 3198 caueae
1306 3145 1335 3197 et
1355 3154 1517 3198 nsenmroe
1537 3146 1684 3200 motuum
1705 3139 1789 3198 onies

435 3226 554 3301 periodi
575 3224 737 3303 physicos?
758 3223 840 3284 Nihil
861 3228 989 3302 penitus,
1012 3225 1171 3288 dunrmodo
1187 3227 1330 3286 memoria
1346 3232 1508 3299 teneamus,
1530 3243 1577 3298 ee,
1600 3242 1682 3302 quae
1695 3221 1788 3286 eresi

439 3314 614 3390 irnplexione
642 3323 672 3373 ct
701 3315 884 3375 connexione
914 3313 1042 3392 plurium
1072 3315 1234 3374 orbitarum
1256 3320 1325 3372 sunt
1347 3312 1449 3373 ablata
1470 3329 1522 3389 per
1544 3312 1641 3374 dictas
1665 3313 1738 3373 tuae
1757 3310 1789 3370 li·

439 3418 519 3475 neas,
542 3400 664 3477 physice
687 3417 744 3459 non
768 3419 819 3477 per
842 3401 909 3480 illas
933 3403 1099 3479 ipsas,·serl
1122 3416 1174 3478 per
1196 3400 1417 3462 inclbrstionem
1439 3400 1577 3460 librarum
1591 3399 1719 3462 realium
1733 3416 1789 3460 ccr-

439 3489 519 3563 poris
541 3487 697 3564 planetarii
718 3492 871 3563 praestari.

525 3575 597 3651 Quo
624 3577 696 3647 y'ore
725 3576 806 3633 hanc
835 3594 953 3651 quoque
974 3584 1096 3651 partem
1115 3575 1196 3653 facie
1221 3573 1448 3649 Oopemiconus
1471 3579 1682 3636 astronomiae
1689 3619 1700 3653 ,
1729 3590 1790 3634 curn

440 3671 543 3722 meren
566 3665 591 3721 is
613 3669 722 3722 auctor
744 3657 893 3721 manserit
915 3667 947 3722 in
969 3667 1121 3723 sehunna
1144 3672 1280 3722 ueterum
1303 3662 1339 3722 dc
1359 3665 1500 3741 perfectis
1514 3661 1661 3722 circulis?
1683 3662 1791 3730 error.

439 3751 560 3810 sormam
591 3749 666 3811 hanc
697 3748 907 3827 hypothesium
938 3768 996 3810 non
1027 3769 1093 3812 esse
1117 3751 1361 3828 (lopemicanam.
1406 3753 1448 3810 At
1478 3752 1549 3828 quie
1579 3767 1650 3826 pars
1679 3751 1736 3810 ista
1760 3747 1791 3806 ds

440 3840 601 3898 eccentrico
631 3840 723 3899 sarsit
753 3837 912 3915 hypothesi
945 3839 1120 3913 universali,
1152 3857 1230 3915 quac
1257 3847 1339 3898 motu
1363 3837 1492 3900 Telluris
1519 3855 1620 3898 annuo
1653 3846 1684 3899 et
1704 3839 1792 3916 quiete

439 3927 518 3987 Solis
546 3928 648 3999 utitur,
679 3925 712 3984 lit
742 3926 831 4002 igitur
854 3943 872 3985 s
892 3928 1000 4004 potiori
1025 3927 1236 3989 denominatio.
1283 3925 1369 3986 Adde
1391 3925 1470 4002 quod
1494 3927 1552 3987 ists
1574 3926 1723 4004 particule
1743 3924 1792 4001 hy·

438 4014 596 4091 potheseos
619 4015 794 4074 necessariis
816 4017 998 4090 argumentis
1020 4015 1152 4093 physicis
1175 4033 1212 4076 ex
1234 4013 1288 4077 illa
1310 4017 1410 4091 quiete
1431 4011 1511 4075 Solis
1533 4021 1564 4075 et
1585 4022 1671 4075 motu
1684 4013 1791 4080 Tenue.

439 4102 625 4179 slognratibus
648 4099 873 4186 Copernicanis,
905 4105 1048 4173 nectitur,
1077 4105 1178 4180 itaque
1201 4102 1281 4164 bono
1303 4102 1390 4164 titulo
1415 4104 1505 4164 etiarn
1527 4102 1603 4164 baec
1626 4099 1669 4162 acl
1691 4101 1793 4179 coper-

439 4192 536 4252 uicum
560 4189 657 4250 relcrri
681 4198 815 4265 possunt.

529 4276 599 4353 Quo
621 4277 757 4337 mellendo
780 4276 992 4349 cenedensium,
1016 4275 1299 4353 commonstretur,
1321 4295 1358 4338 cs·
1371 4280 1472 4337 cautis
1483 4276 1626 4353 phynicia,
1647 4276 1729 4338 libro
1741 4274 1792 4334 ll'.

438 4366 592 4436 stabilitis,
617 4368 694 4424 oriri
717 4366 808 4423 telem
829 4367 963 4442 liparam
987 4366 1104 4425 orbitae
1127 4373 1307 4441 tantumque
1326 4383 1385 4441 per
1407 4373 1509 4441 partes
1529 4365 1597 4437 ejus
1617 4365 1793 4425 celeritatem

437 4452 601 4525 planetae?
635 4451 837 4528 Incipiendum
865 4453 952 4513 nobis
976 4462 1021 4513 est
1043 4454 1082 4515 ab
1105 4471 1227 4513 accessu
1247 4461 1278 4514 et
1300 4469 1418 4515 recessu
1440 4452 1581 4530 planetes
1603 4470 1623 4512 a
1646 4451 1718 4514 Sole
1739 4451 1793 4528 pri·

439 4556 577 4614 mumque
606 4540 812 4601 corretituenrla
844 4550 889 4599 est
920 4557 1057 4602 mensura
1084 4543 1264 4618 geometrica
1292 4541 1472 4601 fortitudinis
1495 4540 1618 4614 uirium,
1650 4557 1729 4618 qnae
1748 4555 1794 4600 es·

438 4627 543 4684 seritur
565 4628 594 4684 in
614 4626 764 4702 planetam
787 4627 951 4688 libranrlunr
976 4632 1005 4688 in
1028 4630 1163 4705 quolibet
1184 4632 1244 4689 situ
1266 4628 1415 4689 fibrarum.
1460 4627 1598 4688 Secundo
1618 4625 1794 4706 expedienda

439 4721 484 4773 est
506 4715 594 4773 etiam
617 4732 754 4775 mensura
777 4719 957 4792 geometrica
978 4716 1187 4793 compendiose
1206 4717 1328 4776 ellectus
1342 4717 1526 4776 attractionis
1543 4716 1593 4777 vel
1609 4715 1794 4794 expulsicn'u,

438 4804 489 4876 qui
522 4809 583 4860 toto
614 4802 716 4877 aliquo
747 4821 817 4864 arcu
845 4805 958 4865 orbitae
982 4821 1033 4880 per
1055 4807 1155 4864 omnia
1178 4806 1283 4864 virium
1306 4807 1488 4864 incrementa
1509 4805 1565 4862 luit
1587 4803 1793 4865 accumulem

437 4889 537 4949 Tertio
561 4887 819 4950 derrrcnstranrlum
836 4899 889 4965 est,
915 4890 1015 4951 extali
1038 4889 1205 4964 libratione,
1229 4894 1304 4952 inter
1326 4890 1565 4952 circumeundum
1580 4901 1714 4968 perarma
1735 4888 1794 4950 oriri

439 4975 560 5052 liguram
582 4976 696 5036 orbitae
719 4979 889 5055 ellipticam.
930 4979 1044 5054 Quarto
1067 4978 1280 5040 ostendendum
1304 4990 1357 5053 cst,
1381 4979 1501 5056 planum
1524 4978 1642 5056 ellipsis
1664 4979 1792 5040 exhibere

438 5081 588 5123 mensurus
612 5068 750 5139 temporis
773 5077 802 5126 ct
825 5084 982 5141 morarum,
1006 5085 1081 5143 quas
1103 5068 1225 5145 planeta
1247 5071 1394 5128 consumit
1409 5071 1439 5126 in
1454 5066 1590 5144 quolibet
1605 5084 1677 5128 arcu
1691 5067 1791 5144 figures

438 5168 508 5209 suae
538 5150 695 5227 ellipticae.
749 5152 859 5228 Quinto
888 5154 1022 5216 rlocerula
1050 5165 1094 5215 eet
1123 5155 1354 5232 aequipollentia
1385 5158 1461 5216 inter
1488 5155 1613 5232 planum
1640 5154 1739 5216 circuli
1765 5159 1788 5208 rt

438 5237 557 5312 planum
586 5238 714 5330 ellipsis,
748 5241 846 5317 quoad
877 5241 953 5304 haue
985 5245 1126 5322 temporis
1153 5245 1412 5307 mensurationem.
1459 5239 1572 5320 Ultlrrrq
1595 5241 1724 5322 deumne
1743 5239 1786 5298 dt·
