4459 6275
524 816 589 876 nrt
815 877 818 883 ,
944 812 949 826 “
1023 807 1167 878 Epitomes
1184 804 1375 861 Astronomiss

524 990 586 1067 prie
610 996 640 1048 et
662 986 781 1064 plantis,
804 1002 869 1046 curn
892 1003 925 1046 se
948 985 1055 1046 tollunt
1077 986 1106 1043 in
1130 1002 1218 1045 auras
1240 1002 1275 1045 ex
1298 992 1373 1046 terra
1388 983 1533 1059 humecta,
1557 1000 1634 1062 qnae
1656 986 1753 1062 eripe
1769 984 1877 1047 dicitnr.

526 1072 708 1136 Occidere
731 1082 761 1134 et
786 1073 957 1133 occumbere
978 1083 1023 1135 est
1044 1090 1169 1151 pronum
1184 1071 1304 1133 cadere:
1328 1071 1365 1133 de
1386 1071 1561 1133 cadentibus
1580 1074 1610 1130 in
1632 1073 1698 1134 acis
1714 1082 1878 1150 usurpatur,

525 1161 593 1223 inde
621 1160 658 1222 de
688 1160 823 1221 omnibus
853 1162 1074 1222 intereuntibus.
1121 1159 1235 1221 Graeca
1264 1176 1324 1219 ror
1345 1166 1424 1222 duzas
1446 1166 1603 1237 usurpatur
1632 1176 1687 1237 pro
1708 1161 1878 1237 reocptnio

527 1247 652 1327 aliquod
674 1247 824 1322 conclave,
848 1249 955 1322 subire,
979 1251 1095 1321 intrare,
1120 1247 1222 1321 condi;
1246 1245 1434 1323 quodsidera
1455 1253 1524 1324 post
1537 1255 1651 1307 montes
1668 1244 1753 1307 velut
1774 1250 1805 1305 in
1819 1246 1881 1307 tha·

524 1337 636 1398 lanrnm
656 1352 689 1397 se
712 1336 862 1411 recipiant.
898 1333 1089 1395 Germanicae
1111 1336 1344 1411 praepositiones
1367 1334 1435 1410 dtuli
1456 1337 1512 1394 urb
1533 1333 1682 1411 ntbngonq
1708 1334 1879 1395 manifestae

526 1433 604 1500 snnt,
627 1430 734 1483 sonant
756 1425 833 1483 enirn
855 1439 906 1482 sus
929 1431 959 1482 et
981 1422 1033 1497 de;
1056 1422 1215 1498 unterqrbzn
1237 1431 1282 1482 cst
1304 1424 1404 1498 morgi,
1428 1430 1460 1481 ut
1482 1438 1574 1481 naves
1597 1423 1627 1480 in
1648 1419 1750 1483 undis.

619 1511 734 1570 Verane
754 1508 855 1569 sidero
877 1509 1060 1585 quotidiano
1083 1508 1287 1568 vicbutuda'ne
1307 1509 1387 1586 {tunt
1408 1508 1473 1568 altu
1495 1516 1526 1569 et
1546 1508 1694 1582 humilio,
1725 1511 1880 1586 martra

528 1606 557 1658 et
584 1597 724 1658 cedentia
752 1595 900 1655 arama?
942 1596 1137 1674 Nequaquam
1165 1596 1221 1657 boc
1249 1596 1426 1656 concesserit
1454 1596 1611 1673 quisquam
1636 1604 1880 1657 astronomorum

525 1685 601 1746 llam
624 1685 738 1744 etiamsi
760 1693 858 1742 motus
881 1683 1002 1747 diurnus
1024 1683 1117 1744 stellis
1139 1684 1315 1743 attribuatur
1346 1683 1513 1759 quiescente
1537 1682 1639 1762 Terra,
1660 1685 1687 1743 is
1709 1684 1769 1743 erit
1789 1685 1880 1745 drm-

525 1772 595 1833 laris
617 1774 694 1832 circa
708 1770 816 1831 Terrae
839 1780 988 1847 centrum;
1011 1773 1041 1829 in
1065 1769 1174 1831 circulo
1196 1787 1266 1852 vero
1288 1768 1371 1828 nulla
1391 1787 1460 1847 pars
1482 1769 1575 1832 altera
1596 1769 1737 1832 humilior
1759 1770 1880 1833 altiorra

526 1869 571 1919 est
601 1877 619 1918 a
650 1865 750 1919 centro
780 1874 845 1917 suo.
890 1858 966 1918 Sunt
995 1861 1083 1937 igitur
1114 1875 1214 1917 omnes
1244 1860 1319 1917 istae
1341 1857 1504 1917 locutiones
1528 1856 1567 1917 ad
1587 1875 1707 1919 sensnm
1732 1858 1881 1919 oculorum

525 1945 774 2019 accommodatae,
797 1947 860 2005 sive
880 1946 913 2005 in
934 1944 1064 2022 proianis
1086 1946 1277 2022 scriptoribus
1292 1952 1454 2018 occurrant,
1476 1945 1542 2007 sire
1557 1946 1587 2004 in
1609 1946 1701 2006 sacris
1721 1945 1881 2021 codicibus,

526 2043 555 2093 ct
586 2036 650 2110 ipsa
678 2051 774 2094 rerum
800 2035 907 2092 veritas
929 2031 1099 2110 longissime
1123 2030 1217 2092 dih'ert
1240 2031 1278 2093 ab
1301 2030 1510 2108 apparentibus
1538 2032 1711 2109 speciebus,
1742 2033 1803 2094 boe
1822 2050 1881 2094 aar·

527 2124 622 2181 monis
643 2137 749 2198 genere
772 2122 927 2196 expressis.
1100 2188 1103 2195 ⁴

616 2208 699 2285 Quid
727 2210 822 2283 ἐρίων
848 2208 926 2284 facit
946 2206 1047 2266 ndsrn
1068 2206 1201 2283 quotidie
1224 2205 1321 2265 videri
1342 2207 1452 2277 adniti,
1484 2224 1522 2266 es·
1543 2205 1633 2265 undis
1662 2207 1710 2266 oet
1731 2208 1882 2270 monhbrrr

526 2313 684 2372 emergere,
710 2296 790 2354 uelut
810 2313 828 2355 z
847 2294 984 2357 tbdorno
1005 2297 1096 2370 satira,
1119 2296 1229 2365 sanari
1252 2296 1287 2351 a'n
1308 2294 1409 2355 altum
1418 2311 1560 2371 ωριτες
1589 2311 1785 2373 umorque
1806 2296 1881 2357 dard·

528 2385 606 2458 dere,
630 2383 811 2456 occumbere,
840 2380 948 2441 Terras
962 2381 1072 2456 subire,
1094 2388 1162 2458 post
1183 2387 1299 2440 montes
1313 2380 1411 2454 condi,
1435 2384 1541 2441 oceani
1554 2380 1645 2440 undis
1660 2384 1786 2459 merpi?
1806 2382 1881 2445 coa-

527 2470 641 2530 volutio
664 2469 823 2528 horizontis
845 2467 971 2529 visibilis
994 2471 1071 2528 circa
1093 2486 1178 2529 axem
1192 2467 1320 2528 Telluris
1343 2466 1530 2542 immobilem,
1554 2477 1586 2526 ut
1609 2468 1683 2528 libro
1700 2471 1799 2547 primo
1822 2471 1882 2533 dio·

526 2568 604 2618 tum:
629 2574 703 2633 quas
727 2558 803 2616 enim
826 2555 926 2616 stellas
948 2554 998 2616 ille
1023 2554 1142 2633 detegit,
1164 2555 1233 2615 illae
1255 2555 1391 2615 videntur
1413 2556 1491 2629 oriri,
1515 2573 1589 2633 quas
1612 2558 1695 2632 tegit,
1718 2556 1862 2621 occidere

612 2643 700 2706 Nrarra
726 2643 801 2705 boso
827 2644 999 2704 menuae
1026 2642 1156 2703 Telluris
1181 2650 1300 2704 murm
1328 2642 1463 2702 σι’ἀοωηι
1484 2642 1635 2703 dimaon
1656 2654 1884 2720 emanatura

522 2739 621 2809 potest
641 2731 833 2804 ciram
857 2732 980 2807 motem
1001 2734 1214 2806 reperiuntur,
1236 2733 1291 2807 qus·
1311 2730 1414 2791 sidero
1433 2729 1617 2791 monas?
1646 2726 1790 2795 Omnhro.
1811 2733 1882 2795 ll·

525 2818 651 2881 cucrrlns
666 2817 770 2880 smllas
785 2834 938 2896 apparens,
964 2825 996 2878 ut
1009 2817 1084 2878 libro
1099 2816 1231 2879 seeundo
1254 2816 1373 2891 dictum,
1396 2816 1569 2878 describitur
1589 2818 1620 2877 in
1633 2817 1776 2895 sphaera,
1797 2838 1883 2899 qu

525 2909 607 2967 visua
629 2906 816 2982 imaginatur,
839 2922 891 2983 per
912 2901 1021 2966 lineam
1043 2913 1153 2966 recum
1168 2922 1205 2965 ox
1227 2904 1312 2966 oculo
1336 2903 1454 2964 daemm
1477 2906 1507 2963 ln
1529 2903 1660 2982 aliquam
1675 2905 1798 2969 stellam
1812 2908 1883 2971 Tar·

524 3010 634 3071 raeque
664 2993 784 3055 affixam
807 2993 1011 3066 immobiliter,
1044 2993 1220 3069 desertaque
1241 2991 1330 3053 stella
1349 3009 1417 3053 cum
1438 2994 1504 3071 ipso
1531 3008 1653 3071 corpore
1675 2992 1809 3057 Telluris
1829 2998 1883 3059 ek·

526 3079 737 3155 cumrolutam,
761 3097 813 3140 sou
837 3079 916 3158 quod
940 3079 1017 3141 idern
1041 3089 1094 3155 cst,
1118 3098 1169 3159 per
1191 3078 1363 3158 parallelum
1379 3079 1431 3153 illi,
1456 3078 1574 3141 ductam
1589 3096 1626 3142 ox
1649 3088 1754 3144 omino
1769 3082 1883 3148 rm

523 3170 600 3232 Nam
622 3172 698 3229 sicut
720 3170 749 3228 in
771 3185 885 3246 papyro
907 3168 998 3245 plana
1020 3169 1146 3229 circulus
1168 3165 1343 3230 describitur
1365 3169 1484 3241 circino,
1507 3168 1593 3244 euim
1614 3185 1669 3246 pes
1690 3187 1770 3232 anas
1783 3171 1882 3232 hamar

525 3259 556 3316 in
578 3273 637 3316 uno
660 3263 768 3332 puncto
791 3255 957 3330 immobilis,
982 3255 1055 3316 alter
1077 3259 1107 3315 in
1129 3272 1243 3333 papyro
1258 3254 1491 3327 circumducitur,
1514 3256 1559 3317 sie
1576 3257 1667 3316 otiam
1680 3255 1732 3318 lric
1752 3258 1881 3322 locaah

524 3343 629 3417 Terra,
653 3360 706 3403 sen
728 3341 832 3404 oculns
854 3346 932 3404 ciros
954 3343 1081 3403 Telluris
1100 3361 1185 3403 axem
1208 3341 1335 3416 volutus,
1358 3349 1557 3418 repraesentat
1571 3343 1681 3404 nodum
1702 3361 1761 3406 sen
1776 3348 1883 3408 artlez·

524 3430 586 3491 lum
609 3432 707 3491 circini
730 3430 953 3491 convertibilem
976 3430 1091 3507 digitis,
1121 3431 1200 3490 linea
1221 3447 1258 3490 ex
1280 3429 1367 3489 oculo
1399 3429 1445 3489 rel
1473 3437 1572 3490 centro
1595 3431 1704 3492 Terrae
1728 3434 1761 3494 ia
1785 3433 1883 3512 polnar

525 3517 625 3580 mundi
649 3517 759 3577 directa
780 3527 980 3593 repraesentat
1008 3517 1113 3595 pedem
1137 3518 1236 3578 circini
1263 3515 1456 3589 immobilem,
1484 3516 1565 3578 linea
1592 3519 1622 3577 in
1649 3517 1770 3582 stellam
1800 3521 1883 3583 dnus

525 3605 630 3681 pedem
650 3605 750 3665 circini
763 3603 1000 3676 circumductum,
1025 3607 1139 3665 caritas
1160 3604 1302 3682 sphaerae
1318 3613 1362 3664 est
1377 3604 1443 3665 loeo
1458 3606 1572 3681 papyri,
1595 3622 1673 3681 quae
1688 3622 1759 3668 curn
1772 3625 1883 3686 aeqaa·

525 3693 590 3752 liter
616 3695 782 3752 circumstet
804 3700 943 3765 cernuum,
968 3691 1033 3752 ideo
1056 3691 1292 3753 etiamclrculns
1314 3694 1370 3751 iste
1392 3699 1480 3764 totus,
1503 3708 1557 3768 per
1578 3692 1694 3754 stellam
1711 3692 1883 3776 desmiptu,

527 3778 654 3854 undique
676 3779 837 3855 aequaliter
860 3797 878 3837 a
900 3780 991 3839 Terra
1012 3782 1174 3856 concipitur
1196 3780 1308 3839 abesse.

614 3866 702 3944 Quot
723 3875 795 3926 sunt
813 3870 986 3942 praecipuo
1007 3871 1102 3942 primi
1123 3867 1216 3940 lardus
1245 3874 1345 3926 motus
1361 3866 1590 3941 phoenomena,
1619 3876 1760 3943 nepsam
1790 3875 1882 3930 trium

522 3957 710 4029 positionum
733 3954 901 4030 sphaeras?
924 3953 1074 4031 Quinque:
1096 3958 1222 4031 primum
1237 3963 1281 4014 est
1295 3952 1430 4027 altitudo,
1453 3956 1524 4014 item
1546 3969 1686 4015 uoensus
1708 3955 1882 4020 dotum

528 4058 586 4116 que
614 4040 742 4101 sidorum
769 4059 928 4119 eorumque
951 4042 1123 4101 culminatio
1145 4059 1198 4101 seu
1221 4041 1295 4100 coeli
1318 4040 1474 4115 mediatio,
1505 4047 1558 4102 ant
1580 4041 1645 4116 ejus
1668 4042 1736 4106 loco
1759 4043 1881 4123 simplas

528 4139 557 4187 et
579 4129 744 4205 aequabilis
766 4131 1001 4207 circumgyratio.
1026 4129 1057 4208 2)
1078 4128 1184 4204 Plaga,
1207 4131 1236 4188 in
1252 4146 1340 4204 quam
1357 4126 1491 4187 videntur
1512 4131 1626 4188 moveri
1639 4127 1750 4192 sidera.
1774 4130 1808 4210 3)
1830 4132 1882 4194 ot-

526 4216 643 4274 stinctio
666 4215 814 4276 stellarum
837 4220 867 4274 iu
890 4225 949 4277 tres
963 4217 1087 4278 classes:
1111 4225 1251 4293 perpetuo
1275 4218 1486 4293 apparentium,
1510 4225 1651 4292 perpetuo
1667 4216 1835 4291 latentium,
1855 4231 1882 4280 et

528 4302 680 4360 orientium
710 4303 978 4380 occidentiumque,
1008 4314 1061 4366 aut
1090 4322 1144 4382 pro
1175 4311 1239 4364 ortu
1264 4303 1311 4363 vel
1336 4320 1442 4363 occasu
1464 4302 1645 4364 horizontem
1669 4307 1881 4383 stringentia,

527 4394 556 4445 et
585 4404 673 4462 quam
700 4407 895 4467 unaquaeqne
925 4391 1010 4452 stelle
1033 4391 1218 4453 latitudinem
1241 4390 1399 4451 horizontis
1422 4400 1558 4465 occupet,
1589 4392 1784 4470 interceptam
1811 4397 1883 4456 hm

530 4474 575 4531 sul
591 4484 670 4534 ortus
693 4493 873 4555 occasusque
888 4487 1004 4555 puncta
1051 4477 1082 4559 t)
1104 4480 1228 4540 Eversio
1250 4471 1324 4538 s'itus
1340 4476 1603 4539 constellationum
1650 4476 1681 4558 b)
1702 4480 1793 4544 Mora
1813 4481 1883 4546 stal-

527 4558 620 4619 larunr
644 4580 732 4639 snpra
754 4564 934 4626 horizontem
955 4574 986 4626 et
1006 4567 1062 4626 sub
1085 4566 1145 4626 illo.

614 4651 638 4705 l.
673 4649 755 4725 Quid
776 4660 816 4712 est
839 4656 1020 4714 astronomis
1040 4655 1170 4716 altitudo
1191 4654 1293 4714 sullas
1314 4656 1349 4713 irs
1378 4653 1433 4714 doc
1454 4653 1595 4728 amotio?
1626 4651 1693 4714 Vox
1715 4654 1880 4718 altitndh'rs

527 4744 652 4794 nonest
675 4737 864 4815 intelligenda
886 4741 1065 4817 populariter
1087 4739 1124 4803 de
1147 4740 1330 4818 longitndine
1352 4738 1570 4816 perpendiculi,
1594 4739 1714 4801 demissi
1739 4760 1777 4804 er
1800 4743 1882 4806 stalla

528 4823 557 4877 iu
581 4820 700 4898 planum
723 4823 845 4900 Terrae,
870 4827 922 4886 sed
945 4828 1075 4888 technice
1097 4830 1149 4903 sie,
1172 4829 1254 4905 quod
1275 4831 1314 4888 sit
1335 4845 1420 4888 arcru
1442 4827 1543 4888 chcnli
1565 4826 1714 4889 cordulis
1736 4847 1791 4907 per
1811 4830 1881 4894 atat·

527 4907 588 4966 lam
604 4908 691 4981 ducti,
715 4912 891 4990 interceptus
907 4916 980 4975 inter
1002 4915 1116 4975 stellam
1132 4924 1161 4976 et
1176 4915 1357 4976 horizontem
1379 4914 1570 4992 rationalcrn;
1593 4915 1679 4991 cujns
1701 4931 1881 4978 mooun·

529 4994 708 5070 plumentum
731 4996 768 5057 ad
792 5000 981 5075 quadrantem
1004 5012 1048 5062 est
1072 5002 1212 5062 distantia
1232 5003 1336 5063 stellae
1360 5021 1378 5062 s
1402 5004 1519 5064 vertice.

616 5082 719 5144 Probo
735 5089 911 5148 paramum
933 5092 1014 5149 circo
1030 5098 1213 5165 apparentes
1232 5108 1371 5152 aseensus
1384 5090 1598 5166 caesumque
1618 5107 1656 5152 ra·
1669 5092 1882 5154 eaedem

537 5167 672 5228 Telluris.
720 5169 793 5230 Cum
816 5182 943 5235 vertatur
965 5175 1056 5236 Terra
1078 5179 1155 5237 circa
1175 5195 1261 5238 arem
1292 5178 1470 5239 immobilem
1492 5178 1571 5237 horis
1599 5179 1657 5250 nt,
1685 5195 1810 5242 mseras
1830 5187 1881 5252 ut,

529 5270 596 5318 aras
618 5253 676 5318 deo
698 5265 809 5334 porreta
831 5260 861 5320 ln
882 5260 973 5338 globo
995 5261 1130 5339 Telluris,
1153 5266 1218 5327 aris
1239 5272 1380 5342 exuam,
1401 5264 1487 5348 polos
1508 5263 1619 5340 oum,
1640 5265 1674 5328 ia
1694 5267 1810 5346 qnia-
1827 5267 1878 5332 ab·
