4459 6275
434 804 499 870 aaa
789 823 794 831 ·
919 797 1078 872 ¹Epitcrnes
1095 794 1287 856 Armonomiae

433 999 492 1060 qne
521 979 591 1043 talis
619 982 650 1039 in
674 977 810 1038 omnibus
841 978 973 1057 copulis,
1009 986 1126 1060 oportet
1155 980 1307 1058 concipere
1339 975 1511 1039 variabilem
1548 982 1631 1038 extra
1660 971 1789 1053 ocpnlas,

433 1085 529 1146 eoque
555 1067 688 1147 duplices
713 1063 821 1125 limites
844 1066 1008 1144 nodosque.

522 1172 609 1251 Quos
631 1175 672 1229 est
693 1170 790 1245 igitur
811 1169 884 1228 bace
904 1168 1004 1228 numa
1027 1176 1055 1228 et
1075 1177 1233 1229 menstruo
1248 1171 1331 1230 lineo
1354 1167 1507 1246 eandum,
1530 1167 1614 1227 lineo
1628 1163 1790 1251 nodosam,

431 1258 515 1338 quod
529 1275 710 1336 apogaeum,
730 1258 798 1334 quia
812 1256 911 1325 nodus
927 1255 1089 1316 meandum
1102 1265 1287 1333 mensuetus,
1303 1259 1392 1329 cuias
1406 1255 1536 1332 denique
1550 1254 1669 1332 pennu
1688 1268 1791 1313 eom

434 1347 558 1409 motas?
602 1345 637 1405 lu
659 1345 804 1422 primariis
827 1343 947 1421 quidem
969 1343 1105 1423 planetis,
1129 1352 1163 1404 ut
1184 1353 1214 1405 et
1236 1347 1264 1403 in
1287 1343 1393 1406 solutis
1411 1342 1514 1404 Lunae
1536 1340 1694 1402 anomaliis
1715 1336 1793 1399 linea

433 1433 569 1513 apsidum
600 1441 630 1493 et
659 1432 737 1492 linea
766 1431 910 1492 nodorum
939 1432 1151 1509 separabantur
1178 1433 1216 1492 ab
1247 1433 1374 1494 invicem
1401 1433 1532 1491 motibus
1560 1428 1716 1490 contrariis
1742 1442 1793 1504 per

433 1530 512 1583 totos
534 1521 701 1582 successive
723 1518 919 1597 quadrantem
943 1527 975 1578 at
995 1518 1052 1593 bie,
1076 1522 1106 1577 ln
1129 1522 1284 1579 menstruis
1300 1520 1402 1580 Lunae
1425 1516 1590 1592 anomaliis,
1613 1517 1695 1576 linea
1714 1515 1793 1592 apsi·

434 1609 504 1670 dum
525 1616 738 1669 menstruarum
762 1613 791 1666 et
811 1606 891 1667 linea
911 1605 1054 1666 nodorum
1077 1614 1290 1667 menstruorum
1312 1615 1454 1684 perpetuo
1482 1604 1651 1667 coincidunt
1674 1604 1705 1661 in
1727 1617 1792 1661 seo-

434 1699 544 1758 tionem
566 1695 648 1774 plaut
671 1695 783 1756 orbitae
805 1693 908 1754 Lunae
931 1710 997 1753 oum
1019 1693 1108 1773 plano
1131 1711 1183 1773 per
1206 1705 1305 1754 centra
1327 1694 1405 1757 Solis
1430 1702 1460 1755 et
1481 1693 1605 1768 Terrae,
1636 1687 1678 1751 ad
1702 1689 1794 1766 eclip'-

434 1787 511 1845 tieae
542 1782 677 1863 planum¹
693 1791 784 1843 recto.
820 1782 1004 1858 ¹Apogaeum
1033 1783 1109 1842 enim
1138 1789 1183 1842 est
1203 1790 1347 1860 perpetuo
1377 1780 1457 1861 apud
1480 1798 1568 1841 unam
1599 1777 1649 1840 rel
1671 1775 1794 1837 alteram

434 1871 622 1951 copularum,
653 1869 748 1930 nodus
775 1868 939 1931 ascendens
969 1869 1090 1929 alternis
1122 1868 1169 1928 rel
1192 1871 1222 1927 in
1245 1869 1349 1930 eadem
1372 1869 1479 1948 copule
1508 1868 1556 1929 rel
1585 1868 1616 1926 iu
1647 1863 1794 1945 opposita,

435 1977 491 2021 nec
513 1968 621 2020 exeunt
643 1956 721 2032 inde,
745 1963 827 2016 motu
850 1955 983 2017 circulari
1006 1957 1188 2017 transeuntia
1218 1958 1247 2015 in
1271 1958 1392 2034 copulas
1416 1958 1580 2036 oppositas,
1612 1951 1666 2015 sed
1688 1955 1718 2012 in
1741 1968 1796 2011 sua

436 2045 574 2124 quodque
598 2044 705 2123 copula
728 2053 758 2105 et
781 2048 872 2104 oritur
894 2051 924 2105 et
946 2047 1084 2105 emoritur
1108 2043 1272 2120 denuoque,
1296 2053 1363 2122 post
1386 2045 1499 2105 obitum
1521 2047 1549 2101 in
1573 2058 1647 2117 una,
1672 2040 1797 2117 resurgit

436 2135 466 2194 iu
496 2133 598 2193 altera.
644 2133 797 2192 Excitatur
825 2134 924 2193 autem
955 2131 1004 2191 vel
1034 2133 1228 2210 exstinguitur
1259 2142 1413 2208 utrumque
1443 2130 1631 2210 persolutae
1659 2125 1795 2207 apsidum

436 2228 466 2283 et
487 2220 630 2281 nodorum
655 2220 860 2297 emigrationes
883 2219 1039 2280 circulares
1062 2237 1098 2280 ex
1121 2235 1179 2279 uno
1204 2219 1385 2280 semicirculo
1409 2229 1556 2279 menstruo
1580 2220 1609 2276 in
1631 2210 1734 2288 alium,
1760 2231 1796 2274 ex

437 2311 594 2371 crescentis
624 2308 737 2369 seilicet
758 2306 861 2390 Lunae
885 2309 913 2367 iu
943 2309 1123 2368 senescentis
1145 2309 1376 2382 semicirculum,
1414 2324 1490 2384 quae
1521 2306 1676 2382 emigratio
1707 2300 1742 2361 iit
1767 2302 1796 2360 in

436 2400 587 2476 signorum
611 2394 823 2468 antecedentia,
847 2395 991 2473 phasibus
1015 2397 1132 2469 Lunae,
1155 2404 1273 2474 propter
1295 2406 1408 2456 motum
1431 2411 1614 2456 communem
1635 2391 1747 2453 Terrae
1768 2396 1797 2449 st

438 2485 521 2547 coelo
544 2485 656 2559 Lunae,
680 2486 864 2561 transpositis
886 2486 915 2542 in
939 2487 1164 2562 consequentia3
1193 2497 1236 2557 ut,
1263 2488 1338 2545 verbi
1361 2504 1459 2557 eausa,
1486 2484 1637 2557 plenilunio
1664 2484 1694 2538 in
1721 2480 1797 2538 sabe

436 2577 509 2625 mate
527 2569 571 2625 ⁷2.
587 2584 622 2624 er
639 2568 662 2623 B
682 2568 710 2623 in
728 2568 748 2622 C
766 2566 944 2636 transposito,
964 2583 1018 2636 qua
1038 2567 1254 2636 transpositione
1274 2567 1458 2623 destituuntur
1476 2570 1538 2636 [seu
1562 2562 1797 2632 derelinquuntur,

435 2649 626 2713 ὑπολειποπαι)
649 2661 800 2716 apogaeum
818 2646 913 2702 Lunae
930 2645 1114 2701 tardissimum
1133 2646 1266 2702 sinodus
1284 2647 1394 2712 Lunae,
1419 2647 1531 2714 insuper
1555 2643 1636 2699 etiam
1662 2650 1797 2712 retrogra-

438 2729 503 2785 dus:
522 2733 553 2781 ut
570 2727 610 2781 sic
627 2726 769 2795 utriusque
786 2725 846 2780 loca
866 2725 985 2795 speeiem
1002 2725 1151 2796 praebeant
1169 2726 1398 2782 retrocedentium
1416 2723 1576 2795 aphasibus
1594 2724 1623 2777 in
1635 2720 1797 2776 anteceden-

436 2807 484 2875 tia,
503 2805 550 2876 qni
566 2819 702 2874 apparens
720 2811 890 2860 retrocessus
908 2805 980 2860 intra
997 2821 1080 2859 unum
1098 2804 1207 2860 circiter
1225 2820 1325 2860 annum
1343 2805 1443 2860 evolvit
1466 2813 1554 2860 totum
1572 2802 1704 2858 uranium
1722 2800 1798 2855 luna·

438 2893 551 2949 tionum.
595 2888 680 2949 Haec
701 2888 749 2949 bic
770 2888 945 2965 generaliter
967 2889 1097 2949 indicata
1120 2891 1150 2947 in
1167 2889 1358 2966 sequentibus
1374 2889 1597 2969 explicabuntur
1616 2886 1728 2959 clarius
1750 2902 1798 2964 per

438 2978 524 3055 sigua
544 2979 731 3055 geometrice.

469 3134 471 3140 .
526 3081 601 3142 (ium
631 3083 720 3160 igitur
749 3083 814 3162 ipsa
844 3081 922 3143 linea
952 3081 1123 3161 copularum
1151 3083 1287 3160 iungatur
1316 3082 1412 3144 officio
1442 3088 1502 3140 tam
1533 3079 1629 3142 lineae
1652 3074 1796 3159 apsidum,

442 3188 529 3247 quam
552 3170 648 3232 lineae
671 3169 824 3245 nodorum,
846 3173 998 3250 utriusque
1021 3181 1203 3245 menstruae,
1227 3170 1260 3229 iit
1282 3178 1314 3230 nt
1336 3188 1372 3231 ne
1395 3170 1562 3230 nominibus
1577 3168 1699 3246 quidem
1720 3185 1798 3230 sem·

439 3275 491 3336 per
513 3268 629 3317 utamur
651 3261 775 3337 apogaei
799 3261 937 3318 menstrui
962 3258 1009 3319 vel
1023 3259 1092 3319 nodi
1117 3260 1264 3331 menstrui,
1289 3267 1320 3317 ut
1344 3267 1426 3319 tanto
1441 3260 1536 3317 minus
1556 3260 1594 3317 sit
1608 3257 1796 3317 confusionis

528 3345 611 3405 Gerit
632 3359 731 3406 autem
755 3346 807 3406 illa
829 3346 936 3423 copula
959 3349 1052 3407 vicem
1083 3349 1208 3424 apogaei
1232 3350 1387 3422 menstrui,
1418 3348 1463 3407 cui
1493 3363 1660 3423 apogaeum
1684 3344 1798 3404 solutae

442 3435 621 3510 propinquat
643 3436 718 3493 intra
741 3434 933 3510 quadrantem
956 3436 1108 3512 eclipticas
1133 3446 1201 3494 ante
1225 3433 1272 3494 vel
1287 3444 1370 3493 retro.
1408 3438 1445 3493 Ut
1464 3438 1527 3505 quia
1545 3438 1572 3491 in
1597 3437 1738 3491 schemate
1755 3435 1796 3491 ib.

441 3516 466 3569 D
485 3531 636 3585 apogaeum
655 3516 773 3587 solutae,
801 3517 877 3570 HAG
900 3517 971 3571 linea
995 3517 1166 3587 copularum,
1190 3517 1266 3571 HAD
1287 3518 1374 3571 minor
1397 3527 1485 3587 recto,
1512 3518 1585 3571 lidii
1605 3518 1694 3585 major
1717 3525 1798 3584 recto,

443 3609 506 3662 ergo
530 3595 629 3665 copule
646 3594 684 3665 H,
709 3612 778 3663 quae
803 3604 845 3650 est
866 3596 960 3667 ipsiD
984 3612 1107 3666 apogaeo
1131 3596 1256 3665 vicinior,
1280 3597 1364 3650 vicem
1391 3597 1459 3665 gerit
1481 3596 1607 3666 apogaei,
1632 3597 1657 3650 G
1681 3593 1799 3665 parignei

442 3683 581 3737 menstrui.
623 3679 672 3739 Sic
695 3682 746 3739 illa
769 3681 875 3757 copula
900 3684 991 3741 vicem
1015 3682 1137 3758 praebet
1158 3681 1341 3740 ascendentis
1364 3682 1442 3756 nodi,
1467 3699 1559 3757 aqua
1582 3681 1679 3740 nodus
1695 3697 1799 3740 meen-

444 3765 515 3826 deus
539 3767 654 3827 solutae
678 3770 773 3826 minus
797 3769 958 3845 quadrante
982 3769 1071 3828 distat
1094 3780 1162 3829 ante
1185 3768 1232 3828 rel
1257 3776 1341 3828 retro.

534 3872 601 3950 Quo
630 3873 738 3932 ordine
761 3878 944 3949 peruenitur
975 3875 1017 3934 nd
1047 3878 1188 3935 notitiam
1218 3876 1410 3951 aequationis
1437 3874 1483 3931 cel
1510 3871 1683 3932 latitudinis
1713 3889 1797 3930 men·

444 3966 547 4018 strum
570 3968 596 4019 et
619 3979 752 4036 quorum
776 3965 978 4022 terminorum
1003 3963 1086 4021 usu?
1130 3962 1251 4021 Summa
1274 3978 1427 4038 processus
1456 3969 1484 4020 et
1513 3959 1667 4035 catalogus
1699 3961 1798 4019 termi-

443 4063 546 4105 norurn
574 4057 618 4107 est
648 4050 720 4107 iste:
748 4053 890 4126 principio
921 4068 972 4127 per
1002 4050 1170 4109 distantiam
1194 4050 1271 4110 Solis
1301 4051 1339 4109 ab
1362 4066 1495 4125 apogaeo
1518 4047 1620 4107 Lunae
1652 4050 1799 4124 quaeritur

443 4145 645 4211 argumentum
668 4146 847 4196 menstruum
879 4146 908 4197 et
930 4138 1122 4214 longitudinis
1146 4138 1284 4215 scrupula
1307 4137 1536 4215 proportionalia
1564 4154 1630 4195 curn
1656 4134 1799 4212 particula

446 4232 569 4282 exserte.
617 4223 666 4283 Sic
689 4242 754 4284 cum
779 4224 919 4284 distantia
941 4226 1019 4286 Solis
1047 4226 1166 4286 anodo
1190 4227 1332 4287 evehente
1363 4234 1542 4302 quaeruntur
1569 4225 1708 4300 scrupula
1732 4223 1798 4281 lati-

443 4311 562 4369 tudinis.
609 4311 722 4371 Deinde
750 4329 801 4389 per
832 4324 1035 4387 argumentum
1064 4323 1242 4374 menstruum
1272 4313 1465 4389 longitudinis
1490 4311 1537 4372 rel
1559 4311 1725 4370 latitudinis
1748 4328 1798 4370 ea·

444 4398 589 4476 carpenda
612 4408 656 4460 est
679 4399 738 4460 illie
761 4404 915 4476 aequatio,
948 4403 996 4461 hie
1018 4401 1144 4462 latitudo
1167 4410 1327 4475 menstrua,
1357 4410 1498 4478 tunquam
1522 4418 1556 4459 ex
1579 4416 1679 4459 mense
1702 4397 1798 4475 pleno.

444 4482 527 4545 Haec
552 4487 598 4546 vel
621 4490 760 4566 aequatio
785 4487 830 4546 vel
854 4487 989 4564 latitudo,
1014 4490 1225 4567 multiplicatae
1250 4492 1278 4548 in
1301 4488 1438 4566 scrupula
1460 4506 1528 4561 sua,
1558 4486 1627 4547 dant
1651 4489 1798 4564 portiones

444 4582 651 4649 competentes,
675 4575 838 4634 latitudinis
862 4578 980 4652 quidem
1009 4580 1191 4651 absolutam,
1220 4579 1405 4655 aequationis
1428 4593 1498 4636 vero
1530 4577 1648 4652 insuper
1674 4576 1797 4634 iermen·

445 4659 565 4720 modam
586 4662 730 4738 particula
753 4671 877 4733 exserte,
902 4675 934 4724 ut
956 4665 1007 4725 liat
1027 4668 1108 4741 justa
1124 4668 1262 4741 aequatio
1278 4675 1434 4724 menstrua
1480 4663 1593 4723 Horum
1612 4666 1798 4723 terminorum

447 4746 630 4809 definitiones
654 4759 683 4809 et
706 4768 777 4811 usus
795 4751 858 4827 jam
881 4769 966 4828 porro
990 4756 1111 4813 seorsim
1134 4753 1240 4829 singuli
1264 4753 1415 4813 tradentur
1437 4739 1602 4812 dilucidius.

535 4836 691 4913 Quomodo
707 4846 914 4898 numerentur
928 4842 999 4901 illue
1014 4841 1177 4900 durentiae
1194 4840 1272 4901 Solis
1291 4841 1330 4899 ab
1346 4858 1483 4916 upopaeo
1507 4841 1553 4899 uel
1568 4837 1650 4898 nodo
1667 4837 1798 4898 Lunae?

446 4922 641 4984 Numerantur
662 4926 691 4984 in
715 4926 865 5005 ecliptica,
895 4926 942 4988 vel
966 4931 1055 4989 etium
1078 4931 1106 4987 in
1132 4928 1264 5004 quolibet
1287 4928 1395 4988 circulo
1428 4947 1463 4988 ex
1493 4936 1592 4987 centro
1615 4926 1726 4987 Terrae
1748 4926 1797 4986 de·

446 5013 567 5089 scripto,
602 5021 670 5071 sunt
699 5016 776 5073 enirn
806 5031 891 5073 arcus
921 5015 968 5076 vel
992 5015 1144 5094 eclipticas
1173 5016 1220 5076 vel
1244 5016 1311 5076 talis
1341 5016 1456 5089 circuli,
1485 5016 1660 5092 incipientes
1683 5033 1701 5074 a
1724 5014 1798 5074 linea

445 5094 549 5159 locove
573 5102 698 5177 apogaei
723 5100 769 5161 vel
793 5100 861 5160 nodi
886 5103 1046 5175 evehentis,
1070 5113 1099 5164 et
1123 5103 1245 5164 tendunt
1268 5106 1297 5161 in
1320 5106 1529 5180 consequentia
1552 5103 1796 5178 terminanturqne

447 5183 595 5246 inlocum
618 5187 697 5248 Solis
726 5205 841 5263 rerum,
873 5189 921 5249 rel
944 5191 1051 5251 lineam
1080 5191 1138 5251 loci
1162 5191 1240 5251 Solis
1262 5192 1335 5251 veri.
1380 5191 1417 5250 Et
1440 5193 1510 5268 quia
1541 5194 1570 5250 iu
1602 5189 1798 5251 schematibus

446 5269 581 5350 ecliptica
603 5275 756 5342 commode
778 5294 837 5338 non
859 5274 961 5356 potest
978 5280 1111 5359 exprimi,
1135 5278 1242 5341 sufficit
1263 5279 1331 5341 loco
1355 5296 1476 5343 ameum
1499 5278 1654 5342 ostendere
1676 5276 1798 5358 angulos
