4459 6275
514 782 580 843 erc
997 729 1366 844 'monumentorum

407 932 409 937 ’
516 958 606 1020 oms
627 953 771 1026 uerrunt,
794 952 1120 1016 munusculorum
1142 951 1398 1029 osroenorum
1420 969 1524 1030 psam
1545 951 1679 1015 uerum
1701 958 1734 1015 a
1753 954 1797 1014 os
1818 951 1869 1013 st

515 1061 613 1108 serere
634 1043 709 1105 liuns
730 1042 877 1120 pristinas,
899 1059 1030 1103 annuere
1053 1040 1091 1102 ad
1113 1038 1189 1117 alias
1210 1039 1411 1114 succedentes,
1435 1048 1576 1117 qnantum
1593 1039 1773 1116 generaliter
1791 1040 1869 1117 jndi-

518 1134 579 1193 cari
599 1137 707 1209 potest.
744 1129 821 1189 Naro
842 1136 940 1189 motus
963 1130 1019 1190 iste
1042 1129 1225 1189 tardissimus
1248 1136 1301 1196 est,
1325 1130 1368 1189 sie
1392 1134 1425 1189 ut
1446 1129 1522 1191 intra
1543 1129 1627 1189 14⁰0
1650 1145 1747 1189 annos
1767 1127 1870 1189 sl’tn·

516 1219 631 1282 lemano
652 1216 692 1279 ad
714 1233 769 1277 nos
789 1233 848 1276 uon
870 1219 1028 1276 satistuto
1053 1217 1088 1277 da
1111 1216 1247 1277 omnibus
1270 1215 1397 1292 planetis
1418 1215 1476 1275 boc
1498 1214 1637 1277 alumni
1658 1217 1765 1291 possit.

605 1304 752 1365 Forsitan
773 1321 846 1363 unes
865 1304 918 1363 illi
931 1303 1154 1364 convoluts'nstie
1172 1321 1338 1378 norporrcm
1358 1302 1519 1378 fibrarum,
1542 1319 1621 1378 quos
1642 1302 1691 1363 bie
1707 1302 1872 1365 chsds

515 1412 575 1471 pen
596 1392 818 1464 dormientem,
842 1394 918 1451 ekes
939 1390 1108 1453 actiacae?
1134 1389 1208 1451 Axis
1231 1391 1430 1451 conversionis
1445 1389 1574 1455 Telluris
1596 1388 1729 1465 dume,
1753 1388 1792 1451 tle
1815 1408 1870 1468 quo

518 1486 549 1540 in
577 1480 731 1558 sphaerica
759 1477 906 1552 doctrina,
938 1477 1065 1538 tonditur
1096 1494 1185 1538 causa
1206 1475 1400 1554 longitudinis
1423 1494 1527 1537 versus
1549 1477 1694 1553 principia
1718 1477 1824 1539 Casei
1844 1487 1871 1539 et

518 1569 688 1646 capricorni
717 1571 869 1643 perpetuo.
914 1565 989 1625 Nam
1021 1564 1181 1642 productus
1211 1564 1259 1627 bic
1289 1566 1353 1629 axis
1376 1565 1513 1640 utrlnque
1535 1566 1633 1640 signat
1655 1562 1744 1641 polos
1764 1564 1870 1638 mnndi

519 1663 552 1716 ut
583 1662 628 1716 cst
654 1654 705 1713 lib.
728 1653 768 1712 11.
793 1651 842 1712 iol.
870 1654 939 1714 189.
990 1652 1081 1729 Atqui
1111 1668 1197 1713 arcus
1229 1670 1265 1712 ex
1293 1651 1362 1728 polo
1393 1651 1493 1712 mundi
1523 1658 1621 1714 rectus
1649 1653 1679 1711 in
1708 1651 1872 1730 sdiptlcau

520 1745 624 1803 transit
645 1743 733 1802 edam
755 1757 807 1817 per
829 1739 914 1818 polos
937 1738 1106 1816 eclipticas,
1138 1748 1184 1800 est
1206 1742 1294 1814 igitur
1314 1742 1339 1799 is
1364 1738 1482 1799 colurus
1511 1739 1723 1814 solstitiorum,
1755 1742 1871 1817 sinsus

518 1831 663 1908 principia
685 1827 828 1888 dictorum
850 1830 1010 1903 signorum.
1054 1826 1113 1887 Sed
1140 1827 1245 1900 fibras,
1274 1827 1381 1902 quibus
1404 1825 1495 1887 Terre
1516 1844 1535 1886 a
1557 1817 1627 1887 Sole
1649 1826 1807 1904 repellitur
1827 1828 1872 1887 sel

519 1917 653 1990 allicitur,
678 1923 830 1975 uauwunt
852 1914 888 1975 da
913 1916 999 1991 signo
1023 1914 1200 1990 insignum
1237 1914 1307 1973 Erat
1330 1915 1407 1974 enim
1429 1913 1577 1990 aphellum
1601 1912 1731 1975 Telluris
1752 1914 1872 1975 olienis

520 2005 694 2080 Sagittario,
724 2019 802 2062 nunc
829 2009 874 2062 est
899 2003 929 2061 in
953 2000 1122 2079 Capricorni
1143 2001 1236 2076 gradu
1259 2007 1353 2061 sexto.
1399 2001 1478 2077 Ergo
1500 2001 1637 2063 differunt
1659 2002 1737 2061 inter
1757 2018 1792 2063 se
1814 2003 1873 2063 ub

519 2091 737 2155 consolationis
759 2088 867 2151 Terrae
891 2096 921 2147 et
942 2087 1016 2148 libra
1037 2087 1223 2149 intervallum
1246 2095 1372 2149 mutans.

613 2178 742 2239 Videtur
771 2179 866 2252 igitur
893 2176 989 2236 Tereo
1017 2177 1218 2237 nibilominus
1244 2178 1279 2235 in
1306 2178 1461 2251 principio
1490 2174 1673 2250 Capricorni
1704 2176 1874 2253 introierim

520 2268 633 2329 dietam
659 2265 772 2326 debere.
818 2264 853 2324 Si
875 2267 956 2323 enim
978 2271 1075 2323 totum
1102 2264 1214 2324 Terrae
1243 2280 1353 2339 corpus
1379 2270 1502 2323 rotetur
1526 2266 1644 2323 cirwm
1664 2280 1757 2325 werra
1780 2265 1874 2336 illus,

520 2339 675 2417 eotcbitur
696 2360 724 2413 et
743 2352 839 2429 fibro,
862 2358 1028 2427 atarmqnc
1050 2351 1088 2411 nb
1110 2352 1164 2412 illo
1186 2352 1309 2430 differat
1329 2355 1407 2422 sito,
1428 2350 1592 2425 emmaque
1614 2354 1706 2429 quoti
1728 2352 1808 2415 duct
1827 2368 1874 2413 co·

521 2459 590 2516 nos,
621 2439 780 2500 manoe
806 2442 841 2498 in
870 2446 972 2498 cerstro
1000 2438 1110 2497 Terrae
1139 2448 1276 2501 coeuntes
1283 2459 1296 2513 ,·
1327 2455 1382 2497 nec
1403 2441 1470 2515 nisi·
1486 2441 1577 2497 unico
1599 2447 1754 2501 momento
1776 2440 1873 2499 dietim

520 2528 665 2605 spectabit
684 2530 719 2586 in
740 2528 841 2587 worm
859 2527 1034 2602 propriam,
1056 2526 1175 2603 reliquo
1197 2526 1257 2586 diei
1280 2526 1450 2587 circumibit
1470 2528 1660 2601 principium
1686 2525 1873 2604 Capricorni,

521 2622 726 2677 monetatum
754 2615 792 2673 nb
819 2631 878 2675 nce
904 2613 1031 2688 Terens,
1062 2620 1091 2673 ct
1117 2615 1159 2673 sic
1188 2617 1251 2675 eim
1274 2630 1396 2677 omnem
1418 2630 1508 2675 mons
1530 2615 1563 2671 in
1586 2613 1669 2672 busto
1690 2632 1785 2675 osan
1807 2631 1874 2675 nne·

522 2710 604 2780 peret
630 2702 817 2779 Terrbmqrce
847 2721 868 2762 n
890 2700 959 2761 Sole
990 2699 1129 2776 quodum
1157 2701 1252 2761 veluti
1277 2700 1430 2761 oneblento
1450 2700 1534 2759 lineo
1555 2716 1673 2776 semper
1694 2704 1732 2761 ier
1751 2703 1874 2779 pinquat

523 2794 592 2853 neit
611 2789 759 2866 prolicia.
793 2788 938 2864 Equidem
960 2787 1018 2847 hoc
1039 2797 1128 2864 pacto
1150 2794 1181 2848 st
1202 2806 1254 2865 par
1276 2787 1494 2849 cohaerentiam
1515 2786 1606 2849 librae
1626 2804 1694 2848 cum
1711 2807 1769 2850 axe
1783 2800 1874 2851 metus

524 2878 617 2939 diurni
641 2875 853 2937 consolidatam
876 2876 967 2948 ficret,
991 2873 1070 2951 quod
1094 2876 1208 2949 dicitnr,
1234 2890 1289 2936 nee
1312 2892 1441 2952 unquam
1464 2874 1626 2936 discederet
1647 2878 1730 2953 apsis
1752 2876 1874 2939 Telluris

523 2984 543 3024 a
563 2966 705 3042 principio
729 2962 907 3041 Capricorni.
954 2962 1092 3039 Cogimur
1121 2964 1210 3039 igitur
1237 2963 1396 3024 concedere
1425 2969 1478 3025 aut
1507 2960 1629 3038 globum
1651 2966 1729 3025 intra
1751 2972 1873 3026 crue·

524 3053 712 3124 exteriorem,
736 3060 776 3110 ut·
790 3052 848 3111 ista
869 3058 980 3111 rotetur
1001 3057 1083 3111 motu
1107 3049 1226 3124 diurno,
1254 3049 1313 3124 ille,
1337 3050 1425 3111 fibras
1447 3048 1570 3122 babens,
1593 3066 1653 3109 non
1673 3058 1790 3115 rotetur
1811 3070 1872 3129 per·

523 3143 674 3217 donatque
697 3140 807 3201 usitata
828 3140 920 3199 virtus
943 3141 1108 3217 magnetica
1130 3139 1168 3199 ad
1191 3145 1317 3200 crustam
1341 3146 1499 3210 externam,
1523 3139 1594 3214 quia
1613 3154 1732 3216 semper
1748 3140 1874 3202 alandt

525 3228 611 3306 polos
641 3228 841 3286 conversionis
870 3225 1005 3300 diurnae,
1034 3243 1093 3285 non
1124 3243 1194 3286 vero
1222 3225 1354 3304 apsidem
1384 3224 1463 3285 Solis
1493 3224 1541 3285 vel
1564 3224 1702 3286 Telluris.
1748 3228 1874 3304 Adjunt

525 3318 593 3376 hinc
615 3314 753 3392 physicus
776 3312 884 3388 aliquis
906 3312 937 3375 J,
963 3314 996 3373 Ο.
1020 3313 1216 3390 scaligerum,
1241 3314 1439 3389 disputantem
1462 3311 1499 3373 de
1520 3313 1670 3374 duminrnn
1695 3322 1762 3374 ortu
1785 3316 1873 3392 deque

526 3405 614 3461 maris
636 3402 717 3463 fluxu
739 3408 769 3461 et
790 3401 912 3473 refluxu,
937 3400 1103 3478 videatque,
1128 3402 1153 3460 si
1175 3400 1321 3461 laboranti
1344 3400 1387 3460 illl
1406 3417 1574 3461 succurrere
1589 3404 1704 3476 possint
1719 3402 1874 3464 baec'l'el·

526 3490 596 3550 luris
619 3495 755 3565 separata
778 3489 898 3546 viscera.
945 3489 1007 3547 Etsi
1029 3488 1099 3547 mihi
1123 3488 1209 3549 Luna
1232 3497 1261 3549 et
1283 3490 1380 3548 anima
1403 3486 1529 3548 Telluris
1552 3487 1709 3550 sufficiunt.

614 3576 648 3635 Si
677 3575 757 3649 qlnbi
781 3577 951 3651 planetarii
977 3577 1087 3634 babent
1115 3580 1270 3636 internam
1298 3577 1511 3652 waradonem
1540 3580 1744 3651 mnpncticnm
1767 3578 1874 3638 rectili-

526 3683 628 3738 neum,
652 3681 750 3739 qunre
770 3680 834 3722 non
857 3664 916 3723 illis
936 3666 1007 3738 ipsis
1026 3666 1127 3739 potius
1150 3664 1301 3735 adscribis,
1326 3665 1408 3739 quod
1427 3665 1553 3740 fupiont
1575 3683 1596 3722 c
1619 3663 1688 3724 Sole
1710 3664 1875 3742 odwdn·

527 3755 585 3813 lem
608 3750 760 3821 accedent,
781 3768 839 3827 pro
861 3749 1033 3808 diversitate
1052 3751 1220 3827 plcporum
1240 3755 1289 3810 eui
1311 3755 1453 3827 coeperis,
1475 3759 1511 3810 ut
1530 3752 1649 3828 factum
1666 3754 1700 3810 in
1720 3752 1876 3813 Commut-

527 3843 619 3901 tnriie
635 3837 766 3901 Martie?
793 3841 821 3896 i.
846 3835 924 3911 Quia
947 3844 1069 3896 testetur
1092 3841 1280 3911 astronomia,
1305 3838 1466 3899 discessum
1489 3839 1593 3899 aSolo
1616 3849 1645 3897 et
1666 3856 1821 3900 acomsum
1841 3839 1875 3899 al

528 3928 611 3988 illurn
639 3926 703 3986 fieri
729 3927 759 3983 in
790 3925 868 3984 linea
898 3926 982 4000 quasi
1013 3942 1116 3984 versus
1139 3925 1238 3986 Solem
1270 3933 1404 3999 extensa,
1440 3934 1582 4001 quantum
1613 3943 1679 3986 sam
1702 3944 1761 3986 non
1786 3929 1877 3987 variat

528 4015 695 4075 intermixta
724 4011 923 4084 circumlati03
956 4011 1047 4072 fibrae
1071 4029 1140 4071 vero
1169 4014 1352 4089 magneticse
1383 4029 1447 4072 raro
1471 4022 1539 4072 sunt
1563 4030 1664 4072 versus
1686 4013 1789 4075 Solem
1812 4031 1877 4092 por·

528 4112 634 4164 rectae.
681 4104 709 4159 2.
734 4098 811 4174 Quia
841 4099 921 4157 fibris
950 4101 1014 4158 istis
1045 4102 1218 4175 maguntinis
1247 4100 1305 4160 duo
1338 4100 1536 4160 diversissima
1559 4102 1762 4162 tribuerentur.
1808 4102 1876 4162 Nam

529 4194 622 4268 primo
653 4188 721 4248 illan
750 4186 906 4262 dirigerent
928 4204 960 4245 se
983 4189 1062 4262 ipsas
1087 4188 1237 4246 inmundi
1261 4188 1377 4265 plagam
1402 4188 1538 4262 eandem,
1569 4188 1648 4265 quod
1671 4193 1764 4265 quieti
1787 4190 1877 4250 simile

530 4276 600 4352 quid
631 4283 689 4348 est,
723 4274 827 4333 deinde
857 4274 923 4332 loco
954 4282 1106 4333 moverent
1137 4292 1242 4352 corpus
1270 4293 1356 4336 suum
1383 4276 1446 4351 jam
1468 4295 1488 4336 a
1510 4277 1596 4349 Sole,
1624 4277 1687 4351 jam
1709 4277 1749 4337 ad
1773 4276 1877 4338 Solem

531 4365 622 4438 Atqui
649 4362 706 4421 boc
735 4380 786 4439 per
816 4360 935 4420 modum
963 4361 1143 4437 expulsionis
1173 4371 1203 4421 st
1232 4365 1412 4422 attractionis
1435 4363 1597 4440 simplicius
1621 4364 1795 4428 conciliatur
1817 4383 1879 4424 um

530 4452 715 4525 prensatione
747 4459 776 4510 et
798 4451 1042 4509 circumvectione
1065 4466 1232 4528 corporum,
1264 4469 1353 4527 qoam
1375 4450 1426 4511 Sol
1449 4460 1588 4527 praestat.
1635 4455 1663 4511 ³.
1690 4450 1770 4527 Quin
1795 4456 1879 4514 otiam

532 4537 718 4596 verisimilius
745 4544 802 4608 est,
832 4538 959 4613 speciem
983 4541 1111 4614 corporis
1135 4537 1245 4598 Solaris
1268 4541 1429 4600 virtuosam
1452 4540 1616 4600 continuari
1637 4556 1731 4614 traque
1755 4540 1795 4600 ad
1818 4540 1879 4618 pls·

530 4632 632 4696 nemo,
661 4641 749 4698 quarn
776 4624 879 4683 horum
906 4642 999 4700 usquc
1021 4624 1060 4683 ad
1083 4626 1197 4700 Solent,
1227 4632 1258 4684 ut
1282 4625 1363 4687 illum
1387 4627 1501 4703 fugiant
1522 4625 1698 4703 repellentes
1720 4637 1879 4704 petantque

468 4745 476 4762 ·
530 4710 687 4774 senentes.
731 4709 783 4769 Sol
812 4714 889 4771 enim
918 4729 1024 4787 corpus
1047 4715 1150 4789 ingens
1174 4722 1231 4786 est,
1264 4713 1448 4790 planetarum
1471 4717 1595 4791 exigua;
1630 4714 1709 4775 Solis
1732 4716 1831 4778 lumen
1854 4723 1880 4773 et

531 4799 610 4860 calor
632 4796 670 4856 ad
693 4812 746 4856 noe
768 4800 923 4859 marrileato
945 4798 1130 4873 delabuntur,
1155 4800 1206 4860 Sol
1229 4800 1365 4877 planetes
1389 4802 1477 4862 vehit.
1517 4803 1562 4863 De
1577 4800 1654 4861 Solis
1678 4803 1768 4878 igitur
1792 4807 1881 4862 virts·

530 4887 609 4948 tibus
631 4884 699 4945 aliis
721 4893 837 4946 comtat
857 4886 943 4946 nobis
966 4896 1070 4961 antea,
1095 4887 1132 4950 de
1156 4891 1271 4950 virtutis
1294 4889 1474 4965 planetarios
1497 4892 1704 4966 prorogatione
1727 4908 1826 4966 usque
1846 4887 1880 4950 ud

530 4972 630 5036 Solem
659 4986 719 5032 oon
749 4970 891 5036 wemno
926 4973 998 5036 talia
1029 4983 1149 5051 umque
1178 4975 1327 5036 evidentia
1355 4978 1532 5037 testimonia.
1587 4980 1617 5035 4.
1649 4976 1730 5036 lnlra
1761 4978 1880 5054 patebit,

529 5060 619 5124 durus
640 5057 770 5133 mouth
790 5061 853 5133 aatt
874 5078 894 5124 u
914 5057 985 5124 Sole
1006 5061 1104 5123 lavem
1126 5062 1256 5140 aliquam
1280 5062 1511 5125 inclinationem:
1534 5073 1579 5124 est
1601 5065 1692 5139 igitur
1716 5065 1881 5136 vuisimile,

528 5145 561 5212 lu
859 5148 952 5212 wius
973 5153 1102 5227 eorporis
1125 5167 1189 5212 esse
1212 5151 1255 5210 illi
1277 5151 1469 5214 sdveuutionr
1492 5170 1529 5212 ex
1551 5151 1621 5212 Sole
1644 5154 1760 5229 potius,
1795 5169 1879 5230 quau

948 5251 1007 5324 pm
1025 5237 1067 5304 eb
1085 5236 1158 5314 alin,
1179 5255 1238 5304 noc
1259 5242 1406 5320 andonnrq
1427 5256 1481 5304 sen
1503 5248 1617 5303 motum
1638 5257 1658 5306 a
1678 5256 1713 5303 ss
1735 5243 1814 5322 ipso.
