4459 6275
875 806 1003 868 444
1867 798 2154 869 Epitomes
2185 763 2571 856 Astronomlac

1088 975 1209 1033 Sint
1244 974 1387 1031 enim
1422 974 1573 1028 initio
1608 972 1663 1026 in
1701 971 1969 1041 oppositis
2004 970 2327 1026 circulorum
2362 972 2611 1041 partibus
2650 973 2822 1030 Terra
2858 975 2916 1030 in
2949 974 3028 1043 A,
3073 975 3304 1046 planeta
3336 977 3395 1032 in
3430 976 3495 1047 0,
3525 984 3579 1033 et

873 1054 984 1110 sint
1016 1055 1213 1111 itinera
1245 1054 1303 1109 iu
1340 1051 1667 1108 contrarium
1699 1058 1860 1105 tensa
1881 1051 1978 1104 AB
2015 1056 2072 1105 et
2106 1049 2217 1117 ΟΡ,
2255 1050 2541 1106 contrariis
2578 1051 2745 1120 igitur
2778 1069 3004 1110 arcuum
3034 1055 3285 1113 terminis
3310 1057 3580 1124 connexis,

874 1132 1024 1189 verbi
1057 1148 1224 1190 causa
1256 1131 1417 1187 lineis
1450 1130 1547 1185 AO
1586 1134 1643 1183 et
1677 1127 1784 1196 BP,
1821 1141 2046 1181 necesse
2080 1136 2168 1182 εει
2201 1127 2323 1182 fieri
2357 1130 2654 1184 sectionem
2686 1146 2872 1187 earum
2909 1140 3156 1187 mutuam
3192 1134 3345 1203 apud
3368 1135 3435 1204 F,
3466 1136 3579 1190 loco

873 1214 1015 1269 inter
1049 1228 1209 1269 arcus
1241 1210 1581 1268 intermedio.
1656 1207 1951 1277 Oppositae
1989 1223 2117 1263 vero
2167 1209 2601 1277 partestorbium
2646 1210 2852 1266 habent
2887 1212 3070 1268 Solem
3105 1213 3158 1267 Ε
3194 1212 3583 1277 intermedium,

874 1292 1002 1363 quia
1037 1290 1129 1347 Sol
1166 1298 1249 1345 est.
1287 1289 1585 1359 Copernico
1622 1302 1714 1341 cor
1750 1291 1805 1340 et
1837 1285 1988 1340 velut
2023 1289 2322 1342 communis
2359 1287 2477 1341 axis
2514 1286 2751 1357 orbium,
2802 1297 2864 1345 ut
2900 1291 3283 1345 confirmatum
3332 1298 3421 1347 εει
3452 1290 3582 1346 libro

873 1375 966 1429 lv.
1003 1373 1093 1428 fol.
1132 1372 1254 1429 313.
1323 1372 1478 1444 Ergo
1511 1368 1770 1438 sequitur,
1810 1375 1873 1422 ut
1907 1367 1964 1422 in
2000 1366 2184 1435 aliqua
2218 1368 2449 1435 dierum,
2486 1370 2685 1437 quibus
2713 1371 2884 1425 sectio
2920 1369 2967 1424 F
3004 1375 3091 1424 est
3121 1367 3271 1423 inter
3292 1369 3343 1424 A
3370 1369 3585 1424 Terram

1710 1472 1717 1481 ·
2291 1457 2297 1464 ·
2433 1453 2488 1502 et
2526 1448 2571 1502 Ο
2608 1448 2914 1518 planetam,
2964 1446 3058 1504 Sol
3094 1449 3146 1502 E
3194 1453 3253 1501 ει
3286 1448 3513 1518 planeta
3542 1448 3585 1504 0

1543 1513 1646 1564 ⁸¹⁸·
1671 1513 1740 1554 ⁸⁶·
2442 1542 2512 1581 ex
2531 1529 2579 1582 A
2605 1528 2777 1585 Terra
2811 1527 3096 1584 videantur
3118 1528 3225 1584 sub
3252 1526 3451 1583 eodem
3471 1526 3586 1583 loeo

2440 1604 2670 1662 fixarum
2705 1608 2982 1678 conjuncti
3016 1623 3117 1677 per
3151 1607 3413 1662 visorium
3444 1604 3586 1663 Ano

2441 1685 2763 1758 productam
2821 1688 2877 1741 in
2930 1686 3086 1742 fixas.
3159 1685 3251 1741 Ex
3308 1699 3407 1753 eo,
3463 1687 3588 1755 quia

2442 1779 2656 1835 semper
2696 1767 2869 1822 sectio
2915 1764 3347 1836 appropinquat‘
3374 1767 3585 1834 Terrae,

2439 1845 2799 1900 remotissima
2832 1845 2976 1902 enim
3011 1851 3098 1899 est
3133 1844 3205 1900 ab
3242 1845 3321 1913 A,
3370 1844 3590 1915 propior

2438 1922 2546 1992 ipsi
2588 1925 2635 1979 B
2689 1925 2971 1995 magisque
3018 1924 3125 1993 ipsi
3173 1924 3246 1993 C,
3304 1924 3588 1995 probatum

2439 2016 2565 2057 vero
2601 2010 2703 2071 est,
2738 2003 2964 2059 visorias
2999 2002 3221 2058 tandem
3256 2002 3382 2059 fleri
3414 2003 3589 2075 paral·

2438 2080 2605 2147 lelas,
2653 2076 2878 2137 necesse
2925 2088 3036 2146 est,
3080 2081 3387 2137 sectionem
3429 2083 3587 2138 inter·

2386 2186 2398 2200 =
2438 2159 2614 2216 medio
2650 2161 2772 2217 loco
2808 2161 3049 2217 incidere
3084 2160 3314 2217 taudem
3336 2160 3396 2215 in
3418 2160 3587 2231 ipsam

2439 2240 2663 2295 Terram
2698 2241 2932 2310 indeque
2967 2246 3096 2310 post
3130 2239 3363 2294 Terram
3400 2253 3584 2295 excur-

2435 2335 2559 2375 rere
2603 2319 2660 2374 in
2704 2319 2999 2387 infinitum,
3047 2318 3102 2373 id
3159 2327 3248 2374 est
3296 2318 3585 2374 sectionem

2438 2398 2660 2454 tandem
2695 2398 2901 2453 nullam
2937 2397 3085 2468 fieri3
3124 2404 3190 2453 ut
3226 2398 3403 2463 Terra
3434 2397 3491 2453 in
3524 2398 3585 2467 D,

2436 2476 2657 2546 planeta
2694 2476 2749 2530 iu
2787 2475 2833 2529 T
2869 2475 3136 2531 veniente.
3190 2476 3363 2546 Atqui
3397 2476 3445 2533 εἰ
3477 2492 3585 2532 see·

2437 2557 2513 2612 tio
2548 2554 2741 2610 incidit
2772 2554 3075 2609 inTerram
3093 2561 3242 2617 (esto
3268 2556 3329 2611 in
3348 2556 3437 2626 Η),
3470 2572 3587 2612 een·

2436 2642 2579 2690 trum
2614 2633 2780 2703 igitur
2814 2632 3018 2687 Terrae
3062 2633 3119 2688 in
3155 2634 3451 2703 posteriori
3484 2634 3585 2689 situ

2434 2712 2627 2768 incidit
2662 2713 2718 2767 in
2754 2710 3007 2766 visorium
3045 2710 3153 2766 diei
3189 2711 3419 2781 prioris3
3454 2712 3585 2767 viso·

2436 2793 2520 2847 ria
2571 2790 2738 2859 igitur
2786 2788 2881 2843 illa
2930 2791 3070 2853 (esto
3106 2790 3210 2861 m)
3255 2790 3481 2846 absecat
3523 2792 3587 2846 ab

2440 2870 2571 2926 orbe
2608 2879 2802 2938 magno
2840 2882 3008 2924 unum
3045 2869 3305 2925 diurnum
3341 2871 3489 2942 apud
3522 2870 3585 2935 Η,

2439 2950 2769 3019 aequidistat
2832 2949 3000 3019 igitur
3066 2956 3287 3015 rectae,
3350 2947 3590 3020 tangenti

2440 3029 2624 3084 orbem
2664 3043 2921 3099 magnum
2955 3028 3013 3082 in
3048 3029 3229 3085 medio
3266 3029 3415 3086 illius
3438 3044 3591 3086 arcus

2439 3109 2633 3165 diurni.
2706 3108 2817 3166 Sed
2852 3124 2992 3179 quae
3030 3126 3099 3166 ex
3136 3116 3361 3180 centro,
3397 3108 3487 3166 cui
3516 3105 3589 3162 vi-

874 3189 1031 3246 cinus
1070 3197 1156 3245 est
1193 3190 1306 3260 Sol,
1344 3197 1407 3247 ut.
1440 3191 1560 3261 ΕΗ,
1600 3191 1764 3248 ducta
1798 3193 1855 3247 in
1894 3197 2221 3260 contactum,
2261 3192 2354 3261 qui
2390 3191 2464 3247 sit
2496 3190 2565 3257 Η,
2602 3188 2734 3244 facit
2769 3204 2892 3244 cum
2927 3196 3187 3259 tangente
3224 3190 3307 3244 m
3342 3187 3587 3260 ang-ulum

870 3276 1084 3324 rectum·
1113 3268 1263 3323 Em.
1336 3268 1393 3322 Si
1438 3268 1605 3337 igitur
1641 3270 1743 3323 HE
1783 3277 1866 3323 est
1903 3270 2103 3325 visoria
2139 3286 2240 3338 per
2274 3268 2484 3334 Solem,
2530 3268 2610 3322 HI
2646 3267 2845 3321 visoria
2893 3283 2994 3335 per
3040 3285 3241 3337 corpus
3280 3268 3533 3338 planetae
3564 3264 3587 3318 1

872 3347 1036 3401 ducta
1073 3348 1259 3402 tendet
1295 3348 1350 3401 in
1387 3347 1569 3402 locum
1606 3348 1928 3418 quadratum
1969 3349 2131 3404 Solis.
2205 3349 2337 3403 Cum
2377 3350 2542 3415 icitur
2576 3347 2746 3401 sectio
2781 3346 2845 3399 fit
2880 3346 2935 3399 in
2972 3353 3162 3401 centro
3199 3347 3434 3410 Terrae,
3479 3343 3588 3413 pla·

876 3434 1005 3482 neta
1041 3436 1272 3498 apparet
1316 3429 1372 3483 iu
1410 3430 1679 3498 quadrato
1719 3430 1861 3485 Solis
1908 3431 2153 3496 circiter3
2201 3438 2258 3483 at
2305 3429 2350 3483 si
2397 3429 2643 3482 videatur
2679 3426 2802 3495 plus
2853 3441 3015 3493 quam
3050 3427 3150 3480 9⁰⁰
3193 3426 3414 3480 circiter
3449 3420 3587 3476 elon·

870 3513 1029 3573 gatus
1066 3522 1100 3560 a
1137 3507 1288 3574 Sole,
1336 3508 1506 3561 sectio
1563 3517 1647 3562 est
1698 3517 1824 3576 post
1861 3509 2084 3564 Terram
2132 3524 2322 3562 versus
2359 3507 2433 3563 Ο.
2485 3506 2660 3561 donec
2696 3507 2751 3559 iu
2787 3505 3080 3573 parallelas
3120 3505 3436 3571 degeneret.
3508 3502 3585 3555 lta

872 3585 1117 3651 sequitur
1151 3587 1417 3641 stationes
1454 3585 1568 3640 fieri
1616 3587 1759 3642 ultra
1806 3586 2131 3655 quadratum
2170 3585 2330 3640 Solis,
2405 3586 2641 3640 Rursum
2690 3585 2916 3639 visorias
2967 3593 3092 3651 post
3134 3584 3231 3637 DT
3268 3599 3459 3637 versus
3496 3579 3587 3635 GK

870 3663 1147 3719 ordinatas
1185 3680 1504 3719 concurrere
1541 3663 1835 3732 productas
1873 3675 1929 3717 ει
1965 3667 2136 3719 secari
2172 3665 2240 3718 ab
2279 3665 2504 3719 invicem
2543 3680 2709 3734 supra
2745 3664 3021 3733 planetam
3060 3663 3207 3718 circa
3244 3662 3391 3716 Solis
3428 3675 3588 3731 oppo-

865 3743 1045 3810 situm,
1082 3741 1234 3811 prius
1273 3750 1358 3798 est
1394 3743 1821 3796 demonstratum
1856 3743 1912 3796 in
1950 3759 2052 3797 usu
2090 3744 2376 3798 axiomatis
2415 3743 2603 3811 optici.

1042 3850 1182 3912 Jam
1229 3853 1406 3929 igitur
1450 3851 1907 3911 demonstratum
1956 3860 2069 3923 est,
2131 3854 2422 3911 sectiones
2469 3853 2811 3911 visoriarum
2859 3858 3116 3927 tempore
3166 3849 3587 3925 conjunctionis

866 3940 1140 4017 planetae
1187 3937 1317 3998 cum
1364 3940 1503 3999 Sole
1548 3940 1671 3997 fieri
1717 3940 1865 3998 inter
1909 3939 2206 4015 planetam
2267 3948 2325 3999 et
2369 3939 2637 4011 Terram,
2700 3949 2959 4014 tempore
3015 3937 3289 4013 quadrati
3335 3936 3491 3996 Solis
3535 3938 3585 3993 in

868 4031 996 4105 ipso
1042 4028 1256 4087 Terrae
1303 4037 1520 4098 centn-0,
1568 4034 1704 4103 post
1748 4035 1898 4086 retro
1946 4027 2204 4101 Terram,
2251 4026 2493 4085 ulterius
2540 4026 2733 4085 nullas
2779 4027 2932 4099 fieri3
2989 4033 3051 4084 at
3099 4042 3305 4083 versus
3352 4024 3585 4100 opposi-

866 4124 987 4174 tum
1032 4114 1189 4175 Solis
1235 4132 1414 4192 supra
1458 4115 1755 4192 planetam
1804 4117 2153 4189 contingere.
2248 4116 2429 4190 Atqui
2480 4116 2527 4171 si
2577 4116 2827 4173 visoriae
2873 4131 2936 4173 se
2986 4122 3191 4171 secant
3235 4129 3415 4188 supra
3463 4110 3586 4187 pla-

867 4212 1079 4275 netam,
1128 4219 1368 4263 necesse
1414 4211 1505 4262 est
1561 4203 1860 4278 planetam
1909 4202 2090 4261 videri
2145 4202 2580 4278 retrogradum,
2642 4206 2691 4259 si
2750 4202 2898 4259 infra
2959 4217 3162 4259 versus
3209 4199 3451 4258 Terram
3498 4196 3582 4255 vel

865 4292 923 4347 in
968 4291 1151 4351 Terra
1198 4291 1292 4349 vel
1337 4300 1490 4350 retro
1535 4289 1802 4363 Terram,
1852 4290 2117 4368 planeta,
2166 4292 2528 4368 superiorum
2575 4307 2754 4361 unns,
2814 4289 3143 4347 necessario
3193 4286 3453 4347 directus
3498 4286 3581 4341 vi-

868 4378 1099 4437 debitur
1143 4377 1424 4440 incedere.

1039 4478 1175 4532 Nam
1215 4479 1284 4531 sit
1321 4476 1462 4543 oPQ
1513 4477 1788 4541 signorum
1826 4477 2242 4546 consequentia,
2291 4478 2345 4529 in
2392 4491 2552 4543 quam
2588 4474 2843 4544 planetae
2892 4475 3033 4529 veris
3069 4472 3313 4528 motibus
3368 4473 3507 4527 circa
3539 4469 3579 4524 E

869 4555 1049 4609 Solem
1070 4555 1319 4610 tendunt.
1361 4557 1495 4611 Cum
1517 4554 1682 4621 igitur
1706 4556 1866 4609 etiam
1888 4558 2058 4610 sectio
2080 4555 2354 4623 quaelibet
2374 4562 2747 4622 repraesentet
2765 4554 3164 4622 quodammodo
3190 4561 3441 4607 centrum
3460 4551 3578 4604 fixa·

867 4651 986 4688 rum
1021 4634 1200 4700 sitque
1237 4636 1416 4690 media
1461 4634 1605 4689 inter
1641 4634 1864 4689 Terram
1911 4645 1968 4690 ει
2011 4635 2287 4703 planetam
2335 4648 2433 4702 per
2474 4634 2607 4689 ABG
2660 4651 2834 4704 usque
2876 4635 2930 4687 in
2968 4634 3047 4701 11,
3102 4634 3279 4686 sectio
3319 4629 3577 4700 quaelibet

867 4713 1257 4769 discriminabit
1291 4713 1483 4782 plagas
1519 4721 1764 4769 motuum
1800 4715 2100 4783 oppositaS,
2135 4721 2196 4766 ut
2235 4711 2340 4769 Sol.
2424 4715 2493 4767 Bt
2549 4715 2677 4781 quia
2711 4714 2881 4768 Terra
2916 4728 3014 4781 per
3050 4711 3245 4766 ABCH
3284 4711 3365 4765 cis
3402 4709 3576 4764 sectio·

865 4810 963 4849 nes
1000 4794 1052 4847 in
1091 4793 1353 4846 directum
1391 4800 1638 4847 movetur
1675 4791 1775 4847 sub
1812 4791 1955 4857 fixis»,
1994 4792 2050 4845 in
2085 4790 2303 4860 plagam
2340 4792 2385 4845 F
2388 4795 2452 4860 A,
2491 4792 2580 4845 1⁴¹1}
2619 4799 2725 4846 etc.
2763 4791 3228 4861 superstantibus,
3266 4790 3433 4844 ctiam
3468 4801 3575 4856 pu·

864 4885 948 4928 tes
985 4871 1111 4926 illae
1147 4872 1478 4939 visoriarum,
1519 4888 1657 4939 quae
1694 4879 1821 4926 sunt
1858 4871 2002 4925 ultra
2039 4871 2330 4940 sectioncS,
2367 4879 2526 4926 erunt
2561 4872 2615 4923 in
2652 4870 2915 4925 directum
2954 4870 3271 4938 dispositae.
3344 4870 3432 4925 Sic
3466 4881 3571 4920 cnm

865 4954 1036 5007 sectio
1075 4952 1137 5006 fit
1173 4952 1225 5005 iu
1264 4962 1452 5004 centro
1490 4950 1690 5005 Terrae
1728 4950 1872 5004 circa
1899 4950 1968 5017 Π,
2007 4949 2147 5003 duae
2184 4951 2350 5020 igitur
2389 4950 2618 5003 visoriae
2654 4958 2858 5004 exeunt
2894 4966 2961 5002 ex
2999 4948 3191 5002 codem
3218 4948 3268 5002 n
3306 4948 3431 5004 loco
3465 4959 3571 5000 cen·

867 5032 962 5094 tri,
1002 5046 1110 5085 una
1145 5028 1342 5100 prioris
1380 5025 1502 5096 diei,
1540 5029 1712 5083 altera
1748 5029 2082 5097 praesentis,
2134 5036 2337 5084 exeunt
2372 5042 2498 5081 vero
2536 5029 2588 5081 in
2628 5035 2813 5097 partes
2846 5028 3068 5082 'orbitae
3104 5027 3364 5096 planctae
3400 5025 3569 5082 ordine

867 5109 1139 5176 signorum
1178 5117 1486 5176 sequentes,
1526 5108 1672 5176 prior
1708 5109 1759 5162 in
1798 5108 1975 5163 locum
2013 5111 2117 5179 ipsi
2145 5114 2189 5177 Q
2227 5108 2552 5179 propiorem,
2591 5108 2862 5176 posterior
2886 5109 2939 5163 iu
2966 5109 3222 5174 locuml,
3262 5109 3391 5178 quia
3429 5122 3566 5160 verus

868 5187 1117 5255 planetae
1154 5195 1335 5243 motus
1373 5193 1459 5240 cst
1497 5204 1528 5239 a
1566 5187 1609 5254 Q
1648 5202 1839 5240 versus
1876 5188 1919 5241 1.
1996 5188 2144 5257 Ergo
2193 5196 2247 5241 et
2283 5187 2385 5240 hac
2423 5186 2654 5240 visoriac
2701 5187 3003 5242 succedunt
3050 5189 3104 5240 in
3143 5188 3423 5256 signorum
3458 5199 3565 5239 tou·

868 5267 1217 5334 sequentiam.
1291 5267 1382 5325 Sic
1417 5281 1538 5322 cum
1576 5267 1747 5322 sectio
1782 5266 1846 5322 fit
1879 5276 2009 5338 post
2044 5269 2265 5326 Terram
2292 5268 2343 5323 Η
2378 5281 2569 5324 versus
2588 5267 2667 5335 D,
2702 5265 2875 5321 Terra
2908 5267 3076 5337 igitur
3109 5274 3169 5321 ει
3201 5265 3425 5336 planeta
3456 5267 3563 5318 sut
