4459 6275
438 724 501 791 1⁸0
937 722 1079 794 Εμίιοιια
1097 720 1289 783 meoniae

435 901 488 965 sed
510 900 551 962 sd
572 901 633 975 illu,
657 920 745 980 qnae,
768 904 824 962 nisi
846 910 1029 978 moveantur,
1052 902 1169 965 daridis
1188 914 1307 982 torpent
1328 912 1358 967 st
1371 912 1606 984 eorrumptmtur,
1628 902 1792 984 suino!

434 1001 502 1051 sunt
524 994 554 1050 in
576 993 648 1068 ipsis
671 990 768 1051 Tertia
790 1007 886 1066 aquae
908 1001 938 1050 et
960 996 1011 1052 ait
1032 1008 1215 1070 oorporaque
1236 993 1330 1054 multa
1351 996 1381 1052 in
1396 992 1444 1054 bis
1467 995 1622 1057 elementis
1644 994 1792 1073 mutia.

434 1077 501 1139 Hoc
523 1089 696 1155 argumento
717 1096 788 1138 usna
810 1088 856 1138 est
879 1076 1035 1154 Origttnua.
1056 1075 1094 1157 ¹⁷)

531 1180 604 1242 Vll.
631 1181 720 1259 Quod
740 1181 830 1240 bobes
851 1192 1069 1259 orpumertttrm
1091 1192 1192 1244 motae
1218 1184 1347 1247 Telluris
1367 1186 1407 1245 nb
1428 1186 1536 1264 epodas
1555 1192 1660 1248 mom
1679 1183 1795 1263 φὴ)

435 1271 621 1348 Experientia
643 1271 762 1329 nautica
784 1268 997 1346 deprehensum
1020 1279 1074 1344 est,
1100 1272 1249 1333 difficilius
1263 1283 1293 1334 et
1313 1272 1441 1350 longiori
1460 1277 1601 1352 temporis
1623 1276 1725 1352 spatio
1739 1290 1793 1335 ua·

437 1360 530 1434 rigari
554 1374 697 1418 oceanum
720 1358 890 1416 Africanum
914 1360 943 1415 in
967 1360 1108 1419 orientem
1132 1376 1220 1436 qnam
1249 1363 1279 1418 in
1301 1361 1500 1435 occidentem,
1527 1372 1689 1440 propterea
1717 1356 1796 1438 quod

436 1449 461 1505 is
482 1456 566 1505 motu
588 1448 707 1522 pereuni
729 1455 795 1503 ruat
819 1447 847 1502 in
871 1462 1018 1518 oecmnm,
1041 1463 1101 1523 qna
1124 1446 1213 1507 nullis
1235 1448 1384 1508 utemur
1404 1449 1556 1526 repeguiis
1575 1446 1708 1509 litorum.
1746 1445 1796 1507 Sis

436 1537 465 1592 in
495 1532 597 1592 insulis
619 1532 823 1592 AromttiIeris
852 1550 889 1592 ex
916 1549 1028 1592 oceano
1057 1550 1113 1593 eoo
1135 1537 1165 1591 in
1188 1552 1332 1594 ooeannm
1353 1535 1487 1595 Indioom
1518 1536 1616 1596 fluxos
1638 1550 1707 1597 esso
1726 1550 1796 1613 ptr·

436 1622 552 1682 bibetur
573 1632 741 1697 perpetuus,
765 1622 872 1696 quatis
893 1623 1004 1695 sagitta
1020 1620 1152 1694 celerior,
1176 1625 1247 1698 quia
1257 1625 1392 1681 nimirum
1415 1623 1485 1682 loris
1501 1624 1644 1684 incumbit
1666 1630 1700 1685 et
1713 1628 1797 1699 urget

435 1713 577 1768 immensa
598 1707 692 1767 moles
713 1724 856 1783 aquarum
878 1708 917 1766 ab
940 1710 1051 1768 oriente
1073 1708 1111 1767 ad
1134 1709 1192 1769 boe
1212 1720 1329 1787 septum
1352 1710 1514 1770 insularum
1535 1710 1744 1785 automatum
1765 1711 1796 1767 is

435 1796 556 1856 amtrali
588 1812 712 1865 oceano,
744 1794 823 1870 quod
852 1794 942 1854 babet
972 1794 1059 1855 litora
1081 1797 1235 1857 Amerioae
1265 1815 1368 1858 versus
1390 1799 1546 1872 orientem,
1575 1797 1673 1858 durus
1696 1804 1729 1857 et
1748 1812 1796 1857 re·

435 1884 532 1943 fluxus
553 1886 643 1942 maris
665 1900 740 1959 pene
762 1882 861 1940 nullus
884 1889 946 1953 est,
974 1887 1045 1958 quia
1066 1887 1179 1960 rapitur
1200 1901 1329 1944 oceanus
1349 1887 1388 1945 ab
1411 1884 1470 1944 illia
1495 1885 1633 1945 litoribus
1654 1885 1797 1945 monas

437 1988 540 2032 versus
564 1987 715 2041 occasum,
747 1986 805 2027 non
830 1969 980 2028 offendens
1004 1974 1080 2030 intra
1102 1971 1162 2030 dno
1184 1972 1278 2031 miliia
1299 1972 1468 2031 milliarium
1489 1970 1738 2033 Germanieorutu
1757 1968 1797 2031 ad

436 2058 529 2118 ullum
552 2075 654 2117 rursus
683 2058 729 2115 sui
757 2055 951 2115 obstaculum.
996 2056 1079 2117 Idem
1109 2068 1207 2118 motus
1237 2062 1267 2116 iu
1289 2059 1471 2120 occidentem
1497 2063 1624 2120 sentitur
1644 2060 1738 2121 etiam
1758 2056 1798 2119 ad

436 2146 524 2205 litora
547 2146 710 2213 Ameriae,
733 2138 925 2220 septentrioni
947 2145 1087 2215 obversa,
1111 2147 1262 2222 ferturque
1283 2146 1380 2205 durus
1401 2146 1485 2207 reiut
1508 2148 1661 2209 sternens
1683 2148 1725 2207 ad
1745 2142 1798 2206 ttts

437 2233 616 2310 ductumque
648 2231 763 2290 illorum
794 2242 914 2290 mentua
943 2233 972 2288 iu
1005 2235 1234 2308 septentrionem
1263 2234 1451 2295 drenmdeeti
1481 2235 1609 2313 indeque
1639 2234 1737 2296 veluti
1766 2234 1796 2293 in

437 2324 586 2382 orientem.
609 2320 662 2379 sed
681 2321 744 2395 jam
767 2328 850 2378 extra
869 2321 1023 2394 tropicum,
1045 2321 1167 2382 resilire.

523 2424 585 2485 Etsi
617 2441 688 2483 reto
718 2441 809 2484 cansa
839 2423 927 2498 hujus
949 2434 1047 2483 motus
1069 2426 1226 2485 manifesta
1248 2435 1308 2498 est,
1338 2427 1442 2487 eadem
1472 2428 1626 2501 nimitum,
1656 2444 1739 2505 quaa
1767 2432 1798 2489 et

435 2515 531 2575 tinans
557 2512 744 2586 tulimusque
773 2513 928 2587 reciproci,
964 2510 1047 2570 Luna
1080 2512 1199 2572 trebens
1221 2512 1330 2587 undts,
1361 2516 1478 2591 quoties
1500 2532 1591 2593 supra
1611 2512 1797 2577 tornantem

435 2612 495 2673 est,
527 2616 630 2659 rersns
653 2597 847 2669 occidentem,
879 2614 1020 2674 quorsum
1042 2598 1086 2656 illi
1109 2617 1212 2659 corsus
1234 2618 1299 2661 ease
1321 2611 1472 2677 censetur3
1502 2603 1587 2680 ipsae
1615 2610 1718 2665 tamen
1739 2604 1797 2663 eir·

435 2691 629 2748 cnmstuntiae
648 2686 712 2761 jam
734 2696 922 2744 enumeratae
945 2685 1082 2745 ridentur
1110 2687 1272 2764 adjungere
1293 2686 1397 2749 Lunae
1423 2690 1514 2748 etiarn
1541 2692 1678 2751 inertim
1707 2698 1797 2751 natu·

436 2776 528 2836 talem
552 2791 696 2851 aquarum
718 2773 757 2832 ad
779 2784 901 2845 motum,
924 2776 1122 2834 restitantium
1144 2778 1174 2832 in
1197 2775 1365 2843 occidente.
1387 2793 1455 2836 enm
1477 2775 1570 2837 Tetra
1590 2795 1625 2840 ss
1647 2776 1796 2841 subdosst

434 2868 465 2924 in
490 2866 641 2924 orientem.

399 2980 411 3003 ·
521 2971 618 3046 Atqui
643 2967 742 3026 multu
769 2965 901 3039 οὸσιωιι,
932 2969 1120 3042 quominus
1141 2966 1274 3042 adom,
1303 2966 1454 3027 Tellurem
1476 2972 1585 3044 rotari,
1606 2977 1637 3029 et
1654 2972 1795 3049 m

435 3056 556 3136 paridem
581 3061 681 3115 rmus:
703 3057 957 3127 nemrimortter,
981 3057 1123 3130 quirunt
1144 3054 1350 3119 odoowauoa
1372 3055 1542 3117 mumdum
1558 3074 1663 3119 rmus
1684 3058 1794 3135 σιὼ,

436 3145 587 3206 uidebitur
608 3144 662 3202 boc
682 3147 791 3221 potius,
815 3159 910 3219 prtum
933 3140 1013 3200 illud
1029 3142 1167 3218 salsum,
1187 3144 1288 3204 stellas
1307 3143 1492 3218 noemma,
1513 3145 1570 3206 hoe
1589 3154 1634 3206 at
1652 3145 1794 3209 radda

436 3233 571 3292 Minime:
595 3249 735 3291 aseensus
753 3231 831 3290 enim
853 3247 872 3287 a
895 3231 961 3287 risu
984 3231 1214 3290 aestimatores
1237 3231 1402 3291 desertione
1423 3231 1513 3312 plani,
1536 3233 1650 3312 inquo
1672 3243 1794 3308 mma,

436 3334 465 3381 et
488 3338 523 3380 er
546 3320 830 3396 appropinquatione
851 3318 893 3376 rei
916 3315 955 3375 ad
978 3318 1126 3390 rertitem,
1151 3322 1179 3376 in
1203 3336 1290 3394 quem
1305 3319 1430 3378 bominis
1452 3329 1566 3380 statura
1580 3333 1717 3383 surrecta
1738 3329 1795 3396 eat;

432 3407 496 3484 jam
519 3424 588 3467 reto
611 3421 725 3465 montes
749 3408 804 3480 ipsi
827 3415 904 3474 sunt,
928 3405 980 3480 qui
1003 3405 1131 3464 formant
1153 3407 1239 3465 nobis
1262 3407 1409 3467 risibilem
1424 3406 1586 3484 planitiem,
1608 3425 1664 3472 nee
1687 3427 1797 3489 appro-

437 3498 582 3573 pinquant
607 3496 718 3552 rettiei.
743 3496 813 3568 quia
836 3503 978 3568 quantum
1002 3503 1115 3551 montes
1138 3493 1308 3570 procedunt,
1334 3505 1447 3554 tantum
1469 3495 1601 3572 prooedit
1623 3514 1686 3558 una
1708 3507 1741 3558 et
1760 3495 1797 3557 li·

435 3600 506 3644 nea.
539 3587 567 3640 in
598 3598 686 3657 qnam
715 3592 826 3638 statura
848 3582 1011 3656 spettsrtis
1035 3590 1133 3638 erecta
1154 3593 1199 3639 est
1221 3593 1251 3640 et
1273 3584 1303 3639 in
1326 3600 1363 3641 ea
1384 3579 1464 3642 linea
1492 3593 1611 3656 vertex,
1641 3595 1736 3664 atque
1755 3585 1797 3644 ris

435 3688 549 3747 temper
572 3683 672 3729 remex
692 3668 854 3743 aequaliter
875 3669 958 3726 abest
974 3668 1012 3726 ab
1036 3669 1269 3727 extremitatibus
1282 3668 1349 3730 soli.
1373 3671 1402 3726 in
1417 3669 1497 3746 qnod
1512 3679 1663 3747 spectator
1679 3673 1798 3748 insistit,

435 3757 464 3816 id
488 3773 531 3818 est
553 3777 572 3817 a
595 3757 744 3815 montibus
768 3757 916 3813 extremis:
946 3772 1004 3813 non
1027 3769 1152 3831 possunt
1174 3757 1263 3832 igitur
1286 3756 1378 3816 rideri
1401 3767 1516 3817 montes
1538 3759 1721 3836 ascendere,
1742 3759 1797 3822 etsi

435 3849 585 3906 uerissime
608 3844 699 3904 Terra
720 3854 782 3901 tota
804 3857 924 3902 rotetur.

523 3952 596 4011 Esto
627 3958 661 4008 ut
690 3957 803 4007 montes
825 3967 887 4007 nort
914 3947 1076 4009 rideantur
1098 3946 1270 4018 oscendere,
1303 3955 1440 4007 attamen
1463 3949 1651 4009 ridebuntur
1678 3951 1798 4030 sinpli-

435 4045 505 4100 citer
527 4048 555 4097 et
578 4043 610 4096 iss
632 4056 740 4113 patere
761 4039 886 4095 mot-eri.
909 4036 1010 4095 stellae
1033 4052 1103 4093 tero
1121 4039 1279 4112 quiescere,
1300 4054 1380 4111 quoe
1402 4041 1567 4112 quierunt
1613 4037 1682 4098 Non
1696 4041 1798 4117 sequi·

435 4137 489 4198 tut‚
513 4125 592 4201 quod
615 4124 747 4202 plurimis
769 4118 910 4199 eretnplis
932 4135 1021 4199 patet.
1069 4121 1210 4195 Virgilius
1232 4122 1381 4206 graphice,
1405 4137 1439 4182 ut
1459 4123 1556 4184 solent
1578 4129 1707 4202 poetae,
1728 4143 1799 4188 aea·

433 4232 498 4274 sum
524 4212 673 4272 oculorum
704 4212 854 4287 exprimit.
890 4228 956 4269 eunt
984 4210 1079 4267 canit:
1117 4209 1322 4270 florebertus·
1346 4221 1440 4288 portu
1466 4220 1625 4290 tempu
1650 4213 1798 4293 m

433 4300 589 4362 noedmtt.
614 4303 668 4360 etsi
691 4299 747 4358 boc
763 4311 845 4356 motu
859 4314 916 4355 non
933 4298 1019 4355 urbes
1041 4315 1060 4356 a
1082 4313 1169 4366 nare,
1192 4297 1244 4356 sed
1265 4300 1352 4357 naris
1373 4301 1413 4358 ab
1435 4300 1557 4360 urbibus
1579 4300 1702 4362 recedit.

524 4403 581 4478 Qui
603 4404 732 4464 seeundo
756 4403 874 4461 dumine
897 4405 1034 4477 nauigat.
1067 4404 1091 4460 is
1115 4419 1174 4460 nott
1197 4415 1285 4460 antea
1314 4401 1484 4461 admonitus
1504 4403 1593 4463 litora
1614 4407 1719 4465 ricius
1740 4421 1799 4484 μ-

436 4492 511 4552 tabit
532 4495 643 4550 moreti
667 4495 695 4550 in
719 4490 892 4550 adretsutn.
925 4503 954 4549 et
976 4493 1000 4548 si
1024 4493 1110 4547 naris
1133 4502 1248 4565 praeter
1268 4492 1400 4566 stipitem
1424 4490 1566 4558 rebatur,
1589 4508 1680 4567 quem
1702 4493 1799 4554 dua·

435 4580 518 4638 alluit
541 4597 676 4652 mersum,
700 4595 834 4640 restores
849 4577 1063 4638 exclamabunt.
1087 4577 1144 4636 sibi
1159 4577 1266 4636 lutram
1288 4579 1409 4637 obuiam
1423 4579 1592 4638 ascendere
1636 4578 1699 4654 Qui
1714 4595 1799 4641 earn

436 4669 552 4728 rebitur
575 4671 650 4728 iuter
672 4685 759 4744 sepes
782 4684 924 4743 prorsum.
945 4666 1056 4742 iurabit
1078 4683 1166 4740 sepes
1187 4668 1325 4741 utrinque
1339 4669 1369 4723 in
1391 4683 1425 4726 se
1439 4669 1594 4736 inuitum,
1617 4669 1670 4742 qul
1689 4679 1800 4729 ratror·

435 4775 509 4818 sum.
530 4757 640 4832 jurabit
664 4773 750 4831 sepes
774 4755 890 4830 lugete:
914 4771 1001 4829 quem
1017 4753 1154 4811 allectum
1178 4753 1256 4810 oruli
1270 4756 1439 4829 concipiunt
1462 4769 1491 4813 et
1510 4757 1688 4832 impressum
1709 4755 1800 4816 altit!

436 4849 578 4908 retinent.
608 4845 696 4902 etiam
728 4860 795 4900 tum
825 4841 913 4900 homo
937 4843 1146 4915 interquiescit.
1192 4839 1229 4897 Et
1252 4843 1303 4916 qui
1325 4855 1482 4900 retrorsum
1504 4844 1650 4920 abripitur
1670 4858 1799 4904 mua

435 4934 505 4991 turri
535 4931 637 5006 aliqua
665 4933 787 5004 insiptt't·
815 4927 977 4988 altitudinis
1006 4945 1057 5003 pes
1086 4929 1166 4985 riatu
1195 4930 1308 4986 attriti
1331 4927 1489 4990 directam.
1519 4932 1545 4989 is
1571 4933 1691 4989 minem
1712 4930 1798 4991 tuith

435 5021 525 5096 npiti
553 5034 607 5078 auo
635 5019 817 5092 ingruentem
847 5027 1033 5093 etparesoet
1087 5013 1137 5073 Sir
1164 5015 1273 5073 nubem
1303 5013 1502 5076 delubrem
1531 5016 1592 5076 late
1618 5018 1799 5095 upum

435 5109 622 5184 serapim
636 5113 745 5164 motum
761 5103 867 5162 leniter
881 5120 899 5160 s
914 5101 1034 5161 meridie
1049 5105 1078 5158 in
1094 5105 1330 5179 septentrionem.
1348 5103 1461 5177 jurabit
1475 5104 1588 5174 stellas,
1611 5122 1691 5181 quaa
1702 5107 1733 5166 iu
1746 5104 1800 5167 b·

435 5191 1797 5270 aumbridntesqueiisemieantmoruimomeounarioarepteuuioneineridtan.
