4459 6275
855 821 1384 899 affluentissimum.
1735 822 1796 903 ssu

434 1001 557 1072 uatsn‘tl
574 1001 609 1057 sd
629 1000 828 1073 expromendas
846 1008 971 1058 motum
989 1000 1172 1072 aequabilium
1190 1000 1329 1057 modulos:
1346 1004 1439 1055 umen
1457 995 1531 1066 quod
1542 995 1687 1053 ametimet
1696 992 1800 1064 aliquid

433 1081 598 1137 resolutioni
621 1082 669 1137 uui
686 1080 765 1151 primi
783 1078 891 1136 mobilis
908 1079 943 1135 ad
968 1079 1040 1136 diem
1063 1095 1146 1135 unam
1164 1077 1342 1148 censendam,
1367 1077 1402 1135 ad
1420 1074 1513 1133 solen
1536 1089 1574 1134 sa
1598 1073 1695 1131 eodem
1718 1071 1800 1128 reda·

434 1161 565 1230 candum,
590 1163 724 1232 pertinuit
740 1161 775 1217 ad
794 1160 920 1216 solertem
939 1159 1087 1214 astronomi
1104 1158 1273 1226 diligentiam
1298 1163 1440 1224 excutere,
1462 1170 1527 1209 num
1546 1168 1602 1224 qua
1618 1149 1800 1221 inaequalitas

434 1239 587 1310 compoaiti,
606 1241 680 1310 qnod
698 1242 757 1296 dies
775 1247 826 1307 est,
854 1254 889 1294 ex
907 1238 1100 1294 &dumentis
1117 1239 1179 1294 istis
1197 1235 1393 1307 particularum
1411 1233 1574 1292 necessitate
1591 1228 1801 1288 demonstratio·

434 1333 501 1373 num
519 1318 666 1374 resultaret
684 1326 712 1375 et
731 1320 753 1374 si
773 1333 827 1388 qua
845 1317 1019 1385 inveniretur,
1038 1332 1098 1372 eam
1117 1316 1304 1386 complanare,
1329 1329 1364 1370 nc
1388 1326 1515 1368 mensura
1531 1317 1653 1367 motuum
1670 1310 1800 1377 inaequa-
1851 1340 1857 1350 =

433 1395 503 1451 lium
520 1412 577 1452 non
594 1403 670 1453 esset
687 1413 742 1452 non
760 1397 988 1468 aequabilisaima

538 1476 607 1531 Post
624 1491 754 1532 excussos
770 1474 878 1545 penitus
896 1490 1022 1531 recessus
1040 1475 1108 1532 artis
1126 1476 1178 1532 snb
1197 1473 1327 1544 Tychme
1343 1472 1494 1541 Lunaeque
1511 1476 1603 1526 motus
1621 1469 1655 1525 ad
1674 1467 1799 1526 exactius

434 1569 551 1610 examen
568 1562 690 1623 vocatos,
710 1555 801 1622 coepit
818 1555 950 1625 manum,
972 1554 1101 1623 Tychone
1120 1555 1180 1624 ipso
1198 1553 1288 1610 adhuc
1306 1551 1455 1621 superstite
1472 1556 1501 1605 st
1518 1548 1696 1618 approbante,
1714 1549 1800 1605 maxi·

433 1650 510 1690 nausa
532 1634 602 1692 iliud
625 1639 844 1687 astronomorum
869 1634 977 1687 axiam
1001 1632 1035 1687 de
1060 1632 1226 1703 aequalitate
1249 1627 1457 1699 (aequabilitate)
1481 1635 1571 1683 motus
1595 1626 1675 1696 primi
1692 1625 1802 1681 mobilis

433 1710 560 1768 nonnihil
583 1712 724 1768 labascere
744 1710 886 1780 risumque
908 1710 937 1766 id
955 1726 1069 1782 corpus,
1093 1711 1168 1781 qnod
1185 1711 1302 1780 primum
1320 1706 1420 1766 mobile
1437 1711 1644 1775 repraesentat,
1667 1721 1723 1763 uua
1739 1720 1801 1761 cum

432 1789 558 1847 ffisoessu
571 1787 642 1845 Solle
660 1802 678 1842 a
695 1793 789 1843 centro
808 1788 910 1843 Terrae
928 1787 1051 1843 nonnihil
1069 1786 1103 1843 de
1122 1787 1262 1844 celeritate
1280 1801 1347 1843 suae
1365 1784 1542 1840 resolutionis
1560 1783 1720 1854 deperdere,
1738 1801 1802 1840 eum

433 1883 548 1924 sceeasu
566 1867 684 1923 richsim
702 1865 846 1934 concitari3
864 1866 893 1922 id
912 1873 1002 1922 tamen
1020 1882 1075 1920 non
1093 1873 1153 1921 tota
1170 1865 1348 1923 resolutionis
1360 1863 1441 1920 nulus
1460 1862 1604 1918 duratione
1619 1863 1655 1919 ad
1667 1862 1739 1919 hane
1756 1878 1801 1919 sc·

436 1960 534 2002 cessus
553 1953 581 2001 et
596 1959 723 2000 recessus
740 1944 942 2012 proportionem
961 1942 1126 2012 dispensata,
1146 1943 1195 2000 sed
1213 1942 1312 2012 exigua
1329 1940 1425 1997 saltem
1444 1940 1504 2009 ejus
1522 1939 1670 2012 particula,
1689 1942 1803 2011 perinde

433 2040 469 2080 ac
485 2024 510 2079 si
528 2024 575 2079 Sol
594 2022 736 2078 omnifaria
752 2037 803 2077 aua
820 2022 1024 2091 propinquitate
1041 2022 1077 2077 ad
1095 2024 1208 2078 Terram
1226 2037 1277 2092 per
1293 2026 1382 2076 totum
1398 2020 1464 2075 anni
1482 2019 1624 2076 cucullum
1642 2020 1695 2075 sim
1717 2021 1800 2100 illam,

434 2117 509 2173 qnae
525 2103 643 2172 primum
660 2108 762 2155 motum
781 2098 898 2164 conticit,
917 2115 950 2153 ex
969 2099 1104 2168 particula
1126 2101 1211 2156 teon·
1227 2098 1313 2154 tutius
1326 2097 1478 2166 adjuraret
1515 2099 1610 2168 ltaque
1622 2099 1726 2169 Tycbo,
1744 2118 1802 2156 mo·

433 2188 519 2238 uente
537 2181 600 2235 Chr.
621 2181 647 2235 S.
666 2178 897 2247 Longirnoutrno,
924 2177 970 2246 qui
988 2184 1054 2232 tunc
1071 2177 1100 2232 in
1118 2176 1170 2232 bac
1188 2177 1251 2248 ipsa
1267 2188 1297 2233 rt
1320 2180 1379 2231 erat
1402 2181 1567 2244 occupatus,
1591 2190 1703 2233 causam
1719 2193 1801 2233 unam

433 2256 607 2327 aequationis
625 2255 763 2324 temporis,
782 2253 946 2308 necessitate
965 2252 1226 2310 demonstrationum
1244 2251 1431 2309 introductam
1443 2253 1477 2308 ab
1495 2255 1802 2327 antecessoribus,.rur·

433 2354 497 2394 snm
515 2336 606 2391 valere
620 2334 706 2404 iussit
725 2334 755 2389 in
773 2332 891 2388 motibus
909 2333 1004 2390 Lunae
1022 2331 1221 2401 supputandis,
1244 2331 1358 2401 periodo
1380 2332 1459 2399 quasi
1481 2347 1565 2389 eausa
1588 2331 1658 2391 haee
1676 2343 1800 2391 aetram·

434 2416 508 2471 mica
526 2413 560 2467 ab
578 2412 626 2469 illa
644 2411 757 2482 physica
768 2410 921 2469 intensione
939 2418 968 2464 et
985 2410 1146 2466 remissione
1164 2420 1287 2467 motuum
1303 2417 1402 2465 macte
1418 2415 1592 2479 peussrotur3
1611 2409 1694 2480 idque
1712 2412 1803 2471 dictus

437 2490 674 2562 morimonianus
693 2490 721 2544 in
739 2503 790 2544 sua
800 2489 975 2544 Astronomia
988 2488 1093 2545 Dauics
1104 2488 1327 2547 Theoreticorum
1344 2487 1369 2543 1.
1386 2488 1455 2544 citra
1468 2488 1656 2557 exceptionem
1669 2492 1802 2560 sequitur.

517 2572 583 2626 Cum
601 2577 694 2624 autem
711 2567 740 2623 in
758 2568 902 2637 Progymn.
922 2574 995 2623 tomo
1013 2567 1034 2622 1.
1053 2567 1091 2634 (in
1109 2567 1215 2635 paginis
1234 2582 1277 2623 se.
1293 2565 1447 2624 Lunsribus
1466 2567 1604 2636 posterius
1619 2569 1739 2638 mustis)
1757 2586 1803 2631 res

437 2647 550 2720 quidem
560 2648 621 2717 ipsa
634 2646 775 2717 proposita
790 2651 871 2713 esset,
891 2644 997 2701 dhersa
1009 2645 1038 2703 iu
1050 2645 1145 2699 Lunae
1155 2660 1236 2714 quam
1246 2645 1274 2700 in
1287 2643 1359 2700 Solis
1377 2644 1495 2700 motibus
1514 2647 1646 2716 aequatio
1662 2648 1803 2718 temporis,

434 2744 524 2785 musa
541 2742 605 2783 sero
622 2742 673 2780 uec
691 2734 766 2781 esset
783 2723 920 2795 explicata
944 2733 972 2781 et
989 2732 1063 2781 tecta
1083 2724 1198 2794 insuper
1221 2725 1282 2794 ipsa
1299 2722 1348 2781 illa
1365 2724 1522 2781 uranium
1547 2724 1660 2795 (quippe
1676 2726 1700 2782 si
1717 2742 1803 2787 cansa

435 2806 553 2877 physica
571 2812 614 2861 est
632 2812 661 2860 et
678 2805 706 2859 in
725 2805 785 2874 ipso
804 2803 890 2873 primo
908 2802 1015 2871 mobili,
1038 2803 1191 2873 aequaliter
1211 2803 1288 2861 illam
1310 2811 1367 2859 tara
1384 2803 1413 2860 iu
1431 2801 1496 2859 Sole
1512 2817 1594 2872 quam
1610 2802 1639 2861 iu
1656 2805 1736 2861 Luna
1754 2805 1804 2863 ob·

436 2882 541 2939 serrari
559 2882 731 2952 oportebatlz
749 2897 784 2937 ex
800 2895 832 2935 eo
851 2881 955 2935 iactum
974 2886 1025 2947 est,
1044 2888 1075 2936 ut
1091 2881 1239 2936 ashonomi
1257 2880 1359 2951 passim
1377 2880 1412 2937 de
1428 2882 1530 2940 violata
1542 2882 1805 2943 demonstrationum

437 2960 653 3019 certissimarum
671 2959 872 3017 existimatione
890 2959 1016 3028 querelas
1040 2959 1162 3017 iacerent
1180 2960 1270 3030 adque
1288 2974 1378 3016 meum
1396 2960 1442 3017 hic
1458 2960 1592 3029 judicium
1614 2971 1804 3033 provocarent

433 3039 497 3097 illis
519 3040 601 3109 igitur
623 3046 654 3095 ut
676 3037 843 3108 gratificarer
868 3054 954 3094 ausus
978 3054 1037 3095 sum
1055 3038 1096 3108 id,
1121 3039 1194 3108 quod
1219 3036 1320 3095 dudum
1338 3039 1392 3095 hoc
1416 3054 1499 3108 super
1525 3040 1635 3108 negotio
1653 3041 1800 3103 meditatus

436 3136 523 3189 eram,
541 3119 569 3173 in
581 3118 657 3188 Epis.
675 3120 750 3173 Astr.
769 3116 839 3174 libro
858 3115 907 3172 111.
926 3124 955 3173 et
971 3116 1018 3173 VI.
1036 3123 1065 3172 et
1081 3117 1110 3174 in
1128 3115 1328 3188 prolegomenis
1344 3115 1558 3188 Ephemeridum
1576 3118 1685 3190 publice
1702 3134 1804 3193 propo·

436 3216 506 3258 nere
524 3199 642 3270 quidque
659 3198 726 3253 mihi
745 3194 886 3252 decausis
905 3196 945 3250 rei
963 3194 1107 3263 videretur,
1126 3195 1258 3251 indicare.
1292 3196 1332 3252 itt
1348 3196 1378 3252 in
1392 3211 1422 3251 re
1441 3196 1551 3268 quidem
1567 3198 1629 3272 ipsa
1637 3201 1804 3257 successisse

436 3277 595 3340 ridebatur,
617 3277 645 3333 in
663 3275 816 3347 quantitate
834 3288 898 3330 vero
917 3291 971 3330 nou
989 3274 1085 3334 leuiter
1102 3274 1285 3337 haesitabam.
1311 3277 1413 3346 quippe
1436 3292 1497 3332 cum
1515 3294 1565 3348 pro
1586 3280 1673 3340 ¹80²·
1689 3279 1823 3352 period.

435 3357 467 3414 id
486 3364 530 3412 est
547 3372 596 3425 pro
614 3356 630 3410 2
649 3355 744 3412 diebus
762 3354 828 3422 fere,
847 3353 903 3426 qui,
922 3360 953 3411 ut
970 3353 1102 3411 causarei
1119 3360 1240 3424 pateret,
1259 3352 1331 3411 Solis
1348 3354 1490 3412 auxilianti
1507 3357 1602 3413 virtuti
1618 3366 1698 3416 mant
1715 3367 1803 3418 maus·

436 3433 592 3503 scribendi,
615 3434 777 3492 offerrentur
795 3433 859 3489 mihi
878 3433 970 3504 potius
994 3433 1052 3491 dies
1070 3435 1134 3504 ὂψ..
1159 3433 1325 3504 appendices
1343 3449 1381 3490 ec
1400 3432 1435 3490 ad
1453 3434 1511 3491 dies
1529 3437 1594 3493 anui
1612 3438 1673 3508 360,
1690 3455 1804 3498 numero

436 3515 559 3582 figurato
583 3520 611 3567 et
633 3514 817 3585 archetypico.
853 3513 925 3570 Hinc
949 3512 1018 3569 adeo
1042 3512 1172 3582 aequatio
1195 3512 1249 3568 ista
1271 3512 1385 3584 physica
1408 3516 1530 3573 exotesit
1552 3516 1619 3574 mibi
1635 3517 1671 3573 ad
1689 3518 1732 3576 21⁴
1750 3518 1805 3576 40”

437 3592 521 3650 unius
539 3590 632 3660 horse,
650 3608 705 3648 uon
723 3608 841 3661 pensans
861 3599 967 3648 mutum
984 3591 1021 3659 id,
1039 3590 1113 3660 quod
1132 3590 1226 3661 Tycha
1244 3589 1382 3660 abjecerat
1398 3590 1433 3647 de
1449 3596 1632 3652 muouomica
1649 3604 1678 3652 et
1694 3596 1804 3658 dmon-

436 3670 554 3730 stratisa
570 3670 703 3740 temporis
720 3670 892 3743 aequatione,
912 3669 961 3726 sed
979 3670 1091 3740 iusuper
1109 3670 1191 3725 eham
1207 3670 1271 3740 plus
1289 3670 1337 3725 illo
1349 3670 1493 3741 postulans
1510 3670 1724 3732 incontrarium.
1742 3676 1805 3736 aas

436 3749 530 3808 fateor
546 3749 672 3819 ingenue,
689 3748 829 3806 modulum
846 3748 921 3805 hunc
939 3748 1043 3805 dierum
1061 3749 1114 3821 5'ls
1132 3749 1214 3806 etiam
1232 3747 1305 3819 alibi,
1325 3748 1371 3805 nbi
1389 3749 1567 3808 variationem
1585 3769 1620 3810 ex
1638 3769 1671 3810 eo
1691 3741 1803 3822 deduxi,

436 3842 572 3900 peccasse
589 3826 654 3880 mihi
672 3842 787 3882 excessu
806 3826 890 3896 partis
909 3842 933 3883 c.
952 3835 1065 3899 quartae
1084 3832 1124 3891 (tn
1145 3837 1235 3881 matu:
1259 3829 1384 3899 quinus).
1420 3828 1566 3902 sicigitur
1584 3827 1690 3904 pugnat
1711 3833 1804 3890 serisi-

436 3906 566 3962 militudo
587 3921 637 3976 pro
661 3922 744 3961 causa
767 3922 783 3961 a
805 3919 848 3959 me
872 3903 1010 3976 subjecta,
1035 3911 1067 3962 ut
1089 3905 1169 3962 simul
1187 3907 1368 3976 quantitatem
1387 3906 1524 3979 relinquat
1545 3910 1574 3967 iu
1592 3909 1685 3968 dubio.
1721 3910 1805 3968 Forte

436 3986 576 4063 posterior
594 3987 653 4043 dies
673 3993 836 4043 consensum
854 3982 913 4053 elus
926 4001 987 4041 cum
1006 3983 1160 4053 quantitate
1170 3984 1328 4053 Tycbonica
1345 3985 1455 4041 tandem
1473 3986 1591 4058 deteget,
1608 3990 1638 4048 ld
1656 3989 1730 4061 quod
1748 4007 1805 4049 uon

438 4064 527 4126 semel
544 4064 679 4122 hactenus
698 4065 763 4119 mibi
782 4063 896 4132 contigit
914 4069 941 4118 et
959 4063 1193 4135 Lougimoutauus
1212 4063 1333 4120 lausaim
1351 4080 1434 4135 supra
1451 4066 1584 4135 praetulit
1601 4069 1752 4140 augurium

547 4143 730 4200 Veruntamen
748 4158 823 4207 cum,
845 4155 900 4213 quo
920 4142 1013 4212 plures
1031 4158 1066 4198 ex
1090 4157 1123 4197 eo
1142 4148 1264 4211 tempore
1279 4140 1396 4211 eclipses
1415 4143 1486 4200 Solis
1508 4152 1538 4202 et
1554 4146 1652 4205 husae
1669 4146 1805 4219 maurino,

437 4223 494 4279 hoc
511 4221 597 4291 magis
616 4237 673 4275 rem
691 4220 802 4275 dubiam
820 4219 1034 4290 deprehendam,
1058 4235 1192 4289 quaenam
1211 4235 1245 4273 ex
1263 4219 1350 4275 tribus
1369 4220 1505 4292 aequandi
1523 4224 1654 4293 temporis
1672 4224 1743 4284 ratio
1761 4240 1804 4284 se-

439 4298 550 4372 quenda
568 4299 615 4353 sit:
635 4298 816 4354 astronomica
834 4308 963 4369 veterum,
982 4299 1120 4376 Tychouis
1138 4298 1275 4368 empirica,
1294 4314 1329 4356 au
1342 4314 1403 4355 uses
1419 4301 1535 4373 physica
1552 4310 1581 4359 et
1598 4303 1725 4373 camelis,
1743 4320 1805 4361 oum

440 4377 520 4438 nulia
537 4376 634 4433 harum
653 4378 696 4446 sit,
715 4393 786 4447 quae
804 4393 859 4432 non
877 4377 912 4433 ab
931 4376 1068 4447 aliquibus
1086 4377 1235 4448 eclipsibus
1253 4377 1440 4450 confirmetur,
1465 4396 1482 4437 a
1500 4381 1599 4441 ceteris
1616 4381 1806 4456 redarguatur,

438 4459 579 4517 minimum
600 4466 692 4512 tamen
711 4457 880 4527 Tychonica3
907 4474 969 4512 cum
993 4458 1021 4512 iu
1045 4456 1102 4513 dies
1124 4456 1212 4526 magis
1235 4465 1319 4528 atque
1341 4458 1429 4525 masis
1452 4473 1513 4517 sese
1531 4459 1654 4531 proferat
1669 4461 1700 4518 iu
1715 4461 1806 4524 lucem

438 4547 563 4598 motuum
582 4536 667 4605 Solis,
691 4536 786 4592 Lunae
804 4546 832 4593 et
855 4537 935 4608 primi
958 4535 1066 4592 mobilis
1089 4536 1162 4593 circa
1184 4535 1295 4592 minima
1319 4535 1452 4594 nonnulla
1469 4537 1600 4610 scrupula
1616 4539 1760 4612 multiplex
1777 4548 1806 4598 et

438 4614 685 4689 inpcmestigabilis
704 4614 832 4685 varietas,
860 4631 930 4686 quae
949 4616 1127 4672 certissimam
1146 4614 1228 4671 fidem
1245 4615 1325 4686 facit,
1344 4633 1441 4674 causas
1459 4625 1582 4676 motuum
1599 4634 1660 4678 esse
1677 4617 1806 4693 physicas

439 4701 487 4770 (ut
509 4695 637 4766 incipiam
660 4703 819 4763 suspectare
841 4711 990 4753 concursus
1013 4695 1103 4751 varios
1127 4710 1271 4765 corporum
1295 4693 1510 4765 planetariorum
1533 4697 1562 4753 in
1584 4713 1669 4756 unum
1691 4698 1804 4768 locurul:

440 4775 584 4836 consilium
603 4789 637 4829 ex
654 4791 684 4830 re
701 4773 763 4845 ipsa
780 4777 901 4832 nascitur
917 4776 998 4848 mihi,
1022 4785 1053 4834 ut
1070 4784 1239 4834 revertamur
1256 4776 1291 4834 ad
1310 4792 1407 4835 causas
1425 4774 1562 4847 aequandi
1583 4776 1714 4848 temporis
1731 4792 1805 4834 mere

440 4855 638 4916 astronomicas
655 4861 684 4911 et
702 4861 797 4923 certas,
817 4860 856 4919 ut,
876 4855 946 4910 siout
964 4854 992 4911 iu
1010 4854 1134 4913 doctriua
1152 4853 1332 4924 deliquiorum
1343 4854 1413 4912 Solis
1432 4860 1461 4910 et
1476 4854 1573 4912 Lunae
1590 4855 1676 4913 doceo
1694 4870 1805 4926 eompu-

440 4945 501 4991 tare
518 4931 686 5003 quantitates
699 4938 727 4987 et
738 4931 923 5002 apparitiones
941 4931 1084 5001 eolipeium
1101 4931 1173 5002 illas,
1191 4948 1262 5003 quae
1280 4931 1511 4990 conformantura
1526 4933 1615 4992 amis
1632 4948 1707 4992 mese
1717 4941 1805 4990 astro

440 5010 572 5083 manicis,
598 5025 765 5080 secernoque
788 5009 916 5081 physicas
945 5018 973 5068 et
997 5011 1101 5082 opticae
1131 5011 1281 5083 specierum
1299 5012 1512 5082 ‚(dtametrornm)
1535 5012 1723 5084 ampliationee
1745 5012 1805 5081 (seu

443 5105 523 5149 seras
545 5103 595 5160 per
621 5088 690 5144 aeris
707 5088 844 5144 terrestris
870 5089 1007 5148 iuuarisre
1036 5089 1177 5149 involucra
1195 5089 1369 5162 aetherisque
1391 5090 1463 5149 circa
1486 5106 1588 5162 corpus
1612 5089 1684 5149 Solis
1711 5089 1801 5164 splen·

441 5167 532 5236 dores,
550 5167 608 5224 sire
626 5164 797 5236 deceptorias
815 5182 865 5237 per
884 5184 928 5241 ea,
953 5183 1024 5240 quae
1042 5168 1145 5228 risibus
1163 5169 1289 5228 humanis
1310 5169 1417 5228 ratione
1435 5169 1609 5228 instrumenti
1626 5169 1743 5230 umoris
1759 5188 1805 5230 sc·

443 5245 560 5317 munt),
579 5244 719 5303 nicetium
736 5243 765 5300 lu
779 5248 923 5317 aequando
940 5254 1062 5319 tempore
1080 5245 1227 5306 doceamus
1244 5247 1352 5319 lsnbm
1369 5262 1443 5306 mere
1460 5247 1649 5308 asuonomicis
1665 5248 1723 5310 tals
1740 5265 1805 5310 son-

442 5325 560 5384 iormsre
578 5330 687 5396 tempus
699 5337 844 5399 apparens,
862 5330 948 5397 uteo,
966 5331 1096 5398 tauquam
1113 5325 1241 5398 regulari,
1258 5333 1356 5399 postea
1367 5325 1404 5384 sd
1420 5325 1608 5400 apparitiones
1626 5327 1804 5400 quotidianas
