4459 6275
911 776 1124 848 Begiomontrmi
1142 780 1170 833 et
1187 776 1329 834 waltheri.
1734 782 1797 844 759

439 977 527 1020 sensu
550 975 615 1018 esse
638 963 689 1018 25.
714 952 888 1026 Alauona.
934 955 1000 1016 Hac
1022 958 1123 1033 itaque
1146 958 1259 1017 ratione
1276 957 1470 1017 conciliabam
1492 957 1568 1017 hanc
1583 958 1720 1035 Dionysii
1744 958 1800 1019 ob·

438 1048 636 1107 servationem
666 1043 880 1120 conjunctionis
907 1042 1012 1102 Martis
1044 1062 1109 1103 cum
1143 1044 1216 1114 fixa,
1253 1053 1285 1104 ut
1317 1045 1355 1104 ad
1382 1044 1581 1104 Ptolemaicas
1613 1054 1740 1121 quatuor
1767 1063 1800 1105 se

438 1137 614 1206 associaret,
644 1148 768 1206 eamque
797 1133 834 1191 ob
859 1149 919 1192 rem
942 1133 1094 1191 minimum
1125 1132 1237 1208 aliquid
1260 1134 1374 1192 mutavi
1397 1134 1425 1189 in
1450 1132 1578 1211 epochis,
1611 1140 1644 1191 ut
1666 1132 1747 1192 illam
1770 1135 1799 1192 in

442 1228 491 1281 15.
515 1221 585 1283 dan.
608 1219 731 1279 relatam
759 1228 859 1278 exacte
883 1227 987 1280 tuerer.

526 1309 568 1367 At
592 1309 720 1365 vicissim
743 1306 817 1367 haec
840 1323 913 1366 ausa
935 1323 1049 1365 rursum
1072 1306 1239 1365 emanibus
1263 1305 1331 1364 mihi
1353 1315 1422 1365 sunt
1436 1324 1569 1377 excussa,
1594 1305 1662 1365 dum
1684 1315 1799 1385 reputo,

438 1396 516 1455 haud
540 1394 630 1472 paulo
655 1394 797 1453 leviorem
820 1393 896 1456 hanc
918 1395 1108 1468 ignominiam
1138 1396 1213 1453 inuri
1235 1393 1460 1453 Ptolemaeoet
1483 1394 1654 1471 Hipparcho
1677 1396 1800 1456 artifici-

437 1484 491 1543 bus
518 1481 610 1563 (quod
641 1484 670 1540 in
699 1483 861 1540 rationibus
895 1480 1053 1540 calendarii
1086 1481 1262 1558 Dionysiani
1297 1481 1410 1554 triduo,
1445 1482 1516 1540 alibi
1550 1480 1617 1557 plus
1646 1481 1798 1544 aberrasse

437 1566 669 1648 insimulantur),
706 1587 793 1645 quam
829 1571 854 1627 si
892 1568 960 1643 quis
988 1567 1112 1640 dicerct,
1147 1567 1213 1627 illos
1248 1569 1504 1628 observationibus
1536 1569 1727 1646 Dionysiauis
1755 1568 1800 1650 (ut

436 1676 560 1734 quarum
583 1657 645 1716 dies
669 1657 707 1717 ob
731 1658 799 1716 anui
821 1656 944 1715 sormam
968 1674 1021 1713 usu
1046 1655 1170 1714 desitam
1193 1667 1289 1715 essent
1320 1659 1350 1714 iu
1374 1655 1510 1735 obscuro)
1533 1655 1596 1716 dies
1619 1659 1797 1733 assignasse,

437 1747 476 1805 ad
505 1743 690 1805 commodum
721 1762 807 1802 snum
835 1743 1081 1803 accommodatos.
1127 1742 1313 1820 Reputabam
1345 1751 1374 1803 et
1397 1741 1486 1816 illud,
1517 1744 1710 1820 Dionysium,
1746 1747 1797 1822 qui

437 1843 498 1892 tam
529 1831 649 1892 sedulus
681 1833 735 1890 luit
766 1836 794 1888 in
826 1829 1018 1890 observandis
1048 1829 1175 1888 siderum
1207 1831 1358 1889 exortibus
1386 1829 1628 1909 planetarumque
1657 1830 1695 1891 ad
1724 1833 1798 1894 lixas

435 1919 694 1997 applicationibus,
718 1916 820 1995 procul
843 1918 933 1976 dubio
955 1935 1012 1976 non
1028 1919 1213 1993 praeteriisse
1231 1916 1352 1992 Lunam,
1377 1919 1561 1993 quinpotius
1584 1918 1671 1995 hujus
1694 1920 1799 1982 sideris

436 2008 626 2067 habitudines
660 2006 827 2067 consimiles
856 2007 1043 2079 consignatas
1071 2004 1109 2065 ad
1142 2013 1275 2080 posteros
1309 2006 1515 2066 transmisisse.
1569 2004 1634 2066 Hoc
1664 2025 1733 2067 vero
1771 2010 1797 2067 si

437 2095 536 2168 datur,
568 2095 597 2154 h.
622 2110 647 2153 e.
677 2096 702 2153 si
724 2093 827 2152 Lunae
855 2093 963 2169 phasea
992 2092 1248 2152 observationibus
1276 2101 1437 2152 ceterorum
1468 2093 1655 2171 aDionysio
1681 2095 1799 2155 luerunt

436 2186 633 2258 interspersae
655 2182 753 2256 adque
777 2181 839 2239 dies
861 2182 1004 2239 mensium
1028 2179 1221 2239 zodiacalium
1246 2179 1425 2257 adscriptae,
1445 2181 1508 2255 jam
1532 2183 1661 2240 omnium
1686 2182 1797 2242 dierum

436 2269 580 2330 certitudo
609 2271 637 2327 in
668 2268 828 2329 clarissimo
858 2268 967 2326 lumine
991 2277 1109 2327 versata
1140 2276 1218 2327 esset
1245 2284 1300 2327 nec
1329 2267 1421 2328 latere
1443 2267 1646 2344 Hipparchum
1671 2271 1798 2347 amplius

435 2360 591 2436 potuisset

524 2444 608 2503 hddc
625 2443 846 2502 observationes
862 2440 1009 2512 Mercurii,
1034 2458 1109 2516 qnae
1133 2450 1161 2500 ct
1184 2443 1265 2520 ipsae
1290 2441 1378 2501 talem
1394 2460 1519 2503 errorem
1535 2442 1698 2521 Hipparchi
1722 2447 1800 2506 circa

434 2542 546 2592 certum
575 2532 639 2608 ejus
673 2529 750 2589 diem
780 2533 809 2587 in
839 2547 915 2588 anuo
939 2529 1089 2605 Aegyptio
1112 2528 1284 2606 proderent,
1316 2530 1468 2605 quaelibet
1490 2533 1567 2590 enim
1590 2539 1634 2591 tot
1657 2531 1799 2609 gradibus

434 2623 491 2679 hoc
514 2621 578 2679 solo
602 2621 719 2677 nominc
750 2616 879 2675 discedet
902 2635 920 2675 a
942 2616 1044 2692 regula
1069 2615 1248 2685 calculandi,
1279 2627 1352 2692 quot
1383 2616 1487 2678 diebus
1510 2627 1636 2679 erratum
1658 2620 1745 2679 luerit
1769 2624 1798 2680 in

435 2710 657 2783 consignatione
690 2706 756 2763 diei.
803 2705 893 2780 Atqui
920 2707 945 2762 si
976 2704 1168 2763 adhibeamus
1199 2708 1496 2765 commemorationes
1523 2708 1636 2766 orbium
1660 2707 1799 2767 Mercurii

433 2795 600 2864 hodiernae,
618 2796 812 2869 exprimemus
828 2800 928 2851 nostro
945 2792 1058 2851 calculo
1075 2792 1296 2850 observationes
1312 2791 1378 2851 illas
1394 2793 1593 2870 Dionysiacos
1610 2797 1682 2855 satis
1696 2813 1797 2871 prope,

433 2900 490 2942 uec
518 2889 631 2941 tantum
662 2882 699 2939 ab
731 2882 766 2938 iis
798 2880 981 2953 aberramus,
1013 2888 1155 2955 quantum
1179 2879 1366 2955 Hipparchus
1400 2884 1429 2939 in
1460 2884 1661 2943 numeratione
1693 2883 1751 2943 diei
1779 2901 1799 2944 a

434 2970 530 3046 gradu
551 2968 629 3029 Solis
653 2967 803 3028 debuisset
826 2967 978 3035 aberrare,
1002 2969 1026 3024 si
1050 2973 1152 3026 nostra
1173 2967 1224 3025 illa
1242 2968 1371 3043 suspicio
1396 2967 1492 3027 locum
1516 2968 1637 3030 haberat
1660 2968 1695 3030 de
1719 2987 1798 3032 anno

433 3059 539 3118 lunari.

526 3146 654 3204 Dimisso
677 3144 766 3219 igitur
788 3158 865 3200 anuo
887 3141 983 3200 lunari
1004 3139 1131 3199 reditum
1160 3141 1266 3200 estad
1289 3141 1414 3202 solarem
1438 3145 1594 3220 tropicum,
1623 3146 1676 3205 ubi
1697 3164 1745 3208 me
1768 3154 1799 3208 et

435 3235 509 3293 haec
540 3234 661 3292 incessit
691 3231 833 3305 suspicio:
865 3245 931 3287 cum
962 3228 1044 3288 locus
1066 3227 1145 3286 Solis
1176 3235 1206 3287 et
1236 3246 1373 3289 numerus
1405 3229 1479 3303 diei,
1511 3230 1560 3290 illc
1583 3249 1601 3290 a
1625 3232 1798 3296 Ptolemaeo

436 3327 625 3398 computatus
648 3338 684 3379 ex
706 3317 816 3377 tabulis
839 3324 907 3393 post
921 3315 1069 3376 Christum
1093 3320 1275 3389 constructis,
1299 3319 1353 3376 iste
1376 3335 1394 3375 a
1416 3318 1560 3395 Dionysio
1576 3319 1798 3398 quadringentis

436 3412 522 3469 annis
547 3416 650 3481 antea,
674 3405 846 3483 plerumque
869 3405 1052 3481 conspirent,
1075 3422 1113 3461 au
1137 3405 1225 3480 igitur
1249 3403 1453 3480 Ptolemaeus,
1477 3413 1593 3484 arrepto
1616 3424 1755 3484 numero,
1779 3428 1799 3470 a

437 3514 498 3573 qno
522 3496 685 3571 Dionysius
715 3492 792 3553 diem
814 3494 923 3552 mensis
946 3490 1105 3551 zodiacalis
1129 3491 1343 3566 denominavit,
1378 3496 1462 3569 qnasi
1487 3496 1511 3553 is
1534 3512 1670 3555 numerus
1699 3496 1799 3558 locum

434 3585 516 3645 Solis
539 3585 569 3640 in
592 3584 677 3658 signo
701 3581 858 3654 indicaret,
891 3597 942 3655 per
972 3597 1056 3639 suam
1085 3578 1143 3638 loci
1166 3580 1244 3639 Solis
1277 3583 1526 3657 computationem
1557 3581 1688 3643 elicuerit
1720 3584 1798 3644 diem

436 3680 544 3731 certam
568 3672 636 3729 anni
661 3670 810 3745 Aegyptii.
855 3665 969 3741 Quodsi
991 3667 1049 3726 hoc
1073 3665 1122 3725 ille
1145 3666 1279 3739 iecisset,
1304 3669 1426 3728 verebar
1449 3686 1485 3728 ne
1509 3669 1669 3747 Dionysius
1694 3674 1798 3747 quinto

435 3759 536 3818 seculo
561 3760 695 3834 superius
718 3756 822 3815 solaris
846 3756 958 3813 itineris
982 3761 1150 3829 computum
1173 3754 1309 3813 habuerit
1331 3756 1431 3828 alium,
1456 3773 1549 3831 eaque
1566 3756 1602 3816 de
1616 3775 1706 3817 causa
1722 3759 1798 3818 Pto-

437 3847 568 3906 lemacns
591 3844 628 3903 dc
650 3851 748 3903 mente
765 3844 900 3918 Dionysii
925 3843 1105 3900 aberraverit
1129 3845 1156 3897 in
1181 3841 1332 3917 prodenda
1355 3841 1403 3903 dia
1427 3846 1535 3901 mensis
1550 3844 1700 3922 Aegyptii.
1738 3844 1798 3906 Hic

437 3941 470 3993 ut
493 3937 522 3990 in
547 3933 638 3992 hortis
662 3931 777 3990 Alcinoi
801 3925 888 4007 dygrq
910 3925 953 3988 ἐπ’
975 3925 1061 4006 ὄγχνῃ
1076 3949 1210 4006 yppuome.
1224 3931 1317 4005 μηλον
1332 3930 1358 3990 δ’
1374 3928 1420 3990 e'ru
1439 3933 1532 4005 μηλῳ,
1556 3933 1598 3989 sic
1621 3931 1690 3990 mihi
1713 3932 1799 3992 labor

437 4022 513 4081 alins
547 4020 665 4079 exalia
690 4012 786 4077 natus.
833 4015 1010 4091 compulsus
1040 4018 1116 4073 euim
1140 4033 1204 4073 sum
1236 4016 1318 4076 adire
1348 4016 1439 4075 libros
1462 4016 1604 4093 Scaligerl
1627 4017 1662 4077 dc
1686 4019 1797 4079 Emen-

438 4110 557 4168 datione
586 4107 763 4184 Tempornm
794 4106 875 4163 etin
900 4106 936 4161 iis
958 4103 1055 4162 locum
1079 4102 1176 4173 illum,
1210 4105 1260 4163 ubi
1283 4104 1346 4179 agit
1377 4104 1412 4165 dc
1436 4120 1513 4163 auno
1537 4105 1657 4164 coelesti
1680 4106 1799 4184 Diony·

437 4200 522 4255 siano
547 4196 642 4269 deque
664 4194 883 4269 parapegmatis
911 4207 1082 4265 graecarum
1113 4193 1276 4253 nationum.
1325 4192 1367 4250 hc
1398 4206 1464 4252 curn
1487 4192 1595 4251 habeat
1624 4200 1727 4252 auctor
1748 4193 1798 4253 ille

438 4287 467 4343 in
491 4300 571 4342 moro
593 4282 731 4358 positum,
756 4281 896 4339 continno
921 4279 1060 4337 orationis
1083 4277 1133 4335 filo
1157 4281 1278 4338 miscere
1295 4280 1412 4355 propria
1431 4278 1545 4354 judicia
1568 4296 1633 4338 cum
1650 4282 1696 4353 iis,
1721 4298 1798 4358 qnae

437 4390 473 4430 cx
497 4370 613 4429 idoneis
636 4369 720 4427 affert
742 4368 929 4440 auctoribus,
953 4383 1007 4425 nec
1031 4365 1147 4424 disertis
1170 4367 1280 4441 ubique
1305 4367 1401 4425 verbis
1423 4369 1498 4426 inter
1519 4370 1654 4443 proprias
1678 4371 1797 4445 opinio-

438 4475 491 4517 nes
515 4465 545 4516 et
568 4458 755 4531 antiquorum
779 4455 951 4514 traditiones
975 4453 1168 4526 distinguere:
1193 4471 1229 4512 oe
1253 4456 1341 4529 igitur
1364 4453 1483 4531 abipso
1501 4452 1658 4530 deciperet,
1683 4455 1798 4516 adeun·

439 4546 495 4605 dns
519 4556 549 4603 et
572 4543 714 4603 Geminus
738 4546 799 4620 ipsc
822 4544 886 4617 suit,
910 4550 1012 4601 auctor
1027 4540 1169 4616 Scaligeri
1190 4540 1447 4619 locupletissimus.
1494 4541 1534 4598 ht
1556 4557 1593 4600 ue
1616 4543 1798 4619 sicquidem

436 4633 621 4694 eximebatur
651 4630 722 4689 mihi
751 4633 897 4705 suspici03
930 4648 999 4687 nam
1028 4627 1170 4687 Geminus
1204 4637 1234 4688 et
1267 4632 1330 4706 ipsc
1362 4630 1505 4704 posterior
1536 4627 1708 4705 Hipparcho
1741 4630 1798 4689 luit

438 4721 606 4795 Christique
630 4720 810 4795 temporibus
833 4719 991 4793 proximus.
1037 4716 1084 4775 lta
1106 4715 1190 4774 labor
1212 4716 1259 4775 hic
1283 4717 1376 4775 omnis
1399 4717 1453 4774 luit
1475 4717 1579 4774 inanis.

531 4808 650 4865 Interim
675 4805 810 4878 allubirit,
834 4812 863 4865 et
885 4806 1051 4881 primaevas
1074 4802 1202 4878 epochas
1226 4805 1386 4879 exquirere,
1410 4811 1442 4861 nt
1457 4805 1570 4875 scirem,
1594 4820 1682 4877 quarn
1706 4819 1797 4880 prope

440 4893 576 4954 cardines
609 4893 677 4953 illae
710 4900 911 4966 versarentur,
942 4890 1228 4967 deprehensnmque,
1260 4894 1284 4949 si
1308 4899 1404 4948 motus
1433 4909 1452 4948 a
1482 4890 1567 4950 nobis
1596 4907 1648 4966 per
1669 4892 1798 4967 vestigia

438 4983 687 5042 Ptolemaicarum
716 4982 953 5040 observationum
989 4995 1078 5053 supra
1106 4976 1252 5055 descripta
1286 4976 1527 5054 progrederentur
1561 4975 1724 5053 aequaliter
1758 4976 1797 5037 ad

439 5072 525 5128 initia
548 5085 657 5140 rerum,
689 5068 728 5125 ad
760 5067 836 5127 diem
866 5083 971 5142 nempe
1001 5068 1147 5140 signatam
1181 5066 1349 5125 certissimis
1377 5063 1456 5124 Solis
1484 5074 1514 5123 et
1536 5064 1638 5123 Luuac
1668 5066 1797 5125 motibus

439 5173 602 5231 eorumque
625 5154 823 5215 cardinalibus
846 5155 974 5232 epochis,
998 5152 1125 5212 incidere
1149 5160 1260 5211 motum
1276 5151 1379 5211 Martis
1403 5152 1531 5213 medinm
1556 5146 1796 5233 in10⁰32‘63,

440 5242 591 5326 aphelium
620 5245 651 5303 in
678 5239 733 5305 12⁰
756 5244 809 5303 48¹
832 5245 874 5320 &3
907 5259 1008 5303 rernm
1036 5242 1124 5319 igitur
1153 5239 1250 5301 locum
1283 5247 1306 5313 ὅ
1340 5236 1563 5327 5¹12⁰7¹Qi
1596 5246 1626 5301 et
1648 5239 1797 5324 aphelium
