4459 6275
516 796 576 855 lar
1065 788 1205 861 Epitornes
1228 786 1416 846 Asuouomiae

514 971 603 1029 micas
627 971 822 1045 exprimamus
853 979 883 1030 et
911 970 949 1029 oh
980 969 1080 1030 oeulos
1103 985 1262 1046 ponamus,
1293 968 1331 1028 ad
1353 952 1675 1045 aoesndos'tmperitss
1697 974 1728 1027 et
1749 966 1871 1035 tirones,

515 1065 567 1114 aut
589 1055 626 1114 ad
643 1056 856 1116 sublevandum
879 1060 1105 1134 computationis
1119 1057 1259 1128 lahorem,
1283 1073 1343 1132 quo
1367 1058 1501 1117 incensu
1523 1063 1592 1115 suut
1614 1053 1776 1132 sphaera
1799 1070 1872 1110 ma·

516 1142 675 1202 terialis
708 1154 737 1203 et
765 1144 954 1204 theoriae:
983 1153 1035 1203 aut
1065 1144 1281 1206 oblectamenta
1302 1160 1441 1220 paramus
1463 1160 1515 1221 pro
1538 1142 1726 1220 magnatibus
1748 1149 1801 1200 aut
1824 1138 1873 1197 lo·

517 1230 691 1307 cupietihus,
715 1248 853 1307 quorsum
875 1231 1041 1291 conducunt
1063 1238 1214 1292 automata
1237 1229 1384 1305 coelestia,
1408 1230 1522 1291 coelum
1537 1232 1632 1307 ipsum
1655 1224 1873 1306 quadamtenus

515 1320 660 1377 imitantia
682 1329 763 1377 motu
786 1318 942 1378 artificioso
965 1321 1021 1378 sibi
1044 1315 1151 1393 indito,
1182 1320 1287 1395 quibus
1311 1319 1453 1379 interdum
1475 1328 1590 1394 praeter
1612 1315 1721 1376 nudam
1737 1314 1873 1376 delecta·

514 1406 622 1465 tionem
645 1423 700 1466 sua
721 1408 809 1466 etiam
832 1415 946 1466 constat
969 1408 1092 1476 utilitas,
1117 1407 1199 1466 coelo
1222 1409 1392 1483 praesertim
1415 1405 1531 1480 nubilu;
1554 1414 1606 1465 aut
1628 1420 1743 1464 rursum
1765 1402 1873 1463 obser·

414 1534 416 1539 -
516 1495 630 1553 ratoria
661 1492 812 1552 condimus
834 1497 1037 1567 instrumenta,
1068 1496 1161 1570 primo
1191 1492 1275 1554 dictis
1306 1501 1446 1570 cognata,
1475 1493 1527 1553 sed
1556 1509 1626 1551 usus
1653 1491 1821 1552 communis
1843 1498 1872 1548 et

513 1580 663 1657 popularis
692 1598 790 1640 eausa
835 1580 913 1640 Hinc
940 1581 1053 1640 infinita
1083 1582 1210 1640 vanetm
1234 1583 1487 1642 instrumentorum
1515 1589 1659 1651 estona,
1690 1577 1872 1639 certantibus

514 1666 689 1726 mechanicis
718 1684 857 1726 murrum
887 1668 1019 1728 sollertia
1048 1685 1114 1726 cunr
1136 1676 1349 1744 geometrarum
1372 1667 1668 1728 demonstrationibus
1692 1667 1871 1742 ingeniosis·

514 1756 604 1813 simis
651 1754 814 1831 Praecipua
835 1765 932 1815 tamen
963 1758 990 1813 in
1014 1754 1071 1815 hoc
1094 1758 1286 1830 conveniunt,
1318 1756 1484 1832 quodcum
1507 1763 1603 1814 motas
1626 1764 1656 1813 et
1677 1753 1871 1830 apparentiae

515 1841 658 1901 coelestes
680 1844 739 1900 siat
761 1843 940 1919 sphaericae,
965 1843 1152 1913 curvilinsae,
1176 1844 1261 1902 nobis
1286 1860 1353 1902 vero
1377 1851 1515 1902 terrarum
1538 1842 1641 1901 incolis
1659 1842 1812 1902 substrata
1833 1839 1873 1897 sit

514 1930 603 1989 iacies
626 1929 786 1987 horizontis
807 1929 906 2006 plana,
928 1932 1112 2006 parietesque
1135 1932 1193 1988 siut
1214 1930 1253 1989 ad
1275 1931 1339 2006 ejus
1363 1929 1600 2006 perpendiculum
1623 1934 1721 2000 erecti,
1745 1942 1871 2003 corpora

515 2016 651 2092 denique,
674 2017 899 2091 quaemanibus
915 2026 1082 2089 tractamus,
1105 2026 1157 2076 aut
1170 2018 1349 2094 planitiebus
1371 2021 1559 2077 terminentur
1574 2018 1671 2089 maris,
1694 2022 1747 2075 aut
1769 2015 1872 2073 mixtis

513 2103 618 2164 saltem
641 2120 678 2163 ca
698 2113 778 2162 recto
801 2113 831 2162 et
853 2121 956 2176 curvo,
984 2108 1175 2163 instrumenta
1197 2106 1285 2180 igitar
1306 2105 1392 2164 nobis
1414 2104 1465 2164 illa
1488 2112 1613 2163 tractata
1636 2101 1769 2163 iaclllnra
1791 2110 1871 2174 sunt,

519 2194 548 2250 iu
571 2190 677 2266 quibus
692 2208 812 2249 curram
835 2193 864 2248 in
880 2201 989 2250 recturn
1012 2201 1056 2251 est
1071 2193 1264 2265 immutatum,
1288 2193 1451 2267 cujusmodi
1467 2199 1536 2251 sunt
1558 2209 1574 2251 e
1589 2192 1735 2268 primariis
1751 2187 1872 2265 regulae

516 2277 615 2337 circuli
639 2276 832 2337 divisionibus
856 2279 1040 2355 exsculptae,
1071 2277 1260 2354 quadrata
1289 2280 1532 2354 geometrica
1559 2277 1670 2350 dictae,
1702 2276 1872 2336 astrola-

517 2366 596 2437 bia,
620 2373 650 2424 et
664 2375 782 2441 propter
795 2365 993 2425 aedificiorum
1006 2365 1112 2443 planos
1127 2368 1262 2443 parietes,
1286 2368 1497 2426 sciaterica
1507 2412 1516 2444 ,
1539 2368 1763 2425 instrumentum
1786 2380 1872 2423 usum

516 2453 650 2512 obtinens
677 2451 818 2513 latissime
848 2462 923 2512 terra
952 2455 1083 2528 marique
1106 2460 1272 2529 patentem,
1305 2469 1362 2528 quo
1392 2455 1441 2511 rix
1473 2470 1570 2512 carere
1593 2451 1720 2529 amplius
1743 2451 1872 2510 humans

516 2542 578 2599 rita
598 2545 704 2615 potest.

607 2626 690 2686 llaec
724 2626 836 2687 utilitas
873 2630 1029 2704 praecipue
1065 2627 1221 2687 famulatur
1252 2626 1450 2702 geographiae
1484 2636 1513 2686 ct
1545 2631 1587 2685 rei
1618 2627 1770 2699 nauticae,
1804 2626 1873 2702 qaia

517 2713 634 2773 chartae
656 2714 870 2791 geographicae
894 2715 1004 2775 habent
1027 2713 1151 2775 circulos
1174 2713 1315 2775 coelestes
1339 2716 1367 2771 in
1390 2714 1509 2790 planum
1532 2714 1688 2790 projectos.

607 2803 654 2860 ,td
684 2821 776 2877 qaam
804 2810 925 2876 partem
947 2806 1136 2877 potissimam
1168 2804 1300 2879 refertar
1322 2802 1438 2860 libellas
1469 2802 1545 2859 iate?
1576 2800 1665 2859 Nulla
1694 2806 1740 2859 est
1770 2798 1873 2857 harum

518 2892 647 2966 quinque
675 2892 818 2966 partiam,
850 2907 938 2964 quam
969 2906 1026 2948 uon
1057 2888 1167 2949 delibet
1197 2892 1253 2948 ista
1277 2890 1420 2965 llpitome.
1466 2888 1541 2947 Nam
1569 2888 1730 2947 summaria
1759 2887 1874 2946 ratione

515 2979 655 3053 percurrit
679 2978 849 3035 uanetutem
872 2978 1109 3052 apparentiarum
1133 2977 1310 3048 coelestium,
1334 2987 1364 3036 et
1386 2988 1417 3034 ιιι
1441 2992 1540 3035 samm
1563 2992 1671 3036 causae
1693 2971 1777 3034 reddi
1801 2990 1874 3052 pos·

516 3066 582 3133 sint,
607 3063 735 3140 explicat
758 3064 946 3142 hypotheses,
968 3066 1153 3141 potissimum
1177 3065 1338 3141 Gopernici,
1361 3063 1413 3122 sed
1436 3074 1466 3122 et
1488 3062 1637 3141 Tychuuis
1661 3061 1790 3131 llrahei,
1823 3078 1876 3138 per

516 3152 676 3227 figuraret
699 3154 890 3210 iustrumenta
911 3150 1027 3224 idonea,
1050 3153 1204 3231 sphaeram
1228 3160 1256 3212 ct
1279 3150 1423 3228 theorias;
1446 3150 1659 3228 disputationes
1682 3149 1825 3227 physicas
1846 3157 1875 3209 et

519 3238 736 3315 metaphysicas
759 3238 795 3297 de
819 3256 918 3297 earum
942 3241 1064 3299 veritate
1088 3241 1240 3310 interserit,
1265 3238 1364 3297 rnandi
1379 3240 1506 3297 universi
1530 3238 1624 3297 ideam
1645 3239 1814 3296 interiorem
1837 3236 1875 3296 ab

517 3325 620 3384 oculos
643 3328 733 3401 ponit,
757 3327 895 3384 temrinos
917 3330 1004 3400 artis,
1028 3325 1164 3397 circulos,
1188 3344 1281 3398 arcus,
1305 3325 1411 3397 lineas,
1435 3324 1579 3403 angulos,
1601 3326 1709 3401 quibus
1733 3322 1876 3382 utendum

518 3421 563 3472 est
585 3413 613 3469 in
637 3415 825 3480 astronomia,
849 3411 986 3472 describit
1008 3412 1183 3489 defirritqrre3
1207 3414 1366 3474 doctrinam
1383 3413 1418 3472 de
1440 3412 1601 3489 eclipsibus
1616 3411 1694 3471 Solis
1716 3421 1748 3470 et
1773 3411 1877 3470 Lunae

516 3500 614 3576 deque
646 3499 925 3575 configurationibus
953 3501 1136 3576 planetarum
1165 3504 1238 3560 inter
1265 3518 1297 3560 se
1320 3509 1349 3561 et
1376 3517 1441 3559 cunr
1472 3499 1664 3559 luminaribus
1697 3495 1744 3579 (in
1767 3499 1878 3573 quibua

516 3587 648 3647 etiicaeia
672 3589 803 3645 consistit
826 3586 1007 3665 planetarum
1036 3591 1065 3645 in
1095 3589 1168 3647 haec
1191 3585 1343 3665 interiora)
1371 3591 1521 3665 proponit;
1553 3588 1674 3646 loturam
1702 3586 1790 3646 docet
1814 3584 1878 3645 aal-

516 3675 589 3747 culi,
618 3690 678 3749 quo
708 3692 774 3733 cum
803 3674 922 3734 tabulae
946 3674 1165 3753 liudolplrinae,
1198 3684 1258 3734 tam
1281 3677 1336 3753 ipsi
1360 3674 1542 3750 planetarum
1564 3677 1640 3732 situs
1662 3676 1725 3732 siue
1756 3671 1877 3742 tabulis,

518 3762 598 3838 leges
622 3761 748 3836 denique
771 3761 1029 3821 construendorum
1053 3765 1307 3821 instrumentorum
1331 3771 1517 3839 computatae
1548 3771 1616 3820 sunt
1638 3770 1691 3820 aut
1713 3762 1878 3837 computari

520 3857 661 3926 possunt·

606 3935 687 4011 Quia
703 3938 797 4011 igitar
812 3937 934 3994 initiam
956 3934 1134 4011 faciendam
1148 3942 1189 3993 eat
1210 3937 1249 3993 ab
1265 3939 1463 4011 appareatr'ia,
1485 3936 1604 4011 explica
1618 3936 1719 4011 qualia
1733 3933 1879 3994 uideatur

518 4041 574 4080 esre
597 4022 739 4080 mandrae.
785 4022 944 4081 blundus
974 4023 1064 4099 vulgo
1087 4029 1220 4100 putatur,
1252 4023 1345 4081 oculis
1367 4024 1587 4099 praeeuntibus,
1619 4039 1684 4083 esse
1710 4021 1879 4082 aeditimum

519 4112 631 4184 ingens,
655 4109 769 4168 duabus
793 4111 952 4186 potissimis
974 4120 1110 4169 coristans
1134 4112 1273 4187 partibus,
1297 4110 1412 4169 t‘oclo
1436 4123 1465 4169 ct
1487 4112 1613 4169 Terra.

604 4196 652 4253 Dr
667 4195 776 4254 Terrae
789 4199 890 4272 ficara
907 4197 982 4272 quiri
994 4201 1129 4256 sentiant
1142 4198 1298 4256 homines?
1321 4198 1441 4256 Videtur
1455 4197 1502 4258 Tc
1512 4217 1524 4255 r
1533 4215 1571 4256 ra
1592 4197 1738 4256 latissima
1752 4195 1878 4274 planitie

520 4281 695 4341 circulariter
717 4300 866 4343 excurrare
890 4286 919 4340 in
943 4302 1042 4343 oannes
1064 4285 1167 4362 plagas
1191 4287 1266 4343 circa
1287 4294 1497 4359 spectatorem,
1528 4283 1606 4342 aride
1628 4283 1758 4342 Homero
1789 4280 1879 4359 seips·

520 4391 636 4444 arsapio,-
650 4393 714 4445 yma
738 4369 849 4431 dicitur.
895 4371 932 4428 Et
953 4372 991 4431 ab
1005 4372 1062 4430 hac
1084 4373 1204 4449 planitie
1227 4375 1256 4428 iu
1272 4372 1409 4431 circulum
1425 4372 1606 4432 latissimum
1630 4377 1802 4447 exporrecta
1824 4370 1878 4430 da·

522 4456 603 4514 linxit
632 4454 790 4533 appellatio
821 4457 933 4516 Orbis
965 4458 1182 4530 Terrarum,
1214 4469 1354 4534 usurpata
1384 4470 1443 4518 tam
1474 4463 1503 4518 in
1534 4459 1632 4518 Sacris
1663 4456 1756 4517 literis
1787 4474 1879 4534 quare

522 4543 599 4619 apud
623 4545 756 4601 nationes
778 4555 898 4604 ceteras.

612 4629 773 4705 (ὶιιοιιιιαηι
794 4640 908 4707 patant
923 4650 981 4691 ease
1003 4633 1083 4691 orbis
1103 4632 1213 4691 lhrrae
1236 4634 1463 4691 rneditrrllirsm?
1485 4631 1643 4706 Quaelibet
1657 4632 1748 4702 natio,
1771 4633 1796 4690 si
1821 4648 1880 4690 nou

523 4717 607 4776 luerit
639 4717 749 4776 imbuta
778 4719 857 4777 orbis
886 4721 1003 4792 notitia,
1037 4726 1158 4778 naturae
1183 4723 1323 4796 sistraque
1347 4721 1483 4779 instinctu
1507 4729 1609 4796 putat,
1639 4735 1723 4777 suam
1753 4722 1880 4793 patriam

522 4822 587 4864 esse
615 4806 644 4861 in
674 4815 773 4864 centro
801 4824 852 4865 serr
883 4807 979 4865 madio
1002 4805 1089 4882 bajus
1118 4804 1199 4882 plani
1221 4808 1328 4866 circuli.
1374 4806 1502 4867 Credunt
1526 4806 1555 4863 id
1578 4805 1675 4865 adhuc
1697 4803 1787 4865 hodie
1810 4806 1880 4864 sul·

522 4909 576 4962 gua
603 4889 799 4952 Judaeorum.
831 4892 1047 4970 lerosolymas,
1075 4896 1171 4967 gentis
1192 4911 1264 4954 suae
1286 4898 1437 4972 pristinam
1461 4896 1601 4973 patriam,
1631 4895 1717 4952 sitam
1750 4910 1817 4954 esse
1849 4895 1882 4951 in

523 4978 617 5038 medlo
641 4979 750 5037 mundi.

613 5065 656 5124 lle
680 5069 768 5141 aquia
800 5084 867 5125 cern
891 5067 965 5143 qaid
989 5067 1106 5125 ridetur
1129 5068 1323 5127 bominibus?
1354 5069 1431 5143 Quia
1454 5069 1619 5128 hominibus
1642 5085 1730 5145 quam
1755 5077 1882 5148 possunt

526 5153 693 5228 longissime
717 5151 807 5212 Tarra
829 5154 1082 5229 progredientibus
1099 5153 1215 5214 undem
1238 5157 1361 5214 occurrit
1377 5173 1513 5228 oceanus,
1537 5156 1605 5215 ideo
1629 5155 1749 5230 quidam
1763 5165 1882 5236 putant,

524 5239 644 5302 Terram
666 5242 758 5302 tmtar
779 5237 850 5302 dinei
875 5244 1005 5304 insama
1026 5243 1129 5320 aquis,
1156 5259 1250 5317 aquas
1272 5259 1342 5304 raro
1371 5243 1511 5305 matinen
1533 5253 1618 5320 parta
1640 5243 1779 5309 inludere
1803 5244 1884 5308 cosli
