4459 6275
437 501 497 561 liti
934 498 1076 569 Epitomes
1095 498 1284 557 Αιιιιιιοιιίιι

435 679 468 735 in
491 674 702 737 rotunditatem
724 676 917 753 comprimens
939 684 969 737 ot
990 671 1073 736 rotae
1094 693 1289 755 praeparans,
1312 674 1365 737 sed
1388 682 1434 738 est
1453 678 1605 755 paeonis,
1628 676 1791 753 cuodmua,

438 766 466 823 ln
491 779 550 823 una
573 763 706 842 qualibet
726 764 910 825 resolutione
932 762 1099 842 aequabilis
1120 780 1173 842 per
1193 771 1292 844 partes
1305 771 1343 827 et
1363 770 1516 841 comtant3
1537 762 1615 825 adeo
1637 774 1673 825 ut
1694 762 1791 827 dirar-

437 866 538 913 sarum
559 850 775 912 revolutionum
797 850 994 929 inaequalitas
1015 853 1066 912 vix
1090 860 1121 911 ιι
1141 868 1179 912 ne
1201 854 1252 911 via
1274 850 1393 929 quidem
1414 850 1611 913 animadverti
1632 852 1741 931 possit.

525 938 672 1016 Respecto
694 938 777 1015 globi
800 942 889 998 totius
912 946 941 999 ct
963 941 1089 1015 partium
1112 939 1206 999 iorma
1233 938 1298 1015 ejus
1320 946 1366 999 est
1393 940 1423 997 in
1445 937 1662 1000 orbicularibus
1684 940 1792 999 insua-

437 1028 552 1101 meatis,
576 1044 653 1103 quae
675 1025 829 1086 decurrunt
845 1030 873 1084 in
889 1028 980 1086 tornis
1003 1025 1231 1087 metallariorum
1246 1030 1275 1085 iu
1290 1025 1412 1087 eandem
1435 1028 1572 1087 continue
1585 1026 1720 1105 plagam,
1742 1042 1792 1089 nse

436 1112 522 1174 vaide
544 1113 689 1174 absimilis
712 1122 756 1173 est
778 1120 875 1173 motus
897 1116 927 1172 in
951 1113 1132 1186 turbinibus,
1160 1131 1235 1190 quoa
1256 1115 1339 1191 pueri
1361 1113 1499 1174 funiculis
1520 1130 1663 1175 ercumos
1685 1122 1791 1187 rotant,

436 1218 501 1261 cum
524 1201 645 1278 cuspide
668 1203 696 1259 in
719 1201 853 1277 planitiei
876 1208 986 1261 certum
1009 1209 1149 1278 peractum
1174 1203 1302 1279 impacti,
1325 1202 1421 1261 cidem
1439 1204 1631 1263 immorantur
1645 1204 1725 1263 inter
1745 1218 1793 1261 ro·

434 1288 554 1349 tandum
586 1288 667 1349 velut
698 1288 873 1349 immobiles.
920 1288 994 1348 Sunt
1027 1290 1104 1348 enim
1134 1288 1224 1365 globo
1247 1287 1374 1349 Telluris
1404 1289 1462 1349 duo
1494 1298 1605 1367 puncta
1634 1306 1673 1350 ex
1695 1304 1791 1367 oppe-

433 1378 497 1435 aitis
527 1376 590 1453 ejus
618 1376 767 1453 partibus,
799 1394 876 1452 quae
904 1377 1109 1436 mathematice
1140 1384 1237 1437 sumta
1258 1393 1317 1435 non
1348 1384 1515 1451 moventur,
1545 1376 1598 1437 sed
1621 1394 1675 1453 per
1697 1384 1789 1437 totam

436 1463 543 1523 Terrae
566 1463 748 1523 volutionem
779 1460 836 1523 sub
860 1463 975 1522 duobus
1006 1463 1079 1523 coeli
1103 1468 1219 1540 punctis
1242 1465 1385 1540 oppositis
1407 1467 1577 1541 quiescunt,
1604 1472 1640 1525 ut
1661 1470 1695 1525 et
1717 1464 1793 1525 linea

436 1559 611 1611 connectens
642 1554 699 1609 isin
730 1550 838 1611 Terrae
869 1560 978 1627 puncta
1005 1553 1080 1611 inter
1110 1567 1152 1610 se.
1204 1551 1307 1611 Partes
1334 1550 1497 1628 superficiei
1527 1552 1643 1612 vicinae
1676 1554 1792 1629 ponciis

433 1637 513 1699 bisce
537 1639 697 1699 volvuntur
719 1641 748 1697 in
771 1637 894 1698 circulos
916 1656 1027 1715 parvos
1050 1645 1080 1699 et
1102 1640 1145 1698 sic
1167 1639 1263 1712 tarde,
1290 1646 1388 1715 paries
1421 1640 1590 1699 remotiores
1614 1641 1644 1697 iu
1667 1638 1792 1701 circades

432 1726 559 1803 majores
583 1735 613 1787 ct
634 1728 677 1785 sic
701 1725 840 1800 celerius,
864 1733 962 1803 partes
985 1725 1050 1785 icco
1074 1728 1205 1803 praecise
1229 1724 1401 1785 intermedio
1424 1728 1453 1783 in
1477 1724 1618 1801 circulum
1632 1728 1793 1787 maximum

439 1820 468 1873 el
490 1817 532 1873 sic
554 1813 712 1873 celerrime.

523 1901 609 1978 Quae
623 1917 733 1959 causac
755 1908 782 1959 tc
803 1908 922 1976 coquat,
945 1900 1186 1959 inclinationem
1208 1902 1297 1958 niam
1318 1899 1446 1958 Telluris
1467 1900 1658 1977 aequabilem
1682 1908 1713 1961 ei
1732 1904 1793 1961 cir·

436 1990 571 2049 euiarem
595 1988 730 2063 poscere?
765 1988 952 2064 Experientia
982 1988 1222 2048 observationum
1253 1986 1433 2046 coelestium.
1489 1986 1624 2047 Braheus
1655 1988 1793 2049 utebatur

435 2076 564 2148 armillis,
588 2076 644 2135 boc
667 2081 713 2134 est
734 2076 849 2134 circulis
872 2075 1008 2152 perlectis
1030 2077 1073 2135 sic
1096 2074 1209 2150 erectis,
1235 2081 1266 2132 ut
1288 2075 1352 2132 axis
1373 2091 1474 2134 eorum
1496 2073 1536 2133 ad
1550 2092 1684 2151 unguem
1707 2091 1793 2155 anper

435 2164 524 2240 plana
552 2164 683 2239 ipsorum
711 2170 801 2222 staret
832 2171 959 2235 erectus,
995 2180 1047 2239 por
1080 2172 1179 2222 centra
1208 2160 1324 2221 illorum
1355 2162 1535 2238 trajiceretur
1566 2163 1658 2239 inque
1691 2162 1792 2241 polum

434 2249 532 2310 mundi
555 2250 736 2327 dirigeretur.
783 2250 875 2311 Linea
896 2251 1007 2323 visita,
1038 2250 1167 2310 incidens
1190 2250 1218 2307 in
1241 2248 1373 2325 aliquam
1395 2256 1504 2310 certam
1526 2248 1655 2319 stellam.
1679 2268 1788 2328 precs·

434 2338 523 2400 debet
544 2356 579 2397 ex
604 2354 662 2397 uno
684 2337 783 2414 aliquo
806 2347 915 2415 puncto
930 2338 1095 2413 gnomonis,
1120 2338 1267 2413 attingens
1282 2348 1443 2398 extremum
1467 2336 1599 2397 armillae
1620 2340 1792 2415 marginem.

432 2426 525 2504 Igitur
547 2424 702 2487 attendens
725 2425 762 2484 nd
785 2428 939 2485 transitum
961 2424 1064 2485 atellae
1088 2442 1139 2504 per
1161 2432 1273 2500 partem
1290 2442 1426 2501 magnam
1450 2426 1496 2484 sui
1512 2426 1661 2499 circuitus,
1686 2442 1791 2487 nume·

433 2532 496 2574 rare
523 2513 628 2573 solitus
661 2520 705 2573 est
735 2521 833 2590 partes
855 2512 1005 2585 armillae,
1039 2510 1114 2571 ultra
1145 2514 1260 2587 signum
1290 2512 1438 2572 immobile
1471 2510 1589 2572 volutas
1612 2530 1683 2573 cum
1704 2512 1792 2575 stella

435 2610 612 2674 transeunte,
636 2611 665 2660 et
688 2599 853 2660 adscribere
875 2601 965 2660 borae
988 2602 1133 2657 minutum
1155 2602 1302 2675 etiamque
1325 2600 1428 2658 minuti
1450 2606 1549 2676 paries
1572 2616 1610 2659 ex
1631 2602 1792 2661 automatis

435 2687 655 2766 clepsydrisque
678 2689 888 2765 praesentibus.
934 2688 1054 2762 Semper
1077 2688 1166 2763 igitur
1187 2686 1300 2745 minuta
1322 2688 1461 2764 temporis
1481 2686 1702 2763 respondebant
1723 2704 1792 2766 pro·

435 2778 568 2853 portione
592 2784 671 2835 certa
694 2778 850 2852 quantitati
876 2774 1040 2834 solutorum
1063 2790 1198 2851 arcuum,
1229 2790 1344 2848 semper
1368 2774 1505 2834 stellein
1527 2773 1635 2834 codem
1658 2774 1791 2837 armillas

347 2904 350 2911 ·
435 2865 568 2941 margine
589 2864 740 2923 circumire
769 2865 833 2922 visu
857 2870 918 2935 est,
950 2879 1098 2939 nunquam
1123 2860 1161 2920 ab
1184 2860 1236 2918 iiio
1259 2860 1408 2921 discedere
1431 2869 1608 2935 extrorsum,
1641 2879 1792 2942 nunquam

437 2958 503 3027 post
534 2950 616 3009 ilium
645 2948 794 3010 abscondi.
841 2948 1014 3033 ricqnabilis¹
1046 2950 1135 3025 igitur
1162 2957 1191 3007 et
1219 2946 1368 3007 circularis
1399 2956 1496 3008 motus
1525 2956 1571 3010 est
1592 2951 1683 3011 unica
1705 2950 1792 3029 bajus

436 3040 626 3115 apparentiae
651 3055 748 3097 causa

521 3124 704 3203 suffragatur
726 3132 754 3184 et
776 3124 860 3182 ratio.
907 3123 980 3183 Cum
1003 3125 1080 3183 enim
1103 3120 1198 3198 ligura
1219 3120 1327 3183 Terrae
1349 3124 1388 3183 sit
1407 3120 1571 3200 sphaerica,
1595 3132 1696 3186 motus
1720 3141 1791 3188 eon·

437 3212 597 3273 volutionis
620 3213 695 3273 aliua
719 3229 808 3289 quam
830 3210 977 3270 circularis
1001 3215 1077 3272 circa
1099 3227 1184 3270 axem
1207 3212 1234 3270 oi
1257 3228 1315 3269 non
1337 3209 1460 3287 pulcbre
1483 3221 1640 3288 competet.
1674 3213 1791 3276 Etcum

436 3303 500 3377 ipsa
522 3298 759 3376 sitandiquaque
781 3297 885 3371 solida,
909 3302 953 3357 sui
969 3298 1066 3375 piena,
1091 3301 1317 3375 necquicquam
1340 3301 1468 3358 exterius
1483 3308 1627 3372 occurrat,
1650 3299 1691 3359 ad
1712 3299 1791 3378 quod

438 3387 575 3462 otiendnt,
600 3387 724 3446 incultas
748 3389 835 3445 etiam
857 3387 921 3446 sive
937 3386 1071 3446 animalis
1093 3389 1157 3445 sive
1173 3386 1325 3463 naturalis,
1348 3386 1553 3445 turbinationis
1576 3387 1666 3464 bajus
1682 3401 1791 3462 ιιιιιοι,

441 3485 558 3551 propter
580 3477 789 3552 perennitatem
805 3490 861 3532 non
878 3474 968 3550 possit
985 3474 1045 3532 alin
1061 3474 1256 3533 verisimiliter
1270 3476 1368 3546 statui,
1393 3490 1480 3549 quam
1497 3481 1635 3534 constans
1651 3483 1683 3534 et
1698 3485 1792 3536 certas

438 3564 632 3639 proportionis
656 3579 772 3622 suarum
796 3562 899 3620 virium
923 3561 959 3620 ad
975 3565 1114 3620 materiae
1139 3563 1271 3620 inertiam
1295 3578 1346 3620 seu
1369 3561 1567 3620 retriteniinm:
1592 3565 1668 3622 ratio
1694 3565 1791 3642 ltaque

441 3649 521 3708 nulla
544 3652 677 3724 occurrit,
702 3658 870 3710 conmotus
894 3651 956 3726 ipse
980 3667 1037 3708 non
1061 3651 1099 3708 sit
1121 3649 1159 3708 ad
1182 3656 1285 3726 typum
1304 3665 1412 3708 causae
1435 3664 1506 3708 suae
1521 3649 1790 3726 aequabiliaaimua,

438 3737 534 3798 demto
558 3741 643 3798 ulrico
668 3754 810 3796 concursu
832 3753 986 3796 causarum
1009 3738 1170 3806 metricum,
1195 3735 1231 3796 de
1255 3753 1314 3811 quo
1337 3737 1367 3794 in
1391 3734 1522 3795 doctriua
1545 3737 1687 3798 theorica.
1721 3739 1791 3800 Nam

438 3825 484 3885 bic
506 3843 577 3887 sana
593 3842 752 3886 concursus
776 3823 813 3883 ad
829 3823 980 3883 modulum
997 3841 1068 3883 suae
1091 3825 1289 3900 proportionis
1305 3823 1485 3882 levissimam
1508 3823 1640 3900 aliquam
1656 3833 1792 3886 cauaatur

439 3915 678 3988 inaequalitatem
703 3912 793 3972 veluti
817 3928 868 3987 per
890 3909 1034 3969 occidens.

529 3999 621 4058 Racili
639 4000 715 4059 Solis
729 4001 940 4076 perforamen
956 4000 1081 4055 immissi
1104 4005 1229 4056 tremere
1243 4004 1414 4056 cernuntur
1435 4001 1469 4056 t'n
1483 3999 1679 4072 pauimento:
1700 4017 1792 4060 nuns-

441 4085 517 4162 quid
538 4087 570 4144 ni
586 4095 803 4162 arpumcnium
827 4093 867 4142 est
891 4084 1070 4160 trepidantis
1091 4093 1190 4144 enotua
1217 4085 1349 4144 Terrae?
1371 4085 1446 4158 Non,
1470 4093 1538 4143 sunt
1561 4087 1640 4145 enlm
1662 4089 1793 4151 ιιιιιιοιὶι

444 4174 531 4249 liujus
554 4191 660 4233 caueae
683 4173 773 4234 aliae:
798 4174 921 4248 primum
945 4166 1044 4230 radius
1068 4190 1102 4230 ιι
1127 4171 1187 4231 alto
1203 4172 1375 4250 derrrittitur,
1398 4182 1429 4231 at
1446 4175 1545 4232 omnia
1568 4173 1709 4236 inultum
1730 4193 1793 4236 sur·

441 4269 520 4320 reeta
542 4269 644 4322 nutant
669 4270 860 4331 attremant,
894 4259 1019 4336 impulso
1052 4262 1244 4319 antecessione
1266 4259 1340 4328 soii,
1372 4261 1490 4319 ilatibus
1513 4269 1685 4337 uentorum,
1717 4265 1793 4324 sonis

439 4351 527 4408 etiam
556 4358 584 4409 et
612 4365 687 4426 quae
719 4348 778 4406 alin
809 4347 912 4406 diurno
944 4357 1073 4422 tempore
1106 4347 1187 4405 barrit.
1232 4347 1347 4407 Deinde
1375 4346 1474 4405 radius
1505 4365 1557 4423 per
1587 4353 1685 4408 adrem
1714 4351 1792 4426 priua

439 4439 550 4508 transit,
574 4441 623 4495 air
646 4453 715 4496 vero
739 4436 1033 4494 miscetur-continue
1057 4444 1085 4495 et
1108 4445 1311 4495 inurerentanee
1334 4433 1441 4493 diversi
1464 4437 1579 4511 generis
1595 4435 1792 4497 eairalationl·

444 4525 512 4598 bus,
536 4525 705 4600 praesertim
729 4523 824 4582 calore
849 4520 925 4582 Solis
949 4522 1051 4581 diurno
1075 4525 1191 4582 excitis:
1220 4540 1272 4599 per
1295 4520 1361 4582 illas
1384 4523 1472 4598 igitur
1493 4520 1567 4582 radii
1591 4523 1793 4600 refringantur,

440 4612 651 4670 momentaneis
674 4612 761 4668 etiam
785 4609 1034 4670 undulntionibus.
1478 4601 1486 4616 '

528 4699 566 4756 ln
595 4699 680 4756 omni
708 4705 792 4755 motu
820 4698 1124 4760 lacedaemonem,
1154 4705 1278 4772 praeter·
1301 4695 1333 4754 iri
1354 4697 1436 4772 eputari
1464 4697 1563 4756 iocum
1583 4705 1724 4772 prammt
1745 4701 1792 4758 in·

440 4801 533 4860 super
554 4787 644 4842 eiiam
669 4783 757 4843 aliud
779 4783 897 4860 aliquid
918 4783 1027 4843 haltere
1049 4788 1198 4844 rationem
1223 4787 1413 4860 quiescentis,
1437 4787 1488 4842 cui
1509 4792 1609 4844 motus
1630 4789 1791 4860 innitatur,

442 4877 477 4930 ut
501 4873 534 4930 in
559 4879 646 4930 ietrno
667 4869 816 4946 cuspides,
846 4873 878 4929 in
901 4871 1021 4930 turbine
1043 4873 1201 4948 planities,
1225 4875 1257 4930 in
1284 4872 1386 4930 relatu
1409 4877 1474 4938 aii,
1497 4875 1531 4931 in
1546 4879 1660 4932 cantatu
1681 4873 1791 4946 undae,

443 4961 477 5018 in
499 4961 614 5018 incenu
644 4955 755 5018 rena.-
778 4975 900 5036 quacro,
924 4957 999 5036 quid
1021 4961 1053 5018 in
1076 4959 1133 5018 bac
1154 4959 1360 5020 cartenarium
1388 4959 1671 5020 innocentianae
1695 4963 1790 5042 quiet·
