4459 6275
433 783 497 845 520
682 784 687 795 ·
793 850 798 856 ⁵
940 748 1083 843 Epitomes
1099 769 1291 827 Asuonomias

432 975 506 1019 neus
538 956 612 1031 fixa,
647 955 801 1032 posteriori
832 969 951 1030 quoque
981 968 1058 1012 anuo
1090 950 1180 1012 distet
1211 952 1327 1030 longius
1350 969 1369 1012 a
1390 952 1536 1025 sectione,
1569 967 1624 1013 seu
1652 951 1785 1030 principio

433 1047 547 1107 zodiaci
570 1041 721 1104 mutabili..

522 1133 602 1206 Quid
623 1124 769 1206 transfert
782 1132 932 1201 sectiones,
954 1145 1008 1186 rea
1031 1126 1106 1203 qaid
1117 1127 1193 1203 feeit
1215 1127 1385 1202 eclipticam
1401 1127 1440 1187 ab
1463 1127 1788 1203 aequinoctialium

433 1221 504 1280 aliie
526 1228 554 1279 et
574 1221 644 1278 aliie
664 1216 808 1294 paneas?
838 1216 995 1276 Inclinatio
1025 1233 1077 1275 seu
1101 1214 1219 1274 reflexio
1241 1217 1304 1273 arie
1328 1214 1424 1287 illius,
1455 1216 1533 1273 eirca
1554 1225 1646 1291 quetn
1669 1216 1728 1274 sibi
1747 1216 1789 1273 in·

436 1309 525 1367 situm
553 1305 658 1383 globus
681 1304 808 1365 Telluris
838 1303 940 1363 diurno
963 1310 1044 1362 motu
1076 1300 1220 1377 volvitur,
1252 1310 1285 1360 ut
1311 1302 1374 1378 jam
1407 1301 1537 1378 allegato
1569 1300 1621 1363 iol.
1646 1304 1720 1362 273.
1743 1319 1789 1362 er·

433 1394 577 1473 plicatum
600 1400 653 1453 est.

537 1493 570 1547 ln
592 1492 732 1546 schemate
757 1490 894 1560 praesenti
921 1489 1019 1545 circulo
1039 1489 1110 1544 (iLD
1133 1489 1302 1559 intelligatur
1325 1507 1457 1561 expressa
1479 1507 1543 1561 pars
1568 1492 1619 1548 illa
1643 1493 1791 1562 superficiei

434 1572 563 1638 fixurum,
582 1585 652 1641 quae
671 1571 853 1626 communicat
871 1588 932 1625 curn
951 1585 1020 1624 zona
1038 1569 1143 1637 frigida.
1181 1569 1222 1624 Sit
1239 1569 1365 1624 nimirum
1382 1571 1462 1641 polus
1481 1571 1626 1641 ecliptieae
1646 1579 1719 1641 sept
1735 1572 1792 1626 Pto·

433 1652 538 1707 lenaeo
557 1651 592 1716 O,
615 1649 694 1706 nobis
715 1651 746 1705 P.
780 1651 859 1705 intus
883 1665 946 1703 vcro
972 1648 1000 1702 in
1023 1646 1160 1716 profundo
1187 1648 1320 1716 sphaerae
1344 1649 1468 1718 proxime
1491 1659 1618 1705 centrum
1641 1651 1681 1704 sit
1703 1649 1792 1716 globus

435 1729 545 1799 Terrae,
565 1728 644 1798 cnjus
663 1728 774 1785 dimidia
791 1743 855 1798 pars
874 1727 932 1782 exis
950 1725 1106 1797 porrigatur
1124 1741 1219 1781 sersus
1238 1734 1369 1795 punctum
1387 1726 1504 1782 lixarum
1521 1728 1546 1782 E
1565 1737 1691 1798 tenpore
1709 1729 1793 1785 Ptole·

434 1807 518 1878 masi,
542 1807 652 1865 residua
672 1824 737 1878 pars
756 1823 851 1863 sersus
870 1814 1001 1877 punctum
1025 1805 1156 1875 sphaerae
1180 1805 1334 1874 oppositum
1359 1807 1387 1860 in
1412 1822 1482 1860 zena
1506 1804 1631 1863 australi.
1669 1808 1794 1863 bisam

479 1912 481 1916 ν
698 1923 748 1973 ,m
763 1921 797 1967 ,a
1059 1899 1127 1950 ,sero
1150 1883 1234 1938 Terra
1256 1884 1380 1954 proxime
1411 1892 1533 1940 centrum
1559 1885 1712 1957 sphaerae,
1740 1889 1793 1943 axis

1065 1964 1167 2018 Terrae
1194 1980 1277 2032 super
1304 1965 1425 2034 eorporis
1457 1974 1550 2019 centro
1585 1963 1663 2020 relat
1689 1967 1793 2021 immoto

1063 2041 1146 2096 t'uerit
1164 2042 1324 2110 inclinatus,
1348 2050 1380 2096 ut
1403 2048 1467 2111 post
1485 2043 1676 2099 Ptolemaeum
1695 2044 1730 2099 ad
1747 2044 1795 2099 alia

1063 2129 1145 2191 atque
1171 2122 1225 2176 alia
1242 2128 1345 2192 puncta
1367 2121 1469 2176 circuli·
1479 2122 1512 2189 Ε,
1530 2122 1563 2190 F,
1582 2123 1621 2192 hl,
1640 2123 1795 2191 respiceret,

1063 2202 1228 2270 tandemque
1246 2209 1340 2256 nostra
1353 2208 1443 2256 aetate
1461 2206 1568 2269 spectet
1578 2201 1607 2255 in
1620 2208 1753 2270 punctum
1764 2201 1793 2256 li.

1062 2283 1125 2336 iam
1149 2296 1213 2336 vero
1235 2281 1283 2335 fol.
1312 2281 1369 2337 189.
1398 2280 1499 2336 dictum
1526 2286 1585 2348 est,
1612 2280 1714 2334 lineam
1740 2281 1794 2335 aris

1063 2361 1165 2415 Terrae
1190 2359 1390 2427 continuatam,
1414 2359 1461 2415 ubi
1483 2360 1511 2414 in
1535 2360 1606 2415 lixas
1629 2361 1741 2429 incidit,
1761 2360 1794 2415 ibi

1063 2440 1171 2508 signare
1189 2438 1281 2507 polum
1299 2439 1393 2493 mundi
1414 2454 1464 2493 seu
1481 2437 1625 2513 sphaerae.
1664 2439 1734 2495 Erat
1750 2439 1793 2509 igi·

1061 2525 1107 2571 tur
1127 2517 1190 2571 olim
1207 2517 1288 2586 polus
1307 2516 1439 2585 sphaerae
1453 2517 1527 2587 apud
1538 2516 1609 2572 fixas
1621 2517 1649 2572 Ε
1668 2526 1697 2574 et
1713 2528 1794 2574 trane·

1063 2596 1111 2650 ivit
1129 2609 1216 2663 usque
1233 2593 1269 2648 ad
1288 2595 1358 2649 fixas
1377 2596 1410 2649 F.
1445 2597 1528 2666 Atqui
1548 2597 1571 2652 ei
1585 2595 1608 2651 0
1620 2596 1705 2666 polus
1717 2597 1793 2667 sclip-

1062 2674 1142 2742 tieae,
1162 2674 1185 2727 E
1204 2673 1284 2744 polus
1303 2673 1404 2740 mundi,
1423 2675 1471 2729 OE
1482 2675 1600 2731 ebeulns
1619 2692 1736 2747 magnus
1748 2678 1794 2733 erit

1063 2752 1173 2807 colurus
1204 2753 1385 2808 solstitiorum
1416 2759 1538 2823 tempore
1568 2752 1739 2825 Ptolemaei,
1770 2770 1794 2815 ct

1063 2830 1109 2884 PF
1128 2839 1251 2901 tempore
1275 2839 1377 2887 nostro.
1415 2832 1491 2888 Sient
1508 2833 1591 2903 igitur
1612 2834 1697 2903 polus
1716 2843 1793 2892 retro

956 2908 962 2914 ’
1064 2910 1149 2965 cessit
1167 2910 1200 2963 ah
1220 2911 1243 2963 E
1263 2910 1290 2964 in
1309 2911 1345 2980 F,
1365 2911 1404 2965 sie
1423 2912 1502 2966 etiam
1521 2920 1624 2981 punctu
1643 2913 1793 2969 solstitialia

1064 2988 1090 3042 in
1110 2988 1234 3055 subjecta
1254 2990 1371 3058 sphaera
1388 3001 1613 3048 retrocesserunt.
1652 2994 1707 3051 Sed
1725 2994 1794 3049 celn-

1065 3084 1111 3121 rus
1130 3068 1364 3136 aequinoctiorum
1383 3078 1458 3125 secat
1477 3071 1603 3126 colurum
1620 3072 1794 3129 solstitiorum

1065 3148 1093 3201 in
1111 3147 1182 3215 polis
1207 3146 1299 3202 mundi
1319 3148 1353 3203 ad
1374 3150 1490 3220 angulos
1507 3159 1610 3207 rectos.
1646 3151 1719 3206 Olim
1736 3168 1811 3221 erqo·

1068 3227 1106 3281 El
1125 3227 1159 3281 ad
1179 3233 1269 3281 rectos
1287 3228 1338 3296 ipsi
1349 3229 1396 3281 EO
1416 3230 1469 3283 fuit
1486 3229 1596 3286 colurus
1614 3233 1795 3299 aequinoctio·

442 3330 510 3381 rum,
529 3319 556 3367 et
574 3310 655 3365 hodie
674 3317 715 3364 cst
733 3309 791 3377 FK,
810 3308 845 3363 ad
864 3316 953 3363 rectos
972 3309 1023 3378 ipsi
1045 3308 1098 3361 PF.
1136 3307 1221 3375 Igitur
1241 3314 1268 3360 et
1286 3309 1494 3375 aequinoctialia
1513 3318 1617 3378 puncta
1635 3325 1795 3368 retrocesse-

442 3399 513 3459 runt,
533 3391 600 3444 haec
619 3405 682 3442 sero
701 3394 765 3441 sunt
783 3388 916 3444 sectiones
935 3388 1076 3457 ecliptieee
1096 3396 1123 3442 et
1141 3388 1345 3454 aequinoctialis
1365 3397 1489 3448 mutuae,
1512 3390 1540 3444 in
1559 3407 1630 3458 quae
1651 3394 1795 3446 concinnari

442 3469 482 3522 EI
499 3468 607 3522 colurus
627 3473 654 3519 et
672 3465 719 3518 OG
739 3464 889 3520 latitudinis
909 3466 1025 3521 circulus
1044 3474 1219 3534 reuerterunt,
1245 3468 1283 3520 sir
1308 3466 1387 3520 etiarn
1406 3467 1454 3521 Fn‘
1475 3475 1501 3519 et
1521 3468 1585 3535 PH,
1612 3468 1652 3521 illi
1680 3479 1795 3539 tempore

444 3549 563 3616 antiquo,
583 3547 610 3599 hi
629 3553 751 3613 tempore
770 3553 871 3599 nostro.

530 3640 626 3713 Atqui
649 3655 712 3695 non
735 3637 801 3694 lieet
823 3640 857 3695 in
880 3638 1034 3713 hypothesi
1060 3637 1232 3713 Caperturi,
1262 3638 1372 3695 Terrae
1394 3645 1530 3695 centrum
1554 3658 1670 3713 ponere
1694 3645 1797 3698 inimo·

444 3727 501 3786 bile
530 3728 564 3783 ia
594 3731 695 3783 centro
725 3724 842 3782 mandi.
893 3726 1001 3784 Verum
1025 3733 1084 3783 est:
1117 3725 1194 3783 linea
1224 3728 1286 3783 axis
1310 3726 1431 3798 Terrae,
1462 3729 1633 3785 continuata
1667 3733 1796 3804 utrinque

443 3831 536 3889 usque
560 3811 596 3871 ad
620 3813 710 3884 fixae,
742 3813 938 3872 circumfertur
961 3830 1030 3872 earne
1055 3816 1130 3871 eirca
1151 3812 1248 3871 Solem
1273 3816 1301 3869 in
1326 3818 1383 3871 situ
1406 3813 1461 3870 sihi
1486 3816 1540 3888 ipsi
1563 3815 1726 3894 parallelo,
1749 3816 1796 3872 de·

443 3902 603 3977 scribitque
633 3901 767 3975 utrinque
792 3903 865 3960 inter
895 3901 968 3959 srrrrs
999 3901 1160 3972 orbiculos,
1196 3900 1334 3976 aequales
1359 3901 1421 3959 orbi
1452 3893 1557 3977 magno
1590 3905 1668 3961 eirea
1695 3903 1796 3968 Solem,

445 3988 547 4065 quales
578 3986 724 4045 orbiculos
755 3988 833 4064 apud
864 3989 903 4061 E,
935 3989 958 4046 F
991 3987 1072 4046 rides
1102 4007 1269 4063 expressos3
1305 3997 1333 4046 et
1364 3986 1480 4063 quaudo
1512 4007 1581 4065 pars=
1612 3989 1708 4049 lineae
1739 3995 1797 4048 asir

444 4074 680 4152 septentrionalis
716 4083 759 4132 est
796 4078 925 4151 proximo
963 4075 1063 4151 polum
1096 4076 1352 4151 septentrionalem
1385 4076 1426 4147 l',
1463 4084 1530 4132 tuuc
1568 4077 1701 4150 ejusdem
1735 4096 1797 4153 pars

445 4164 580 4222 australis
610 4170 654 4221 eet
683 4157 876 4222 remotissima
904 4186 921 4222 a
950 4164 1018 4239 polo
1051 4164 1188 4236 australi,
1221 4173 1249 4221 et
1282 4181 1333 4238 per
1364 4164 1648 4238 compensationem,
1685 4166 1797 4241 quando

445 4253 473 4307 in
497 4251 633 4327 opposita
655 4258 737 4324 parte
769 4254 836 4308 artui
861 4270 928 4326 pars
958 4250 1007 4309 illa
1030 4250 1197 4326 longissime
1227 4250 1361 4308 discessit
1384 4269 1401 4307 a
1424 4250 1464 4323 l',
1496 4268 1562 4325 pars
1589 4253 1644 4310 ista
1672 4257 1798 4328 proxime

445 4339 545 4413 polum
576 4336 733 4395 australem
764 4341 894 4396 accessit.
947 4339 1146 4396 Veruntamen
1176 4337 1204 4394 lri
1239 4338 1360 4396 orbiculi
1394 4337 1472 4413 apud
1507 4338 1544 4410 li,
1581 4340 1605 4396 l*
1641 4349 1702 4398 tam
1736 4351 1798 4398 sunt

446 4424 535 4482 eriles
569 4432 702 4499 respectu
735 4426 891 4484 immensae
923 4426 1044 4483 srxarurn
1076 4425 1290 4502 amplitudinis,
1321 4434 1353 4483 ut
1385 4428 1434 4483 vix
1457 4435 1583 4499 aequent
1608 4430 1798 4503 quinquagies

449 4511 632 4569 millesimam
663 4510 810 4585 diametri,
845 4513 911 4571 side
944 4514 1017 4572 libro
1049 4512 1100 4570 ll'.
1133 4512 1180 4571 iol.
1216 4516 1287 4571 334.
1334 4511 1430 4586 Quare
1460 4529 1559 4571 onnres
1592 4516 1640 4572 isti
1675 4518 1798 4573 orrrnium

447 4615 588 4657 annorum
612 4599 733 4657 orbiculi
756 4599 788 4673 li,
816 4601 851 4674 Ρ,
884 4604 1064 4660 correatcnati
1090 4604 1163 4658 inter
1192 4619 1240 4673 se,
1270 4617 1321 4675 pro
1345 4599 1452 4659 circulo
1476 4600 1599 4676 sirnpliei
1627 4602 1676 4661 131³
1680 4603 1709 4660 ll
1733 4621 1798 4680 pos·

446 4692 513 4744 srrnt
542 4685 657 4759 baberi,
688 4687 788 4763 estque
812 4688 939 4765 perinde,
964 4706 999 4747 ac
1021 4691 1044 4746 si
1068 4689 1175 4747 Terrae
1200 4696 1327 4746 centrum
1353 4691 1380 4744 in
1405 4688 1549 4763 ipsissimo
1579 4700 1679 4749 centro
1705 4690 1797 4749 rnrrnrli

448 4775 619 4849 ‹priceceret

540 4877 611 4934 Trea
633 4896 703 4951 erqo
726 4888 824 4938 neotus
847 4884 880 4938 in
903 4899 966 4939 uno
989 4881 1076 4953 plebe
1105 4880 1230 4937 Telluris
1253 4880 1380 4938 statuis?
1408 4880 1479 4939 Tres
1504 4884 1632 4951 omnmo,
1657 4887 1681 4940 si
1707 4885 1799 4940 omnia

448 4966 625 5037 excutimus,
659 4984 756 5023 verum
780 4967 846 5026 illos
877 4968 1017 5041 subjectis
1042 4968 1193 5025 distinctos
1217 4987 1274 5025 non
1298 4970 1393 5025 minus
1424 4987 1511 5042 quam
1534 4978 1674 5044 ternpore.
1723 4969 1799 5030 [nus

450 5060 494 5110 cst
510 5055 599 5112 centri
624 5056 699 5111 eirea
716 5053 812 5112 Solem
837 5073 959 5126 annuus,
985 5056 1020 5113 de
1045 5072 1102 5130 quo
1126 5055 1201 5113 libro
1226 5056 1283 5125 ll,
1308 5056 1382 5114 alter
1397 5067 1442 5114 ost
1465 5058 1528 5113 aris
1544 5059 1696 5116 inclinatio
1719 5076 1798 5117 seeu-

448 5138 517 5198 laris
533 5158 619 5216 super
636 5151 732 5200 centro
751 5146 887 5218 eorporis,
914 5142 1022 5219 dequo
1046 5144 1094 5201 lrie
1111 5146 1239 5220 aginnum
1259 5146 1360 5202 tertius
1379 5152 1423 5203 est
1438 5147 1565 5221 eorporis
1583 5144 1706 5207 diurnus
1728 5149 1800 5206 eirea
