4459 6275
894 786 1346 858 meermannianam
1732 794 1794 859 ,ει

437 985 524 1029 cassu
545 968 712 1030 medomm
733 967 992 1030 munemundus
1014 968 1199 1042 sensibiliter,
1221 967 1349 1029 latitudo
1368 985 1422 1030 sen
1445 967 1585 1030 distantia
1607 969 1646 1030 ab
1661 968 1797 1049 ecliptica

437 1061 539 1118 manet
567 1073 656 1133 quam
682 1059 814 1135 proxime
845 1056 948 1117 eadem
978 1056 1114 1116 omnibus
1135 1055 1251 1116 seculis.
1297 1055 1331 1133 3)
1353 1055 1530 1134 Progressus
1552 1074 1699 1136 apparens
1720 1058 1797 1119 dra·

436 1162 502 1203 unm
532 1140 700 1205 ”eundum
722 1142 935 1222 longitudinem
965 1146 1134 1221 acquetorie
1164 1145 1312 1204 iuvenitur
1339 1143 1505 1221 inaequalis
1527 1145 1652 1206 diversis
1672 1146 1796 1224 seculis3

435 1229 600 1293 secumdum
626 1231 793 1309 eclipticam
823 1246 994 1308 progressus
1024 1231 1265 1307 aequabilitatem
1292 1231 1381 1309 longe
1413 1231 1615 1309 periectlorem
1646 1234 1795 1295 observat.

438 1320 472 1396 i)
496 1316 587 1395 Quod
601 1326 691 1398 capnt
704 1327 750 1380 eet
763 1319 821 1379 lice
843 1319 926 1378 loco:
949 1320 975 1377 si
989 1318 1094 1379 stellae
1108 1318 1205 1379 habeo
1221 1321 1421 1380 assensionem
1442 1328 1553 1379 rectam
1568 1327 1599 1380 et
1621 1319 1798 1381 declinatio-

435 1423 521 1480 nem,
551 1414 647 1467 ortum
676 1405 795 1483 quidem
818 1406 883 1483 ejus
910 1422 999 1483 super
1020 1406 1201 1465 iroriaonteus
1223 1407 1385 1483 quemlibet
1407 1414 1576 1484 computare
1597 1424 1737 1486 possum,
1767 1416 1796 1469 ot

437 1510 577 1554 oceasum
598 1495 657 1555 snb
678 1493 771 1567 illum,
794 1501 826 1555 et
843 1492 973 1554 noudum
994 1496 1210 1570 apparitionem
1225 1493 1504 1560 et.occultationem
1519 1495 1575 1555 sub
1596 1495 1695 1557 radios
1708 1496 1796 1570 Solis,

438 1583 489 1658 qui
512 1582 570 1642 sub
592 1581 728 1660 seitpttoa
749 1579 874 1652 incedit,
897 1583 954 1640 nisi
977 1588 1007 1641 et
1028 1581 1110 1640 illum
1133 1580 1173 1640 ad
1195 1589 1384 1658 aequuatcrem
1405 1582 1542 1655 reieram,
1573 1583 1624 1642 ubi
1647 1584 1797 1660 quaelibet

436 1662 562 1747 positio'
577 1669 721 1746 sphaerae
748 1668 839 1729 habet
869 1667 980 1745 aliquid
1003 1669 1162 1746 peculiare.
1208 1669 1248 1728 dt
1270 1672 1295 1728 ei
1318 1669 1441 1730 fixorum
1463 1668 1529 1731 loca
1551 1686 1604 1747 por
1631 1671 1796 1749 eclipticum

438 1755 655 1831 describantur,
678 1760 807 1817 omnium
830 1757 1007 1816 vaticinium
1027 1772 1079 1833 per
1100 1758 1200 1816 vades
1221 1756 1365 1833 sphaerae
1386 1759 1551 1834 positiones
1572 1772 1676 1819 norma
1698 1766 1727 1819 et
1748 1776 1798 1819 re-

438 1844 512 1921 gula
534 1860 587 1922 per
608 1842 736 1905 medium
758 1843 874 1903 illerum
896 1842 1033 1905 incedens
1056 1845 1252 1904 constituitur.
1299 1845 1331 1923 i)
1362 1843 1549 1917 Planetarum
1573 1847 1661 1905 etium
1683 1852 1798 1906 cetoro-

437 1949 503 1991 rnm
524 1931 593 1992 loca
614 1938 755 2011 perpetuo
779 1933 821 1991 cis
843 1935 874 1991 et
894 1929 972 1990 ultre
993 1931 1159 2009 eclipticam
1184 1931 1353 1991 ordinantur
1376 1931 1588 2010 disceduntque
1616 1927 1681 1995 cum
1704 1934 1798 2010 ipsius

438 2017 593 2097 eclipticas
615 2019 744 2101 menius
764 2019 804 2079 ab
825 2024 1000 2094 sequutura..
1041 2017 1169 2096 Expedit
1182 2021 1279 2096 igitur,
1303 2023 1403 2080 omnia
1423 2019 1521 2081 sidera
1539 2019 1579 2080 ed
1601 2038 1690 2082 unam
1704 2020 1797 2098 eclip-

439 2108 530 2191 ticam
553 2104 688 2168 velutin
712 2122 894 2171 communem
917 2105 1048 2167 ordinem
1071 2105 1212 2183 redigere.
1320 2140 1323 2147 ·

720 2264 775 2325 lle
802 2263 1078 2326 coorientibus
1108 2262 1317 2343 eclipticas
1345 2265 1516 2342 punctis.

530 2404 688 2483 Quomodo
707 2406 818 2477 scitne,
850 2420 921 2462 oum
943 2422 1004 2480 quo
1025 2402 1129 2480 produ
1149 2403 1302 2479 eclipticus
1323 2403 1473 2479 question
1500 2404 1587 2465 stelio
1616 2407 1738 2466 osidius
1770 2411 1799 2465 et

410 2492 412 2505 '
439 2492 580 2556 occidui?
607 2489 805 2553 Praescieude
827 2498 872 2550 eet
894 2489 1018 2551 altitudo
1041 2491 1112 2567 poli,
1136 2489 1294 2552 declinatio
1316 2497 1347 2550 et
1367 2493 1502 2573 escensio
1524 2499 1604 2553 recta
1626 2492 1745 2564 stellae,
1769 2500 1799 2552 et

440 2599 492 2660 per
522 2579 597 2640 lraec
624 2597 660 2639 ex
687 2586 770 2658 parte
797 2577 927 2655 secunda
957 2577 1120 2639 differentia
1142 2576 1369 2648 ascensionalis,
1400 2594 1478 2654 quae
1500 2578 1602 2639 addita
1624 2578 1673 2640 uel
1694 2579 1799 2641 ablata

440 2670 478 2729 ab
500 2684 560 2727 ese.
583 2673 671 2741 recte,
694 2671 783 2744 prout
804 2663 1002 2727 meridionalis
1026 2664 1074 2726 vel
1095 2662 1334 2742 septentrionalis
1355 2665 1443 2725 suerit
1456 2664 1623 2737 declinatio,
1648 2668 1799 2726 constituit

439 2754 544 2816 stellae
567 2771 628 2817 uec.
652 2754 812 2830 obliquam.
857 2752 937 2813 Data
959 2750 1064 2813 stellae
1085 2770 1146 2816 aec.
1169 2752 1300 2830 obliqua,
1323 2751 1410 2812 iacile
1432 2753 1481 2813 vel
1504 2771 1539 2813 ex
1556 2752 1665 2813 tabulis
1689 2752 1737 2813 vel
1761 2773 1799 2815 ex

441 2843 574 2905 doctrine
595 2844 686 2920 partis
709 2840 855 2902 secundae
878 2840 964 2900 detur
985 2848 1127 2918 puuctum
1149 2840 1303 2917 ecliptisae
1326 2841 1459 2901 oooricus
1490 2857 1555 2902 cum
1578 2840 1634 2901 hac
1656 2858 1717 2902 eso.
1742 2841 1799 2903 ob·

439 2929 524 3008 liqna
545 2936 576 2990 et
598 2930 642 2991 sic
662 2930 751 2992 etiam
772 2946 840 2993 cum
863 2928 1015 3005 proposita
1036 2928 1139 3003 stella3
1169 2935 1223 2987 eut
1244 2929 1270 2988 si
1294 2926 1445 2990 descensio
1468 2935 1529 3004 est,
1554 2927 1799 2992 condescendens.

483 3087 536 3150 De
558 3086 853 3168 variationibus
875 3082 1210 3160 horinontnlibue,
1233 3082 1469 3148 retractione
1492 3093 1528 3148 et
1548 3084 1755 3165 perallexi.

529 3226 615 3306 Quid
634 3228 744 3288 cesidii
763 3226 852 3287 stellis
867 3225 1034 3287 orimtidus
1058 3226 1103 3284 oei
1124 3223 1349 3285 occidentibus?
1370 3225 1519 3286 Reirumio
1541 3224 1698 3297 radiorum,
1722 3241 1798 3303 quae

441 3317 469 3376 in
492 3318 560 3394 ipso
582 3322 647 3375 ortu
670 3313 836 3375 vedommu
859 3311 969 3375 attollit
987 3311 1084 3373 sidere
1107 3310 1158 3388 (ad
1180 3314 1415 3373 aestimationem
1439 3309 1531 3395 uisus)
1554 3315 1584 3373 iu
1600 3314 1708 3374 circulo
1731 3329 1799 3373 ver·

439 3404 520 3465 ticeli
543 3420 596 3480 per
619 3403 662 3462 30
684 3404 813 3475 minute,
843 3419 921 3480 queo
942 3417 1056 3460 summa
1079 3399 1211 3461 celeriter
1238 3398 1394 3475 decrescit,
1422 3399 1498 3461 sdeo
1525 3407 1559 3461 ut
1586 3402 1616 3459 in
1644 3399 1800 3484 altitudine

441 3494 481 3553 eo
504 3489 649 3570 graduum
671 3493 790 3567 peuitue
812 3496 979 3550 evanescat.

528 3577 613 3657 Qcid
632 3577 722 3656 efficit
734 3578 808 3637 liceo
822 3575 995 3636 deluderis
1008 3575 1153 3654 aspectio
1175 3577 1209 3633 in
1222 3577 1395 3636 cacennone
1410 3576 1535 3652 obliquo
1548 3584 1578 3635 et
1589 3576 1798 3647 declinatione,
1885 3604 1890 3619 ν

439 3670 471 3726 in
493 3664 686 3742 lonps'tudins
706 3673 735 3724 ei
755 3663 941 3724 iodiudinei
963 3662 1173 3723 decensionem
1197 3667 1226 3721 et
1245 3661 1458 3740 longitudinem
1480 3664 1510 3722 iu
1526 3670 1600 3735 ortu,
1624 3661 1799 3723 declinatio-

438 3771 505 3815 uem
520 3760 552 3814 et
572 3751 756 3813 latitudinem
771 3751 934 3813 meridunas
950 3753 1068 3824 minuit3
1092 3769 1107 3810 e
1125 3757 1227 3810 contra
1250 3749 1469 3810 descensionem
1493 3757 1523 3812 et
1540 3748 1754 3825 longitudinem
1769 3749 1800 3806 in
1856 3785 1859 3790 -

438 3858 556 3914 osseam
580 3838 803 3912 declinationem
825 3847 855 3899 et
868 3837 1055 3899 latitudinem
1076 3836 1319 3915 septentrionales
1339 3844 1438 3914 auget,
1461 3846 1492 3897 et
1512 3836 1670 3897 minuendo
1686 3834 1800 3895 distau-

438 3931 509 4004 tias,
541 3930 739 4004 inquantum
767 3934 864 3988 rectae
896 3924 1024 3985 suntad
1047 3925 1241 3996 horizontem,
1270 3926 1296 3983 ei
1325 3926 1413 3983 unius
1444 3923 1521 3984 fixae
1542 3924 1609 3983 loco
1632 3925 1741 3982 utimur
1766 3930 1801 3981 ut

437 4023 571 4080 certost
590 4016 748 4089 irrairactc,
771 4030 882 4075 mores
904 4013 998 4074 dicto's
1021 4014 1050 4070 iu
1074 4009 1218 4072 calculum
1242 4028 1279 4070 ex
1301 4009 1442 4071 distentis
1455 4013 1662 4071 concinnatum
1682 4011 1802 4085 ingerit.

527 4117 689 4197 anrnodo
710 4107 915 4194 computando
937 4117 1088 4190 discimus,
1114 4116 1441 4194 quondum-quoslibet
1462 4118 1607 4195 refractio
1629 4114 1802 4174 altitudinis

434 4209 552 4287 efficiet
571 4208 606 4266 in
628 4205 755 4282 ionp'tm
777 4213 806 4265 st
827 4206 935 4278 lotscm,
957 4212 994 4264 ui
1015 4205 1098 4265 coos
1118 4205 1220 4263 ciclico
1239 4219 1298 4280 per
1318 4205 1534 4282 reductionem
1557 4206 1682 4262 uinctos
1704 4204 1802 4262 corri-

433 4293 555 4372 poturi
583 4291 736 4353 Generalis
758 4291 914 4354 methodus
937 4298 982 4353 est
1002 4309 1055 4369 por
1079 4290 1158 4350 obli·

434 4379 621 4461 qnangnlum
648 4382 732 4460 primi
759 4386 856 4442 motus
879 4381 1047 4459 primarium
1069 4377 1157 4451 VPS,

433 4473 465 4530 in
489 4470 578 4547 cujus
599 4468 691 4529 latere
714 4466 780 4539 VS,
812 4484 880 4527 arou
903 4467 1069 4545 verticalis,
1101 4466 1159 4527 eli·

433 4566 524 4637 gatnr
546 4556 575 4617 ii
594 4557 712 4632 signum
740 4555 843 4629 altius,
870 4571 923 4631 pro
951 4553 1018 4615 loco
1048 4554 1158 4614 reiran-

412 4629 527 4707 'nouis
555 4642 659 4705 stellae
680 4641 711 4716 il,
734 4648 765 4702 et
787 4642 874 4702 ducto
897 4658 966 4701 areu
989 4641 1066 4703 exP
1087 4639 1158 4718 polo
1297 4559 1616 5006 a·

434 4751 489 4812 per
516 4733 545 4792 R
570 4732 819 4809 contiuustoqne,
847 4728 1006 4790 descendat
1034 4730 1064 4788 iu
1093 4744 1159 4788 earu
1290 4769 1298 4802 ,
1423 4672 1553 4936 s

435 4822 473 4883 si
490 4817 749 4898 perpendicularis.
791 4817 885 4895 Igitur
907 4819 937 4874 iu
960 4815 1043 4875 PVR
1064 4817 1159 4875 trian-

436 4907 509 4987 gnlo
524 4908 644 4984 cognite
664 4911 734 4966 sunt
747 4904 848 4965 lutera.
879 4903 955 4963 Nem
977 4902 1048 4962 data
1062 4919 1160 4979 quau·
1255 4629 1723 5160 Μ.

1439 4356 1489 4405 rie.
1505 4354 1539 4398 ii.

436 4999 523 5057 titate
538 4995 588 5055 Rs
610 4992 800 5066 reirectioui's,
824 4992 910 5052 detur
930 4997 960 5051 et
974 4990 1031 5048 VR
1045 4988 1159 5049 distau-

439 5085 482 5143 tie
502 5083 608 5146 stellae
630 5093 649 5141 e
672 5081 782 5140 vertice
804 5096 857 5141 scu
880 5080 944 5155 eius
960 5077 1160 5153 complemen-

440 5178 511 5244 tum,
533 5167 662 5231 latitudo
677 5165 741 5241 ΒΟ,
765 5169 813 5228 eui
834 5165 887 5227 illa
907 5165 1055 5243 quantitas
1077 5179 1160 5223 coru·

440 5261 527 5338 petit:
558 5276 596 5320 ex
627 5254 783 5318 altitudine
813 5272 884 5316 vero
912 5252 1085 5336 retractione
1112 5249 1161 5310 ai·'
1285 5249 1288 5254 '
