4459 6275
852 796 992 866 Excerpta
1010 792 1169 851 exTabulis
1180 791 1371 863 Radelphinis.
1528 824 1532 834 ·
1720 802 1781 863 ssi

433 976 599 1047 epocharum
617 979 643 1030 ct
660 979 782 1029 motarum
798 973 961 1038 mediomari,
985 978 1011 1026 ct
1034 972 1169 1041 morando
1193 971 1337 1042 colligendi
1353 972 1410 1027 aiat
1425 977 1515 1027 mnam
1531 971 1614 1027 medii
1631 987 1665 1028 aa
1681 972 1725 1028 tir
1741 979 1784 1028 ta·

433 1047 515 1113 bula,
533 1051 559 1100 et
576 1046 636 1100 loca
653 1045 822 1114 aaptdornm
840 1043 979 1097 mobilium
998 1042 1088 1097 media
1105 1042 1289 1112 assipaoodc,
1309 1045 1340 1092 ari
1358 1045 1425 1093 hunc
1442 1044 1544 1093 modum
1561 1046 1673 1093 instituit
1689 1046 1783 1107 Ropis-

433 1134 489 1169 rns:
518 1114 613 1170 Omnis
638 1114 720 1181 huJus
745 1112 885 1167 doctrinae
903 1112 971 1164 ratio
990 1111 1115 1166 consistit
1133 1113 1160 1165 in
1178 1111 1360 1180 descriptione
1378 1112 1496 1179 partium
1514 1111 1681 1181 singularum
1699 1113 1726 1164 iu
1744 1119 1785 1168 ta-

432 1195 515 1250 bulis.
552 1194 636 1248 Notet
653 1192 735 1260 igitur
753 1191 828 1245 initio
847 1191 1009 1257 cumulator,
1031 1191 1104 1245 aliud
1124 1207 1185 1247 essa
1201 1197 1300 1259 motus,
1319 1191 1393 1246 aliud
1411 1191 1529 1260 epochas
1548 1200 1678 1246 motuum,
1714 1193 1784 1247 Nam

433 1290 497 1329 snm
516 1273 604 1331 omnis
621 1278 710 1326 motus
729 1278 757 1326 et
774 1269 872 1332 locum,
891 1284 939 1325 seu
949 1270 1030 1338 spatii
1047 1269 1252 1338 longitudinem,
1271 1276 1299 1325 et
1316 1278 1424 1338 tempus
1440 1271 1569 1339 requirat,
1586 1286 1636 1324 nee.
1649 1272 1684 1325 sit
1697 1279 1786 1326 motus

434 1368 558 1421 unquam
578 1351 790 1418 sine-tempore,
816 1348 951 1416 sequitur,
972 1355 1004 1402 ut
1021 1349 1099 1402 initia
1118 1364 1226 1417 quoque
1245 1349 1390 1417 utriusque,
1404 1350 1444 1404 rei
1462 1350 1516 1405 sint
1534 1350 1690 1405 consociata
1710 1357 1738 1404 st
1756 1356 1787 1404 nt

433 1447 469 1486 ne
488 1431 629 1500 perceptio
647 1429 757 1499 quidem
775 1435 897 1482 motuum
915 1426 972 1480 ulla
989 1426 1076 1497 possit
1094 1443 1170 1496 esse,
1195 1428 1248 1482 nisi
1265 1429 1317 1483 hac
1334 1428 1471 1484 initiorum
1489 1428 1630 1496 utriusque
1647 1430 1687 1483 rei
1704 1444 1786 1496 copu-

433 1511 538 1567 latione
557 1510 591 1565 ob
610 1509 704 1564 oculos
722 1507 841 1562 adducta
859 1507 940 1575 inque
963 1505 1037 1560 clara
1060 1504 1122 1561 luce
1141 1506 1239 1574 posita
1274 1506 1352 1574 Quod
1374 1508 1457 1577 igitur
1473 1517 1604 1577 puuctum
1623 1524 1719 1564 cursus
1738 1524 1787 1563 seu

434 1589 525 1645 lineae
542 1586 682 1643 circularis
700 1586 795 1654 quovis
810 1585 940 1655 temporis
958 1591 1093 1638 momento
1113 1584 1202 1652 (cujus
1219 1603 1237 1640 a
1253 1587 1391 1655 praesenti
1408 1592 1530 1656 tempore
1548 1594 1614 1643 nota
1632 1593 1674 1640 est
1687 1584 1787 1639 distan-

435 1669 484 1736 tis)
509 1667 627 1722 obtinuit
650 1665 866 1735 unuiuscujusque
888 1664 996 1719 mobilis
1020 1663 1092 1718 linea
1109 1672 1200 1721 mouns
1217 1665 1311 1734 medii,
1334 1664 1362 1719 id
1381 1672 1511 1734 punctum
1530 1681 1627 1734 graece
1646 1664 1698 1720 dici
1717 1664 1788 1719 solet

436 1748 569 1817 temporis
588 1746 661 1801 illius
678 1762 726 1801 seu
745 1745 874 1799 momenti
892 1744 1031 1814 epocha,
1052 1744 1126 1812 quod
1143 1744 1227 1801 latine
1244 1751 1325 1799 sonet
1342 1744 1447 1809 locum,
1466 1743 1530 1813 quia
1548 1742 1686 1799 mobilium
1705 1741 1787 1796 linea·

436 1842 497 1880 rum
518 1825 656 1893 quaelibet
674 1824 701 1879 in
720 1824 858 1894 assignato
876 1825 1007 1893 temporis
1025 1830 1162 1879 momento
1186 1824 1275 1880 locum
1297 1825 1373 1879 illum
1393 1822 1487 1879 circuli
1506 1824 1549 1878 sni
1567 1823 1666 1880 dicitur
1681 1823 1788 1891 mazou,

438 1919 581 1974 campore.

542 1998 605 2054 Etsi
623 2013 686 2053 vero
704 1996 859 2053 differentes
879 2005 941 2053 sunt
953 1995 1093 2053 mobilium
1106 1998 1207 2069 circuli,
1225 1996 1372 2053 nechabet
1385 1997 1502 2053 cuculus
1515 1999 1621 2054 initium
1634 2016 1684 2055 nec
1698 2000 1788 2071 finem,

438 2078 602 2134 astronomis
619 2083 709 2133 tamen
729 2092 798 2146 opus
817 2077 868 2131 fnit
885 2077 1020 2145 positione
1039 2077 1188 2131 communis
1207 2077 1322 2146 alicujus
1341 2078 1460 2133 omnium
1478 2079 1639 2135 circulorum
1651 2082 1790 2151 principii,

439 2166 525 2224 utque
537 2162 628 2210 motus
641 2155 759 2209 omnium
772 2156 843 2210 inter
855 2170 885 2209 se
899 2156 1048 2224 comparari
1066 2164 1188 2225 possent.
1207 2156 1240 2211 ad
1253 2171 1337 2210 uuum
1349 2156 1467 2225 aliquem
1480 2157 1609 2213 circulum
1622 2174 1791 2215 communem

440 2235 522 2291 ceteri
549 2250 643 2290 omnes
666 2250 749 2289 cansa
771 2233 920 2289 communis
944 2234 1069 2302 principii
1092 2241 1121 2288 et
1138 2234 1278 2290 divisionis
1296 2234 1431 2291 referendi
1450 2236 1569 2293 fuerunt.
1606 2238 1691 2292 Porro
1710 2254 1790 2306 quem

443 2306 526 2366 alium
550 2313 711 2369 circulorum
736 2314 770 2368 ad
794 2314 846 2368 hoc
873 2329 943 2383 opus
968 2313 1109 2381 eligerent,
1133 2314 1185 2368 nisi
1210 2314 1341 2369 circulum
1366 2315 1495 2376 solarem,
1521 2322 1568 2384 qui
1592 2316 1790 2385 quodammodo

440 2390 496 2445 dux
516 2398 559 2445 est
577 2400 605 2446 at
623 2393 754 2447 formator
771 2400 893 2447 motuum
912 2392 1042 2455 omnium,
1065 2391 1111 2460 qui
1136 2393 1218 2446 etiam
1236 2393 1360 2463 signatur
1378 2412 1395 2449 a
1412 2394 1513 2450 circulo
1531 2396 1628 2450 Lunae
1646 2412 1726 2464 vago,
1752 2396 1791 2452 sic

441 2472 560 2526 ntLuna
578 2472 729 2527 huncssolis
747 2472 878 2527 cuculum
896 2471 978 2526 fixum
997 2471 1203 2526 excursionibus
1222 2473 1279 2527 suis
1300 2473 1334 2527 ad
1352 2475 1412 2542 ejus
1430 2482 1575 2543 utrumque
1592 2474 1664 2530 latus
1683 2490 1791 2532 succes·

441 2550 519 2604 sione
537 2565 669 2605 annorum
689 2553 721 2607 19
739 2551 912 2605 circumcirca
930 2550 1021 2618 stipet.
1052 2550 1176 2617 lienique
1194 2549 1267 2605 hunc
1285 2553 1415 2607 circulum
1428 2554 1497 2609 Solis
1515 2554 1681 2624 reliquorum
1699 2555 1792 2624 plane·

441 2635 531 2683 terum
555 2631 673 2684 omnium
697 2630 789 2685 circuli
808 2631 834 2684 in
854 2631 896 2683 sui
914 2630 1031 2684 medium
1049 2630 1198 2698 rccipiunt,
1222 2638 1254 2684 ut
1274 2631 1327 2701 ipsi
1344 2632 1429 2688 multo
1448 2633 1597 2701 majoribus
1615 2632 1650 2688 ad
1669 2648 1699 2689 se
1716 2634 1792 2703 ipsos

442 2707 565 2776 invicem,
585 2725 665 2776 quam
684 2708 719 2762 ad
736 2709 809 2763 huuc
827 2709 945 2764 medium
962 2709 1127 2763 inclinentur
1144 2708 1260 2778 angulis.
1737 2718 1745 2753 f

549 2786 640 2853 thue
664 2793 771 2840 constet
793 2787 917 2841 omnibns
941 2788 1120 2855 argumentis,
1152 2795 1322 2842 astronomos
1346 2789 1398 2844 hac
1422 2790 1450 2843 in
1476 2789 1610 2846 electione
1636 2806 1792 2859 supremum

442 2866 520 2921 illum
538 2873 659 2919 motuum
678 2866 796 2919 omnium
814 2873 1075 2934 contemperatorem
1094 2873 1122 2921 et
1140 2867 1316 2923 architectum
1335 2869 1447 2937 imitari,
1473 2885 1536 2925 ecce
1560 2879 1591 2925 ut
1614 2871 1642 2924 in
1661 2872 1794 2940 principio

443 2952 566 2999 motuum
585 2943 632 3001 (de
650 2946 703 3013 quo
723 2943 800 2999 nobis
818 2950 927 2998 constat
945 2961 978 2999 ex
998 2945 1094 3000 divinis
1113 2945 1232 3001 oraculis
1249 2945 1313 3000 inde
1331 2949 1437 3001 altinae
1454 2950 1593 3017 propheta
1609 2963 1659 3016 per
1675 2951 1793 3011 omnium

443 3024 633 3079 successiones
651 3029 772 3078 aetatum
789 3023 823 3077 ad
841 3039 891 3078 nos
910 3024 1043 3091 usquein
1062 3023 1178 3078 ecclesia
1197 3014 1337 3079 Catholica
1354 3026 1545 3094 conservatis),
1569 3034 1601 3081 ut
1620 3028 1649 3083 in
1666 3029 1731 3098 hoc,
1753 3032 1794 3085 in·

444 3118 536 3174 qnam,
555 3102 687 3171 principio
704 3108 827 3157 motuum
844 3118 1016 3171 nequaquam
1033 3104 1060 3158 in
1078 3120 1162 3158 unum
1181 3103 1275 3159 circuli
1294 3103 1391 3176 splenis
1407 3103 1480 3161 latus
1501 3107 1619 3161 omnium
1634 3110 1649 3163 5
1663 3124 1794 3166 excursus

443 3183 473 3236 in
497 3180 711 3250 septentrionem
735 3179 909 3246 deflexerint,
936 3182 985 3236 sed
1008 3184 1089 3251 plane
1113 3197 1202 3250 usque
1226 3182 1254 3237 in
1279 3184 1420 3252 oppositas
1446 3185 1541 3240 circuli
1559 3192 1652 3253 partes
1671 3186 1796 3256 dispositi

444 3262 560 3330 fuerint,
586 3261 696 3316 Saturni
718 3262 745 3315 in
764 3267 813 3330 sn,
839 3262 917 3316 Joris
937 3261 966 3315 in
984 3261 1031 3330 st,
1059 3261 1188 3315 Mercurii
1210 3260 1239 3315 in
1261 3262 1416 3330 oppositum
1436 3267 1481 3320 V:
1510 3278 1622 3318 necesse
1643 3264 1795 3335 igiturest,

444 3341 533 3410 ipsius
555 3339 666 3394 consilio
686 3341 820 3396 creatoris
843 3341 906 3395 huic
924 3340 995 3396 Solis
1014 3341 1158 3410 apparenti
1176 3340 1277 3395 circulo
1296 3355 1351 3395 non
1369 3341 1551 3396 secessionem
1570 3341 1687 3411 aliquam
1706 3341 1741 3398 ad
1757 3342 1796 3397 le·

443 3429 499 3487 tus,
518 3419 566 3474 sed
585 3420 693 3473 omnino
712 3419 902 3475 mediationem
921 3421 989 3474 situs
1007 3420 1079 3473 inter
1096 3427 1216 3485 ceteros,
1235 3420 1318 3474 etiam
1335 3419 1363 3472 iu
1381 3419 1561 3484 latitudinem,
1578 3417 1707 3477 tributam
1725 3437 1796 3478 esse.

550 3497 592 3551 nd
613 3497 745 3558 circulum
771 3498 852 3565 igitur
875 3498 945 3555 Solis
972 3505 1149 3567 apparentem
1178 3496 1228 3551 snb
1251 3496 1327 3564 fixis,
1355 3497 1401 3565 qui
1430 3513 1480 3567 per
1505 3498 1623 3554 medium
1648 3500 1795 3570 signorum,

445 3583 547 3640 ζωὸιων,
566 3576 664 3631 ductus
682 3578 821 3646 eclipticas
836 3593 933 3632 nomen
951 3576 985 3632 ab
1004 3576 1095 3632 officio
1114 3576 1231 3644 quodem
1249 3591 1299 3631 suo
1318 3575 1430 3630 sortitus
1450 3582 1500 3643 est,
1518 3576 1553 3630 ad
1575 3576 1656 3646 hunc,
1675 3579 1795 3648 inquam,

444 3674 507 3712 curn
533 3662 625 3709 essent
647 3653 781 3709 referendi
804 3655 975 3725 planetarum
994 3655 1113 3710 omnium
1132 3655 1226 3709 eiraldi
1245 3653 1295 3708 sub
1314 3652 1375 3707 fixis
1394 3661 1572 3724 apparentes:
1598 3673 1653 3709 nou
1673 3656 1797 3724 equidem

444 3734 519 3791 eliud
546 3733 663 3788 omnium
693 3734 854 3788 circulorum
878 3735 1039 3804 principium
1071 3735 1125 3788 luit
1148 3732 1318 3802 ponendum,
1345 3748 1425 3801 quam
1449 3732 1521 3800 quod
1544 3733 1631 3801 ipsius
1657 3735 1798 3803 eclipticas

444 3814 579 3884 principio
602 3813 629 3866 in
656 3813 768 3881 singulis
791 3815 982 3883 responderat,
1010 3815 1083 3880 quod
1107 3827 1146 3867 sc.
1171 3812 1335 3880 implexione
1353 3820 1443 3865 motus
1461 3811 1541 3879 primi
1559 3818 1588 3866 et
1605 3814 1797 3880 secrrndorum,

445 3893 520 3947 illius
544 3893 705 3962 communis,
731 3892 826 3946 horum
848 3892 1034 3962 propriorum,
1061 3890 1145 3946 veluti
1170 3889 1332 3945 naturaliter
1350 3889 1577 3960 constitueretur,
1605 3906 1643 3946 sc.
1668 3897 1796 3962 punctum

445 3970 621 4044 aequinoctii.

554 4071 614 4126 Etsi
641 4084 705 4124 vero
734 4066 898 4136 Cuperuicus
924 4071 1037 4135 propter
1063 4071 1221 4132 conceptam
1245 4063 1399 4131 opinionem
1424 4062 1575 4133 inaequalis
1599 4061 1798 4131 praecessionis
1847 4049 1852 4060 ¹

447 4151 683 4219 aequinoctiorum
700 4148 861 4217 principium
880 4144 1041 4200 circulorum
1059 4143 1183 4212 sequitur
1201 4143 1286 4212 aliud,
1311 4142 1385 4210 quod
1403 4157 1440 4196 sc.
1459 4142 1562 4210 primae
1584 4141 1681 4195 stellae
1699 4140 1798 4196 Arietis

445 4231 475 4284 iu
494 4229 617 4298 quolibet
635 4226 735 4283 circulo
754 4223 911 4293 respondet,
935 4232 1027 4292 ratus,
1046 4223 1249 4278 convenientius
1269 4235 1346 4287 csse,
1366 4227 1397 4274 ut
1414 4219 1575 4289 principium
1595 4218 1687 4273 circuli
1706 4219 1797 4272 obser·

447 4324 543 4365 vernus
561 4309 654 4375 fixum,
673 4322 690 4361 a
706 4322 760 4375 quo
779 4315 809 4358 ut
826 4313 916 4358 mutus
935 4304 1056 4372 plerique
1074 4319 1214 4371 prorsum,
1234 4301 1273 4355 sic
1291 4305 1382 4353 motus
1400 4300 1458 4366 ipse
1476 4305 1638 4366 punctorum
1656 4297 1799 4366 aequiuoc-

446 4389 555 4448 tielium
572 4387 652 4442 fleret
668 4392 831 4440 retrorsum:
857 4392 886 4437 at
903 4383 1056 4438 tabularum
1075 4384 1188 4436 istarum
1206 4380 1309 4449 primus
1331 4383 1439 4444 auctor,
1465 4375 1559 4445 Tyclro
1578 4375 1713 4432 Brahens,
1737 4389 1800 4428 cum

446 4466 672 4538 inaequalitatem
691 4463 888 4534 praecessionis
906 4470 1010 4519 tantam
1028 4469 1077 4515 aut
1095 4459 1306 4516 commentitiam
1319 4471 1379 4510 esse
1392 4454 1625 4523 deprehendisset,
1643 4458 1692 4507 aut
1703 4451 1800 4508 saltem

446 4549 591 4615 incertam,
610 4541 778 4600 redeundum
792 4541 842 4595 sibi
862 4541 967 4596 censuit
984 4540 1018 4595 ad
1036 4554 1137 4593 morem
1155 4535 1349 4593 Ptolemaicum
1368 4534 1506 4602 magisque
1526 4531 1685 4600 compendio
1703 4527 1801 4586 calculi

449 4626 582 4698 practico,
596 4638 674 4692 qnam
688 4619 909 4690 cointemplationi
921 4626 1032 4676 naturae
1043 4624 1164 4672 motuum
1175 4613 1346 4680 studendum,
1354 4609 1397 4679 nt,
1411 4611 1474 4664 dum
1486 4619 1576 4664 mutius
1589 4609 1622 4663 ab
1635 4609 1687 4663 hoc
1698 4613 1800 4677 puncto

447 4705 550 4761 initiali
575 4703 716 4772 eclipticas
739 4700 897 4769 retrogrado
922 4698 1004 4768 (quod
1030 4694 1235 4765 aequinoctialis
1252 4694 1355 4763 puncti,
1375 4707 1423 4746 seu
1440 4690 1567 4759 principii
1584 4688 1684 4743 Arietis
1703 4699 1800 4740 nomeu

449 4783 568 4849 obtinet)
587 4781 758 4841 deducimus,
783 4795 836 4833 una
855 4785 882 4831 et
901 4777 994 4831 eadem
1013 4789 1097 4844 opera
1115 4780 1216 4827 motum
1236 4782 1396 4839 utrumque,
1419 4777 1474 4824 tam
1493 4767 1587 4836 puncti
1605 4766 1799 4834 retrogradum,

450 4880 534 4934 qnnru
553 4861 681 4930 planctae
700 4857 839 4921 directum,
858 4854 933 4909 velut
951 4871 967 4908 a
985 4853 1039 4907 lixo
1058 4858 1161 4921 puncto
1180 4848 1346 4917 colligamus.
1377 4849 1431 4902 Per
1449 4847 1609 4915 principium
1627 4845 1711 4914 igitur
1723 4843 1799 4896 risic-

449 4943 497 5004 iis,
516 4945 646 5010 quirnctum
665 4933 862 5005 aequinoctiale
880 4949 928 4987 seu
947 4930 1156 4999 aequinoctium,
1176 4928 1284 4997 quaudo
1302 4928 1383 4982 medii
1402 4926 1568 4996 colliguntur
1585 4936 1682 4990 motus,
1701 4921 1800 4977 intelli·

452 5021 542 5090 girrus
569 5018 597 5072 in
619 5030 784 5084 unoquoquo
807 5012 906 5067 circulo
925 5010 1085 5081 planetaria,
1105 5009 1155 5063 sub
1173 5008 1235 5062 lixis
1252 5007 1411 5074 imaginato,
1435 5011 1565 5074 puuctum
1582 5004 1623 5070 id,
1648 4999 1800 5070 quodcum

453 5106 558 5168 puncto
583 5094 725 5163 eclipticas
749 5094 787 5148 sic
810 5092 982 5146 denominato
1006 5105 1091 5159 aeque
1114 5107 1131 5144 a
1153 5085 1288 5141 communi
1306 5086 1430 5139 lriuorum
1448 5083 1544 5136 horum
1561 5079 1753 5137 intersectione
1771 5078 1799 5130 in

453 5174 567 5232 eandem
586 5175 694 5244 plagam
711 5181 843 5228 remotum
862 5182 912 5228 ost.
948 5171 985 5226 Et
1003 5168 1036 5226 ab
1055 5167 1107 5222 hoc
1126 5173 1243 5236 puncto,
1271 5163 1310 5219 sic
1325 5163 1407 5232 jrrxta
1424 5164 1512 5232 ipsum
1531 5178 1622 5217 rerum
1639 5157 1801 5229 principium
