4459 6275
897 780 979 839 aron
997 780 1106 857 aare.
1142 779 1210 839 em
1228 779 1336 852 asna
1725 792 1787 852 son

432 964 489 1023 ists
510 981 570 1023 non
593 959 728 1041 congruit
750 965 904 1037 historiae,
935 963 987 1025 sed
1011 966 1146 1039 congruit
1167 963 1252 1040 cyclo
1274 963 1318 1021 illi
1342 963 1487 1023 artificiali
1510 963 1670 1024 seeundum
1691 967 1790 1042 posita

431 1049 508 1111 baec
531 1050 605 1111 duo:
630 1055 723 1130 primo
746 1053 824 1128 qnod
841 1052 973 1112 Christus
995 1053 1034 1109 sit
1056 1059 1143 1110 natus
1167 1054 1195 1108 in
1219 1052 1346 1111 solstitio
1363 1050 1495 1124 brumali,
1520 1051 1567 1111 die
1591 1042 1789 1113 20110000]-

431 1138 502 1208 bris,
526 1157 603 1215 qnae
627 1141 746 1199 traditio
770 1149 814 1200 est
838 1144 974 1215 antiqua,
1005 1138 1134 1197 secundo
1157 1138 1237 1214 quod
1260 1138 1430 1218 Zacharias,
1454 1146 1537 1216 pater
1558 1138 1684 1199 loannis
1707 1137 1790 1217 Bap-

432 1227 532 1300 tistae,
556 1227 605 1287 sel
627 1230 689 1304 ipsc
705 1229 835 1304 pontifex
849 1229 993 1287 maximus
1007 1224 1189 1285 ,ludaeorum
1214 1226 1261 1285 rel
1284 1226 1430 1302 pontificis
1452 1229 1589 1300 vicarius,
1614 1226 1719 1286 viderit
1735 1245 1790 1286 an·

431 1312 533 1389 gelam
556 1317 782 1375 annunciantem
804 1316 1026 1390 conceptionem
1041 1312 1168 1395 loannis
1183 1314 1344 1390 Baptistae,
1369 1331 1434 1374 cum
1457 1314 1521 1389 ipsa
1544 1317 1692 1389 ingressus
1713 1324 1791 1375 esset

431 1409 570 1461 sanctum
591 1411 759 1462 sanctorum
783 1402 830 1462 die
852 1403 1040 1479 expiationis,
1073 1416 1149 1476 quac
1172 1402 1288 1461 solebat
1310 1419 1374 1462 esse
1397 1400 1511 1461 decima
1533 1404 1641 1461 mensis
1664 1404 1790 1478 septimi,
1889 1450 1895 1462 .

432 1478 512 1547 'l'is'ri
535 1487 616 1548 dicti.
660 1489 748 1551 Hanc
769 1490 946 1568 hypothesin
970 1489 1005 1549 de
1027 1487 1187 1563 Zacharia,
1218 1490 1268 1564 qui
1291 1489 1346 1547 init
1373 1497 1510 1548 exserte
1534 1489 1626 1563 ania,
1657 1489 1790 1565 relinquo

432 1575 658 1639 examinandam
690 1577 854 1654 theologis,
883 1595 977 1636 rernm
1007 1574 1198 1635 ,ludaicarum
1229 1575 1308 1635 illius
1324 1579 1477 1653 ‚temporis
1504 1578 1613 1652 peritis.
1664 1576 1734 1636 dam
1764 1579 1790 1635 si

434 1662 571 1723 christus
601 1665 631 1722 in
661 1665 787 1725 solstitio
817 1663 941 1725 brumali
974 1664 1077 1735 uatus',
1108 1671 1154 1723 est
1184 1665 1274 1739 igitur
1296 1667 1490 1741 annunciatus
1513 1681 1619 1723 novem
1642 1664 1791 1723 mensibus

433 1759 505 1811 ante
534 1752 565 1808 in
593 1754 781 1827 aequinoctio
817 1768 916 1812 verno.
960 1751 996 1811 Id
1028 1767 1098 1810 vero
1127 1751 1252 1826 angelus
1274 1751 1432 1811 affirmarit
1454 1753 1544 1812 inisse
1567 1770 1619 1811 sex
1642 1753 1792 1812 mensibus

433 1847 506 1915 post
533 1841 755 1915 conceptionem
777 1839 917 1912 Joannis,
948 1838 1082 1898 doarrnes
1112 1855 1183 1913 ergo
1213 1841 1412 1898 annunciatus
1436 1848 1465 1899 et
1497 1849 1656 1916 conceptus
1686 1840 1741 1899 suit
1762 1841 1791 1897 in

433 1927 624 2001 aequinoctio
657 1927 834 1999 antumnali,
868 1930 943 1987 circa
976 1924 1239 2001 semptembris.
1284 1929 1325 1984 At
1351 1928 1545 1986 annunciatus
1575 1935 1618 1986 cst
1650 1926 1691 1986 X.
1715 1927 1791 1987 'Pieri

433 2028 490 2073 seu
512 2011 597 2072 Luna
618 2012 660 2071 X.
684 2016 792 2074 mensis
815 2016 931 2091 septimi
955 2033 972 2072 a
996 2013 1119 2086 vernali,
1143 2013 1302 2073 secondum
1325 2012 1500 2090 hypothesin
1522 2015 1692 2076 secundam.
1716 2014 1792 2074 Nui-

433 2099 484 2160 los
514 2116 582 2159 sero
612 2118 707 2161 annus
737 2100 810 2179 cycli
841 2102 931 2163 habet
958 2101 1073 2160 Lnnaru
1103 2099 1146 2159 X.
1174 2101 1222 2181 die
1254 2103 1304 2159 05.
1328 2101 1524 2178 Septembris,
1556 2119 1607 2162 sen
1633 2102 1745 2161 Lunam
1768 2101 1792 2163 l.

439 2188 491 2247 16.
507 2187 698 2264 Septembris,
721 2197 837 2265 praeter
859 2206 968 2250 annum
991 2186 1066 2266 cycli
1088 2191 1223 2264 primum,
1247 2190 1317 2266 qnia
1338 2206 1445 2248 aureos
1467 2189 1491 2250 Ι.
1515 2198 1574 2249 stat
1589 2189 1626 2249 ad
1652 2192 1701 2249 16.
1716 2190 1793 2266 Sep·

435 2274 572 2335 tembris:
601 2293 671 2352 ergo
694 2294 772 2337 anno
794 2278 888 2353 primo
912 2275 986 2354 cycli
1010 2284 1170 2352 conceptus
1193 2275 1342 2349 Joarrnes,
1374 2294 1451 2335 anna
1475 2294 1544 2353 ergo
1566 2277 1695 2337 secundo
1718 2271 1794 2354 cycli

435 2369 597 2438 conceptus
620 2372 650 2423 et
671 2370 759 2423 natus
782 2372 827 2423 est
842 2363 985 2434 Christus,
1008 2365 1111 2439 positis
1135 2365 1212 2422 veris
1236 2363 1303 2437 illis,
1326 2380 1403 2439 quae
1426 2365 1496 2426 dixi.
1541 2365 1588 2424 Ita
1602 2373 1703 2424 nostra
1725 2381 1794 2423 aera

435 2466 497 2509 non
521 2458 566 2508 est
588 2449 735 2523 historica,
759 2451 811 2511 sed
838 2450 998 2511 artificialis
1022 2458 1051 2510 et
1076 2449 1283 2527 hypothetica,
1315 2468 1426 2510 avere
1448 2468 1506 2510 non
1529 2453 1651 2511 nimiam
1673 2460 1795 2511 remota.
1900 2502 1903 2509 .

436 2536 477 2596 Et
497 2537 675 2610 notandum,
708 2539 791 2614 qnod¹
810 2538 898 2598 hodic
921 2555 974 2598 nos
998 2538 1078 2597 illam
1102 2538 1187 2599 aliter
1209 2535 1421 2614 intelligamus,
1453 2556 1540 2615 quarn
1575 2540 1612 2599 ab
1635 2539 1699 2615 ejus
1722 2556 1794 2599 auc·

437 2632 501 2683 tore
525 2641 626 2683 sumus
650 2626 738 2685 docti.
784 2624 838 2685 lile
860 2627 990 2703 ponebat
1005 2624 1151 2684 Christum
1175 2633 1347 2701 conceptum
1370 2626 1398 2683 in
1415 2628 1559 2703 principio
1582 2629 1649 2687 anni
1672 2626 1792 2686 secundi

436 2711 514 2789 eycli
537 2713 711 2789 incipientis,
737 2715 847 2790 quippe
870 2714 907 2774 ab
931 2711 1139 2789 aequinoctiali
1162 2712 1323 2786 novilunio,
1348 2721 1448 2772 natum
1471 2715 1500 2771 in
1525 2715 1626 2773 bruma
1650 2716 1794 2790 sequenti,

437 2797 559 2859 finiente
582 2816 659 2859 anno
683 2802 734 2860 40.
758 2800 897 2874 Juliano,
928 2801 1054 2877 ideoque
1085 2798 1155 2859 dicti
1177 2808 1245 2858 snrrt
1268 2799 1337 2860 olim
1360 2804 1429 2860 anui
1453 2818 1510 2860 non
1534 2805 1711 2874 nativitatis,
1742 2801 1794 2861 scd

438 2887 651 2947 incarnationis
674 2886 797 2962 Christi3
827 2897 858 2948 at
889 2905 942 2948 nos
972 2888 1060 2948 bodie
1091 2889 1244 2963 opinamur
1273 2886 1420 2947 Christum
1451 2896 1552 2948 natum
1582 2891 1683 2948 bruma
1710 2896 1796 2949 ante-

439 2974 577 3047 cedente,
602 2983 733 3036 currente
756 2975 853 3035 adhoc
876 2978 969 3051 primo
991 2993 1069 3035 auno
1092 2974 1183 3052 cycli,
1214 2984 1243 3034 et
1261 2975 1323 3051 Jam
1346 2976 1465 3036 finiente
1487 2993 1565 3036 anno
1589 2979 1640 3036 45.
1663 2974 1796 3050 Juliano,

439 3062 526 3121 nobis
549 3078 618 3136 ergo
641 3074 710 3122 sunt
732 3066 801 3122 autri
823 3081 842 3121 a
864 3066 1030 3123 nativitate.
1075 3061 1109 3121 ld
1131 3064 1250 3140 propius
1273 3062 1391 3140 quidem
1418 3071 1464 3123 est
1486 3065 1604 3124 veritati
1630 3063 1795 3140 historicae,

444 3150 564 3211 aberrat
586 3160 683 3211 tamen
707 3150 803 3211 adhoc
826 3159 856 3211 et
877 3152 915 3211 ab
940 3149 991 3210 illa
1013 3160 1043 3211 et
1064 3149 1151 3209 simul
1175 3168 1193 3209 a
1215 3151 1378 3212 rationibus
1399 3152 1487 3228 hujus
1511 3152 1597 3232 cycli.

651 3289 705 3348 Vl.
733 3291 784 3350 De
807 3288 1158 3366 coanuctionibus
1180 3289 1327 3364 magnis
1351 3296 1388 3348 et
1409 3290 1588 3349 maximis.

537 3410 620 3486 Quid
643 3415 812 3488 prosapiae
838 3420 948 3473 notatu
972 3412 1101 3487 dipsom
1126 3414 1260 3471 occurrit
1287 3413 1370 3470 cirea
1399 3414 1625 3483 conjunctiones
1650 3412 1797 3488 planetu-

442 3516 518 3559 ram
540 3501 621 3558 inter·
641 3516 671 3558 re
691 3501 887 3575 promiscas?
920 3500 1149 3576 Oonjunctiones
1172 3500 1258 3557 trium
1281 3500 1480 3575 superiorum,
1503 3517 1628 3577 magnae
1651 3508 1680 3560 et
1702 3503 1798 3561 mnri-

441 3603 510 3647 100
532 3585 638 3665 dictae.

539 3674 621 3749 Quid
640 3691 789 3751 magnum
811 3677 1054 3747 coniunctionem
1077 3671 1257 3748 appellunt?
1285 3671 1527 3747 Conjnnctionem
1550 3673 1668 3734 Saturni
1691 3681 1720 3735 et
1741 3673 1798 3734 Jo-

442 3762 499 3833 sls,
524 3778 600 3835 quae
621 3762 792 3839 plerumque
815 3772 876 3823 tem
900 3762 948 3821 diu
973 3761 1072 3833 durat,
1104 3759 1197 3819 donec
1220 3759 1342 3818 accedat
1363 3767 1393 3818 et
1416 3760 1512 3835 Mars,
1528 3755 1717 3839 ¹superiorum
1739 3770 1799 3821 ter-

441 3849 521 3921 tias,
553 3849 631 3924 qnod
655 3848 701 3908 vel
724 3852 850 3910 maxime
873 3846 1111 3926 conspiciendum
1135 3855 1179 3907 cst
1208 3846 1422 3923 spectaculum,
1453 3856 1511 3910 tres
1538 3866 1664 3927 magnae
1686 3848 1799 3924 stellae,

443 3933 602 4013 fulgentes,
626 3939 688 3996 sine
711 3936 928 4010 scintillatione,
951 3952 1010 3995 nno
1033 3936 1107 3995 coeli
1130 3934 1206 3993 loco.

541 4023 622 4097 Quid
648 4033 690 4084 est
716 4027 890 4098 conjrmctio
920 4023 1082 4083 monimo?
1111 4019 1237 4098 Quando
1268 4019 1335 4079 talis
1365 4023 1533 4098 conjunctio
1559 4025 1703 4101 contingit
1724 4026 1801 4084 eirea

441 4110 622 4188 principiam
645 4112 768 4184 zodiaci,
792 4129 851 4188 qno
875 4121 920 4172 est
942 4115 971 4170 in
995 4113 1102 4169 nostris
1125 4109 1208 4168 sonis
1230 4109 1403 4185 principium
1428 4111 1544 4171 Arietis.

541 4200 698 4272 Quantam
722 4201 761 4260 nb
784 4203 913 4259 invicem
936 4200 1052 4258 dietant
1073 4198 1164 4256 binae
1185 4202 1216 4255 et
1243 4195 1357 4266 binae?
1394 4196 1570 4274 conjunctio
1601 4215 1659 4257 una
1682 4195 1799 4257 Saturni

444 4292 476 4344 et
499 4281 588 4344 Jonis
611 4287 716 4360 media,
740 4305 792 4348 scu
815 4286 957 4348 linearum
980 4294 1078 4345 motus
1099 4285 1243 4360 annsque
1266 4282 1370 4356 rnedii,
1395 4284 1485 4360 distat
1507 4287 1545 4345 ab
1568 4285 1629 4347 alia
1650 4287 1734 4346 annis
1758 4286 1799 4344 00

443 4371 517 4446 lere,
540 4376 570 4431 in
592 4375 714 4435 zodiaco
731 4393 800 4435 vero
824 4377 928 4434 triente
943 4372 1043 4434 circuli
1066 4380 1151 4445 retro,
1176 4370 1384 4450 paulominus.
1431 4373 1478 4432 lta
1499 4374 1531 4432 iit
1553 4381 1585 4431 nt
1608 4379 1713 4449 quarta
1729 4374 1826 4432 con-⁸

440 4460 560 4538 junctio
583 4470 650 4537 post
673 4480 765 4524 annos
790 4463 830 4522 60
853 4470 969 4540 superet
991 4460 1089 4520 locum
1112 4457 1253 4525 initialem
1276 4475 1329 4534 per
1349 4459 1459 4534 gradus
1482 4462 1636 4522 9circiter.
1671 4459 1802 4520 Maxima

446 4549 537 4625 igitur
559 4548 590 4606 or
612 4559 680 4626 post
702 4568 794 4609 annos
817 4551 907 4625 paulo
931 4552 1026 4607 rninus
1050 4549 1122 4620 000,
1147 4547 1176 4606 10
1201 4554 1245 4605 est
1267 4554 1334 4621 post
1359 4549 1431 4606 794.

543 4637 698 4711 Quomodo
719 4638 868 4696 dividitur
889 4655 956 4697 nna
977 4636 1120 4712 periodus
1143 4638 1383 4708 octingentorum
1406 4635 1587 4694 annorum?
1620 4634 1653 4693 ln
1678 4644 1802 4712 quatuor

446 4723 633 4801 triplicitates
662 4743 713 4785 aen
744 4728 888 4801 trigonoe:
924 4727 1057 4800 igneam,
1081 4731 1221 4793 terreum,
1252 4724 1378 4794 a'e'riurn,
1408 4739 1553 4797 aqueum,
1583 4724 1716 4798 singulos
1739 4724 1802 4781 200

445 4829 600 4874 annorum.
645 4813 720 4872 Nam
749 4815 861 4891 primae
895 4814 933 4871 10
965 4811 1185 4886 conjunctiones
1216 4808 1289 4867 fiunt
1319 4810 1347 4865 in
1376 4811 1467 4884 signis
1489 4812 1593 4885 igneae
1616 4810 1802 4888 triplicitatis,

447 4901 561 4973 Ariete,
584 4899 755 4980 Sagittario,
779 4900 887 4969 Leone,
911 4907 942 4958 ut
966 4915 1043 4957 enno
1070 4899 1162 4970 1584,
1190 4898 1281 4966 1604,
1310 4897 1462 4958 1603010.
1487 4897 1651 4972 Sequentes
1677 4899 1715 4955 10
1731 4913 1803 4955 con·

446 4989 566 5063 tingunt
589 4989 617 5044 in
634 4991 734 5048 terreis
750 4990 851 5062 signis,
875 4987 982 5053 Tauro,
1007 4985 1193 5061 Capricorno,
1218 4982 1348 5058 Virgine.
1371 4982 1487 5043 Tertius
1511 4983 1645 5044 denarius
1661 4984 1803 5058 coniunc-

447 5077 562 5142 tionum
587 5076 757 5135 transfertur
771 5079 800 5133 in
823 5078 908 5149 signa
923 5075 1061 5149 contigua
1083 5074 1188 5146 trigoni
1204 5072 1285 5141 a'e'rii,
1309 5069 1458 5144 Geminos,
1480 5073 1651 5147 Aquarium,
1674 5069 1802 5130 Libram.

450 5160 579 5222 Ultimae
603 5160 702 5221 decom
726 5163 946 5236 coniunctiones
970 5161 1174 5236 disperguntur
1196 5176 1247 5235 per
1269 5159 1354 5234 signa
1371 5158 1547 5234 triplicitatis
1564 5176 1692 5235 aqueae,
1724 5158 1803 5217 Can·

448 5267 540 5324 marm,
564 5249 673 5324 Pisces,
697 5250 896 5327 Scorpionem.
940 5249 991 5310 Sic
1012 5264 1082 5325 ager
1104 5248 1161 5308 iste
1182 5246 1295 5306 zodiaci
1318 5246 1356 5305 ab
1381 5245 1436 5310 hoe
1459 5247 1551 5306 veluti
1570 5246 1645 5326 jugo
1668 5248 1804 5325 superio·
