4459 6275
437 776 502 849 m
938 767 1081 841 Epitomes
1098 769 1291 833 daemonias

438 948 485 1009 Do
508 947 639 1027 physicis
662 946 780 1024 quidem
811 947 934 1024 etquid
959 949 987 1004 ln
1008 965 1040 1007 re
1063 948 1130 1031 ipsa
1151 949 1235 1020 insit,
1265 948 1376 1007 dietum
1397 956 1442 1023 est
1471 947 1548 1008 libro
1571 948 1625 1009 tv.
1647 950 1696 1011 iol.
1716 952 1773 1011 lli

441 1036 476 1095 lu
498 1053 639 1114 praesens
661 1052 718 1094 non
744 1034 779 1095 de
803 1044 948 1112 apparatu
970 1035 1042 1093 reali
1065 1037 1174 1111 agitur,
1201 1035 1253 1095 sed
1277 1037 1449 1112 imaginatio
1471 1034 1643 1113 adjuratur.

525 1123 559 1183 In
582 1122 731 1182 schemate
754 1126 915 1199 praemisso
938 1122 1065 1197 fingatur
1085 1121 1207 1199 planum
1230 1121 1366 1199 aliquod,
1397 1140 1448 1199 per
1471 1122 1514 1197 A,
1544 1124 1699 1203 cpuneta
1716 1122 1774 1185 duc·

438 1218 517 1284 tum,
549 1208 700 1286 obliquum
730 1227 793 1269 esse
815 1209 854 1268 ad
876 1209 998 1285 planum
1020 1209 1184 1287 eclipticas,
1213 1228 1301 1286 super
1323 1209 1401 1270 linea
1427 1227 1479 1287 per
1503 1210 1649 1271 nodorum
1671 1211 1731 1273 loca
1755 1224 1775 1273 et

437 1298 539 1375 perd
567 1307 696 1357 centrum
720 1296 828 1357 Terrae
851 1296 955 1372 dueta,
987 1296 1096 1375 angulo
1128 1299 1273 1357 constanti
1298 1294 1341 1355 5⁰.
1386 1297 1420 1355 ln
1450 1297 1506 1357 boc
1536 1298 1627 1375 plano
1660 1301 1697 1359 sit
1715 1298 1776 1359 liner

437 1383 552 1444 11an
574 1382 754 1460 copularum,
779 1383 932 1461 designata
954 1386 1187 1461 porrectionem
1210 1384 1305 1460 plani,
1336 1401 1388 1461 per
1411 1394 1510 1444 centra
1533 1376 1615 1445 Solis
1637 1398 1667 1447 et
1688 1386 1776 1447 uena

438 1473 624 1542 nauseantis,
647 1471 684 1530 ad
707 1471 828 1548 planum
851 1472 1003 1549 ecliptieae
1031 1475 1111 1532 reati.
1157 1471 1252 1548 Super
1281 1471 1336 1530 hae
1358 1472 1438 1531 linea
1461 1471 1575 1532 chu
1607 1476 1670 1549 ipse
1691 1490 1777 1533 eoem·

438 1562 527 1621 tricus
549 1558 652 1618 Lunae
676 1557 789 1618 DLFM
812 1559 967 1619 inclinetur
989 1558 1026 1619 ad
1049 1558 1170 1636 planum
1193 1561 1273 1636 prius
1297 1557 1422 1631 dictum,
1448 1576 1508 1619 non
1531 1560 1653 1636 quidem
1674 1578 1776 1639 sempor.

436 1646 489 1707 sed
512 1645 626 1723 legibus
649 1648 849 1723 sequentibus.
893 1646 959 1706 Sint
974 1646 997 1720 l,
1021 1646 1050 1705 K
1065 1646 1132 1723 loca
1148 1646 1392 1722 quadraturarum
1414 1647 1470 1706 sub
1493 1646 1559 1706 linis
1574 1660 1736 1724 exeantque
1753 1665 1777 1707 a

437 1734 483 1793 luis
505 1736 622 1811 punctis
644 1734 788 1809 sphaerae
813 1733 934 1792 lixarum
958 1733 1016 1793 duo
1040 1752 1134 1807 arcus,
1158 1736 1228 1805 recti
1252 1734 1290 1794 ad
1313 1732 1433 1810 planum
1454 1735 1549 1811 primo
1572 1734 1695 1814 dietum,
1714 1744 1778 1795 uta·

437 1838 494 1898 quc
517 1831 616 1881 centro
642 1821 665 1879 s
690 1819 836 1896 descripti,
861 1822 985 1896 quilibet
1007 1838 1065 1880 non
1088 1820 1203 1899 longior
1229 1823 1269 1881 18
1293 1824 1412 1880 minutis
1435 1824 1463 1879 in
1488 1830 1647 1899 utramque
1667 1822 1777 1900 plagae„

437 1907 562 1983 Quando
593 1925 663 1985 ergo
693 1907 802 1966 limites
829 1907 994 1968 anomaliae
1023 1907 1139 1968 solutae
1161 1915 1230 1968 sunt
1257 1910 1286 1965 in
1315 1908 1393 1968 linea
1416 1907 1545 1983 ncnc,
1577 1916 1649 1969 tunc
1679 1908 1778 1987 planus

438 1997 562 2057 eceentri
587 1994 700 2055 DLFM
724 1996 841 2055 uniatur
863 1994 951 2072 plano
975 1998 1072 2072 priori,
1095 1998 1138 2055 sic
1159 2001 1192 2055 ut
1215 1994 1296 2055 nulla
1318 1994 1433 2054 illorum
1456 1998 1495 2054 sit
1518 1996 1672 2057 inclinatio
1687 2006 1778 2067 mutor,

436 2082 488 2143 sod
517 2081 703 2142 solummodo
735 2085 895 2164 eommunis
919 2086 1034 2159 utrique
1058 2082 1212 2143 inclinatio
1242 2081 1280 2142 ad
1306 2083 1426 2159 planum
1450 2083 1615 2160 ecliptieae.
1660 2085 1701 2145 At
1727 2102 1777 2145 sn·

436 2168 521 2230 limes
543 2169 675 2243 solutae,
709 2171 791 2231 uerbi
813 2188 903 2230 eausa
926 2171 1042 2243 boreus,
1066 2173 1169 2247 incipit
1190 2170 1228 2230 ab
1251 2169 1280 2227 H
1302 2172 1488 2246 oppositione
1520 2170 1673 2232 discedere
1694 2188 1778 2233 verr·

436 2256 466 2317 K
488 2257 644 2334 quadram,
677 2264 710 2315 ut
731 2259 756 2316 si
781 2258 880 2317 veniat
902 2258 931 2316 in
956 2258 1000 2331 D,
1033 2259 1109 2316 sicut
1132 2258 1272 2317 sehabet
1294 2258 1374 2315 sinus
1397 2258 1497 2331 anguli
1521 2258 1612 2316 lint)
1639 2258 1678 2317 nd
1701 2261 1777 2319 unu·

341 2386 345 2393 -
438 2346 539 2423 anguli
567 2347 637 2405 recti
660 2343 763 2417 uult,
797 2347 839 2404 sie
861 2346 949 2405 etiam
977 2362 1009 2404 se
1039 2345 1149 2404 hubent
1177 2347 1273 2421 portio
1303 2343 1468 2403 librationis
1495 2346 1525 2402 in
1556 2345 1679 2406 boream
1706 2348 1778 2423 ipsiu

436 2433 537 2493 limitis
559 2433 699 2493 menstrui
722 2431 751 2490 K
772 2431 811 2493 ad
833 2431 1017 2492 librationem
1048 2449 1100 2491 seu
1124 2430 1340 2491 inclinationem
1366 2431 1523 2508 planorum
1545 2433 1687 2505 totalem,
1717 2450 1778 2509 quse

437 2528 483 2582 est
519 2523 557 2579 18
588 2521 780 2594 minutorum,
815 2537 892 2595 quae
922 2519 1022 2579 totalis
1045 2518 1195 2581 inclinatio
1221 2518 1254 2577 lit
1277 2536 1312 2578 eo
1335 2536 1449 2592 mense,
1481 2536 1541 2596 quo
1564 2518 1652 2581 limes
1683 2521 1777 2581 solatae

438 2609 544 2669 boreus
575 2607 657 2666 venit
687 2608 715 2664 in
738 2606 792 2681 K,·
815 2606 911 2667 locum
935 2606 1064 2685 quadrae
1092 2623 1146 2667 seu
1167 2607 1289 2666 limitem
1312 2614 1502 2669 menstruum.
1548 2606 1618 2668 Hoc
1646 2606 1778 2685 pactolt

438 2704 470 2756 ut
492 2694 577 2755 limes
598 2693 715 2754 solutae
739 2697 844 2754 boreus
868 2705 1003 2770 assurgat
1025 2713 1044 2754 a
1066 2693 1155 2770 plano
1178 2695 1266 2771 priori
1291 2695 1320 2752 in
1343 2695 1462 2753 boream
1486 2697 1648 2771 tantisper,
1678 2696 1779 2755 dumis

435 2781 465 2842 K
488 2780 630 2859 quadram
652 2779 778 2855 ineidat,
802 2781 869 2841 inda
892 2782 1035 2859 paulatim
1058 2783 1162 2841 iterum
1185 2783 1287 2841 annuit
1310 2780 1346 2839 ad
1369 2780 1489 2859 planum
1505 2785 1598 2859 prius,
1622 2783 1779 2859 tandemque

436 2869 508 2929 inG
532 2871 653 2929 venicus
675 2870 705 2929 in
728 2871 825 2947 ipsum
848 2868 967 2947 planum
989 2868 1101 2930 recidit.
1147 2866 1205 2929 Ubi
1227 2870 1351 2945 primum
1374 2869 1422 2929 iric
1444 2868 1528 2929 limos
1550 2868 1670 2931 solutae
1692 2871 1778 2931 borres

434 2957 522 3019 luerit
551 2964 749 3034 transgressus
778 2966 917 3035 punctum
942 2956 970 3016 G
992 2974 1094 3016 versus
1117 2955 1145 3030 l,
1174 2956 1236 3033 jam
1259 2955 1459 3017 semicirculus
1481 2955 1571 3017 HllG
1602 2956 1636 3017 fit
1663 2966 1778 3035 respect

435 3044 600 3105 latitudinis
622 3055 788 3105 menstruae
812 3042 960 3118 australis,
985 3042 1058 3103 GIH
1081 3043 1221 3117 borealis,
1256 3051 1286 3102 et
1308 3043 1391 3104 limes
1414 3043 1530 3104 solutae
1553 3044 1662 3105 boreus
1685 3060 1777 3105 rursus

435 3133 466 3192 in
489 3133 608 3193 boream
632 3130 784 3208 attollitur,
809 3134 918 3211 quippo
942 3140 1034 3193 toturn
1058 3130 1179 3209 planum
1201 3133 1354 3192 eceentriei
1371 3129 1444 3191 Glll
1467 3134 1496 3191 in
1519 3150 1590 3194 areu
1604 3132 1688 3210 perl
1708 3132 1777 3193 dacto

436 3218 548 3281 tollitur
570 3221 599 3279 in
622 3221 743 3281 boream
765 3228 918 3299 totumque
941 3219 1030 3280 HKG
1054 3222 1083 3278 in
1106 3236 1176 3279 arcu
1200 3237 1252 3297 per
1274 3219 1303 3278 K
1325 3222 1466 3296 mergitur
1487 3222 1517 3278 iu
1541 3217 1730 3302 austrum.⁸⁸)

523 3319 600 3390 Quae
619 3326 659 3375 est
676 3319 817 3375 methodus
835 3320 1014 3390 computandi
1032 3318 1206 3374 librationem
1231 3335 1278 3374 reu
1300 3319 1506 3374 inclinationem
1532 3321 1630 3376 limitis
1648 3317 1777 3377 menaruil

697 3394 779 3442 Distat
799 3392 844 3442 Sol
863 3409 877 3441 a
896 3395 962 3442 nodo
999 3430 1006 3444 .
1045 3429 1051 3442 .
1143 3393 1190 3441 30υ
1360 3391 1466 3441 00100ο

696 3464 772 3513 Sinus
791 3463 967 3524 complementl
1002 3502 1007 3514 .
1047 3464 1168 3514 ,86603.
1359 3463 1514 3512 retenone.

698 3531 777 3582 Aufer
796 3533 917 3582 decimam
960 3569 967 3583 .
1004 3571 1010 3584 .
1047 3568 1053 3580 .
1089 3531 1399 3582 uacua—set
1436 3535 1532 3583 50000.

950 3621 1036 3668 Restat
1072 3623 1184 3671 statut.
1416 3625 1531 3672 450000.

827 3690 914 3752 Hujus
933 3689 1037 3752 duplum
1058 3693 1188 3742 1558854.
1419 3694 1532 3742 900000.

435 3833 555 3880 mmm
766 3759 882 3826 (abseetis
903 3761 919 3810 5
938 3760 1044 3827 ultimis)
1065 3764 1105 3811 15⁴
1125 3763 1177 3812 35”
1340 3760 1380 3813 rel
1409 3765 1433 3812 θ’
1457 3764 1492 3813 0”
1513 3769 1550 3810 ert
1563 3761 1693 3810 inclinatio
1707 3761 1776 3810 linitir

522 3919 602 3996 Quid
635 3922 772 3998 appeller
804 3922 953 3997 scrupula
987 3919 1182 3980 latitudinis?
1226 3918 1299 3979 Sunt
1336 3920 1417 3978 sinus
1448 3919 1725 3996 complementorum
1751 3914 1777 3974 td

435 4024 524 4068 anum
549 4006 595 4068 vel
620 4016 678 4068 tres
701 4009 878 4087 quadrantes
902 4008 949 4068 vel
974 4026 1147 4068 excessuum
1170 4025 1258 4086 snper
1280 4025 1370 4066 unum
1397 4006 1444 4067 vel
1469 4017 1526 4068 tres
1550 4008 1726 4084 quadrantes
1744 4005 1777 4062 di·

434 4099 561 4157 stantiae
584 4095 663 4156 Solis
686 4115 704 4156 a
727 4096 803 4156 nodo
827 4097 930 4156 Lunae
955 4096 1115 4168 evehente,
1139 4095 1249 4155 redacti
1275 4097 1303 4153 in
1327 4093 1463 4172 scrupula
1486 4099 1698 4168 astronomica,
1721 4110 1777 4170 qus·

433 4183 505 4244 lium
528 4187 609 4243 sinus
633 4193 711 4243 totus
723 4183 802 4244 valet
827 4187 886 4256 60¹,
910 4202 962 4243 seu
986 4193 1053 4243 sunt
1077 4184 1164 4260 tripla
1186 4185 1373 4261 sesquitertia
1388 4182 1488 4260 anguli
1506 4184 1703 4244 inclinationis
1717 4182 1777 4241 lini·

435 4280 496 4331 tum
522 4279 750 4346 menstruorum,
775 4275 803 4329 in
828 4271 959 4348 quolibet
983 4290 1082 4332 mense
1106 4271 1240 4331 tcelmico
1265 4274 1433 4330 constantis.

522 4361 602 4432 Quid
628 4367 669 4418 est
692 4368 910 4436 argumentum
938 4369 1130 4419 menstruum
1160 4358 1356 4418 latitudinis?
1402 4360 1453 4418 Est
1481 4357 1553 4417 nihil
1577 4358 1678 4432 aliud,
1708 4373 1775 4434 quen

435 4444 577 4507 distantia
600 4449 661 4507 veri
685 4455 714 4507 et
737 4446 864 4506 absoluti
887 4447 944 4506 loci
968 4448 1070 4507 Lunae
1095 4466 1113 4506 a
1138 4464 1207 4508 vero
1231 4445 1296 4506 looo
1320 4444 1407 4505 Solis.

522 4536 602 4609 Quid
624 4543 664 4594 est
685 4535 815 4594 latitudo
838 4535 947 4594 Lanae
970 4534 1151 4595 menstrua?
1196 4535 1247 4593 list
1269 4552 1354 4593 arcus
1378 4532 1477 4592 circuli
1500 4536 1601 4608 magni
1626 4535 1681 4592 sub
1705 4533 1776 4606 eclip-

435 4621 493 4678 tica
523 4620 673 4698 descripti,
706 4622 789 4697 cujus
818 4622 938 4698 planum
967 4626 1110 4683 transiens
1140 4640 1193 4700 per
1223 4631 1322 4682 centra
1350 4619 1477 4678 Telluris
1505 4631 1535 4680 et
1558 4620 1662 4681 errrae
1689 4624 1724 4680 sit
1748 4616 1775 4675 nl

434 4717 530 4767 rectos
554 4721 681 4769 ereetum
703 4711 931 4787 superplenum,
957 4714 1102 4771 constanti
1127 4710 1235 4786 angulo
1261 4710 1294 4768 5⁰
1317 4706 1487 4767 inclinatum
1507 4707 1545 4766 ad
1560 4708 1681 4784 planum
1703 4707 1775 4780 eclip-

435 4798 520 4870 ticae,
543 4798 721 4874 interceptus
745 4801 819 4857 inter
841 4798 896 4858 hoc
922 4798 1041 4876 planum
1065 4802 1267 4858 continuatum
1291 4806 1320 4855 et
1343 4797 1417 4854 inter
1433 4796 1531 4854 locum
1547 4798 1638 4855 centri
1654 4797 1772 4871 corporis.

522 4885 677 4960 Quomodo
700 4885 919 4962 computatur?
962 4886 1209 4963 llultiplieatioue
1225 4882 1427 4961 scrupulorum
1449 4880 1616 4942 latitudinis
1631 4897 1774 4944 menstruo·

434 4991 496 5032 rum
532 4974 561 5030 in
601 4971 819 5033 inclinationem
852 4973 966 5047 limitis,
1008 4983 1180 5051 argumento
1221 4970 1384 5032 latitudiuis
1418 4980 1568 5030 menstruo
1605 4980 1725 5048 excepto
1748 4983 1773 5026 er

433 5079 532 5121 mense
555 5061 650 5138 pleno.

521 5167 602 5241 Quid
632 5170 825 5242 consequitur
855 5164 934 5225 lrane
965 5168 1201 5241 suppositionem
1222 5165 1395 5240 geminatae
1418 5163 1593 5224 latitudinis
1623 5167 1654 5221 in
1677 5169 1770 5222 maan

433 5254 608 5316 nodorran?
652 5254 748 5317 Verus
770 5253 866 5315 nodus
887 5271 941 5316 seu
964 5256 1131 5316 intersectio
1162 5254 1255 5330 ipsius
1277 5253 1391 5316 orbitae
1419 5270 1484 5316 oum
1506 5250 1646 5334 ecliptica
1673 5252 1771 5314 100001
