4459 6275
861 765 1002 823 Praefatio
1020 771 1050 822 st
1065 757 1217 836 Epistulae.
1656 768 1718 831 ccl

362 945 441 1006 tibus
463 944 540 1021 aliis,
563 961 600 1006 ox
622 944 731 1021 quihus
752 943 891 1005 coalescit
913 945 990 1005 inter
1012 943 1111 1022 pluras
1134 940 1258 1021 aliquod
1280 950 1400 1003 senatos
1426 943 1600 1004 consultum.
1644 941 1721 1002 Nam

361 1034 505 1110 professio
527 1040 580 1093 ant
606 1032 771 1109 linguarum
800 1038 853 1091 ant
873 1033 1039 1092 matheseos
1066 1032 1120 1091 tibi
1151 1033 1305 1106 convenit;
1335 1030 1532 1108 theologicam
1561 1048 1620 1090 non
1648 1039 1721 1110 puto

362 1129 392 1180 te
413 1122 534 1195 ambire,
559 1127 592 1180 ιιι
613 1121 678 1196 eJus
700 1120 867 1179 interventu
889 1120 1038 1197 adapteris
1060 1121 1090 1177 in
1113 1118 1144 1177 id
1167 1119 1340 1194 collegium:
1364 1136 1431 1178 nam
1454 1121 1479 1177 si
1495 1127 1525 1178 te
1547 1120 1622 1178 beno
1639 1120 1721 1193 novi,

362 1224 421 1267 nou
444 1208 574 1268 arrident
595 1208 647 1266 tibi
671 1209 791 1283 negotia
814 1209 841 1267 ei
864 1207 998 1267 facultati
1022 1207 1213 1267 obvenientia
1235 1209 1264 1264 in
1282 1204 1418 1282 collegio.
1464 1205 1534 1265 Jam
1556 1204 1721 1283 lingnamm

360 1294 504 1373 professio
527 1295 652 1355 babetur
674 1296 848 1368 accessoria,
871 1311 924 1355 nec
947 1303 1036 1373 puto,
1059 1311 1189 1370 unquam
1212 1297 1349 1368 cuiquam
1372 1294 1436 1368 ejus
1459 1301 1593 1371 respectu
1615 1294 1721 1369 majus,

362 1399 452 1460 quam
475 1384 543 1457 tibi,
575 1382 676 1442 datum
698 1381 847 1441 salarium.
893 1382 1070 1457 Plerumque
1094 1384 1121 1440 ci
1144 1380 1319 1459 professioni
1342 1381 1537 1441 incubuerunt
1558 1389 1610 1440 aut
1631 1398 1723 1458 pecu·

363 1473 439 1530 niori
463 1478 515 1530 ant
537 1468 576 1528 ad
598 1469 660 1529 alia
681 1471 853 1546 aspirantes,
877 1470 985 1544 quibus
1007 1485 1153 1528 morarum
1177 1469 1252 1527 alias
1274 1470 1505 1528 necessariamm
1526 1468 1600 1528 haec
1621 1469 1722 1528 salarii

362 1559 494 1618 accessio
522 1565 585 1617 erat
615 1557 733 1617 solatio.
778 1555 905 1617 Senatus
932 1559 1020 1631 igitur
1048 1555 1158 1615 difficili
1188 1555 1245 1614 hoc
1267 1562 1414 1633 tempora,
1447 1563 1520 1614 raris
1548 1555 1719 1615 academiae

367 1646 490 1719 civibus,
513 1646 618 1704 accisis
632 1645 834 1721 proventibus,
857 1644 1022 1722 exemplum
1045 1645 1075 1701 in
1099 1652 1144 1716 te,
1168 1641 1247 1718 qnod
1271 1644 1300 1699 in
1322 1641 1418 1719 legem
1441 1642 1628 1715 abeat,·non
1651 1659 1722 1704 oeu-

360 1733 421 1791 snit
443 1730 639 1792 statuendum.
685 1730 772 1807 Quod
794 1748 864 1792 vero
887 1731 1054 1790 matheseos
1076 1733 1182 1814 attinet
1203 1729 1423 1807 professionem,
1450 1746 1507 1788 uon
1531 1731 1585 1790 tibi
1608 1730 1669 1803 hic,
1693 1734 1719 1789 si

362 1820 401 1879 ab
424 1819 488 1896 ejus
510 1819 652 1896 petitione
675 1818 815 1895 depulsus
831 1836 872 1894 es,
896 1817 1083 1890 contumelia,
1107 1817 1159 1877 sed
1175 1819 1253 1876 senis
1276 1819 1448 1890 (noradini),
1472 1819 1522 1893 qui
1546 1819 1650 1877 unicos
1664 1816 1722 1877 hoc
1847 1844 1852 1853 ·

331 1965 338 1971 .
362 1916 493 1984 tempore
515 1914 599 1983 pater
620 1906 745 1966 habetur
767 1908 858 1966 totius
881 1905 990 1965 ordinis
1012 1903 1182 1978 academici,
1205 1904 1269 1980 ejus
1292 1907 1413 1980 inquam
1435 1908 1528 1978 votis,
1559 1921 1618 1963 non
1639 1905 1721 1980 longi

361 2002 396 2053 nt
417 2000 517 2054 rentur
538 1995 677 2070 temporis
699 1996 794 2070 gratia
817 2001 861 2053 est
882 1992 977 2068 faota;
1012 1994 1061 2069 qui
1085 1994 1109 2050 si
1132 1993 1260 2068 penitus
1279 1993 1368 2050 animi
1392 2007 1479 2051 sensa
1501 1998 1632 2068 promat,
1661 2009 1722 2053 non

363 2082 399 2141 da
422 2098 477 2140 suo
500 2079 548 2139 vel
570 2080 723 2140 commodo
747 2081 795 2141 vel
818 2081 936 2153 honore,
961 2079 1012 2140 sed
1038 2079 1074 2140 de
1097 2121 1179 2139 ....
1202 2081 1388 2138 successione
1402 2081 1521 2152 satagit.
1563 2078 1649 2138 Haec
1668 2080 1721 2139 tibi

362 2169 505 2244 cogitatio
527 2170 635 2245 poterit
657 2184 722 2227 esso
743 2168 860 2227 solatio.
906 2166 1008 2226 Altera
1030 2183 1130 2241 causa,
1155 2184 1231 2242 qnae
1254 2168 1283 2223 iu
1306 2174 1335 2226 te
1358 2183 1473 2225 omnem
1489 2182 1577 2242 super
1598 2174 1720 2242 accepto
1804 2227 1807 2232 ,

362 2255 492 2315 ludibrio
514 2263 608 2315 ortam
622 2257 712 2314 animi
734 2256 983 2331 perturbationem
1005 2256 1122 2330 penitus
1147 2256 1300 2331 opprimat,
1321 2255 1442 2327 estista,
1465 2253 1554 2329 qnod,
1577 2253 1721 2330 siquidem

363 2344 490 2403 avaritia
511 2343 621 2419 publici
632 2342 696 2402 fisci
719 2349 749 2401 et
771 2349 934 2402 contemtus
957 2351 1072 2426 tuarum
1095 2344 1210 2414 artium,
1231 2340 1309 2417 apud
1333 2357 1407 2416 quos
1422 2343 1541 2400 minime
1557 2341 1721 2418 oportebat,

361 2431 417 2490 tibi
438 2429 676 2503 incommodavit,
698 2436 731 2488 nt
753 2448 790 2489 ne
813 2431 988 2507 temporario
1013 2428 1129 2504 quidem
1152 2426 1285 2488 subsidio
1307 2435 1336 2487 te
1356 2427 1571 2487 sublevandum
1594 2430 1632 2489 ob
1655 2446 1721 2489 mo·
1786 2486 1789 2493 .

361 2520 419 2577 rita
442 2524 608 2597 censerent,
639 2522 692 2576 aut
720 2519 746 2576 si
768 2518 843 2576 bene
866 2518 977 2576 meritis
995 2516 1078 2593 ,apud
1103 2531 1158 2574 vos
1179 2531 1238 2574 non
1261 2513 1321 2574 alia
1343 2515 1464 2575 refertor
1489 2517 1599 2592 gratia,
1632 2533 1720 2593 quam

363 2622 442 2682 quaa
464 2608 617 2665 materiam
640 2603 770 2664 excludit
790 2603 873 2679 eliis,
905 2604 978 2663 hene
1002 2603 1038 2662 de
1060 2602 1164 2661 lisdem
1186 2601 1291 2662 studiis
1312 2601 1454 2662 merendi:
1481 2603 1543 2678 jam
1573 2602 1631 2663 hoo
1651 2603 1722 2663 mali

363 2694 472 2752 ominis
503 2692 568 2753 loco
600 2700 645 2751 cst
666 2691 850 2766 habendum,
883 2690 962 2768 quod
984 2690 1182 2751 lamentabilis
1205 2690 1307 2766 aliqua
1328 2694 1420 2757 ruina,
1444 2706 1520 2766 quac
1544 2706 1609 2749 cum
1631 2708 1722 2768 repu-

362 2779 442 2840 blica
461 2782 593 2859 privatos
612 2781 700 2839 etiam
722 2779 815 2849 feriat,
838 2787 1042 2855 consequatur.
1086 2776 1185 2836 Metus
1208 2779 1308 2853 itaque
1332 2776 1441 2837 doloris
1460 2778 1581 2837 maximi
1603 2795 1722 2838 sensum

360 2868 416 2926 tibi
438 2868 549 2927 adimat
570 2868 735 2943 punctionis
764 2866 919 2927 loriculae.
963 2864 1023 2926 Sed
1051 2864 1180 2926 declaret
1200 2863 1245 2935 id,
1276 2864 1356 2940 quod
1383 2866 1487 2938 innuo,
1521 2865 1596 2925 ratio
1625 2868 1720 2942 tertia,

364 2972 455 3031 quam
477 2971 513 3014 eo
536 2956 719 3031 potissimum
743 2952 846 3030 dirigo,
869 2954 913 3012 uti
935 2961 965 3012 te
988 2951 1124 3012 dehortor
1138 2969 1157 3012 a
1171 2953 1258 3011 rebus
1279 2954 1338 3011 tuis
1353 2951 1410 3011 hoo
1432 2959 1562 3027 tempore
1576 2953 1721 3014 novandis

361 3050 481 3102 temere.
527 3042 669 3101 Nimimm
698 3057 756 3117 quo
780 3042 875 3118 magis
904 3042 993 3100 mirae
1019 3046 1087 3098 suut
1114 3055 1210 3099 rerum
1237 3046 1354 3098 tuarum
1383 3038 1617 3115 vicissitudines,
1647 3056 1720 3100 oon·

364 3147 527 3206 cursusqus
555 3138 584 3190 et
606 3128 814 3208 impedimenta
839 3135 941 3188 mutua
966 3134 1179 3188 momentorum
1207 3125 1388 3188 diversorum
1419 3128 1449 3186 in
1471 3134 1626 3205 utramque
1647 3146 1718 3206 par·

360 3227 440 3292 tem,
480 3217 537 3277 hoc
566 3224 597 3276 tu
625 3219 767 3276 attentius
801 3219 830 3273 in
864 3233 953 3293 opera
988 3216 1105 3275 divinas
1136 3213 1338 3291 providentiae
1377 3214 1465 3274 velim
1493 3218 1653 3293 respicias,
1691 3221 1722 3277 at

360 3307 464 3382 siqua
485 3306 550 3380 eius
571 3305 727 3364 manifesta
749 3305 777 3361 in
798 3304 887 3364 rebus
901 3305 959 3362 tuis
983 3305 1108 3379 vestigia
1124 3301 1361 3378 deprehenderis,
1383 3304 1419 3361 iis
1441 3301 1587 3376 adoratis,
1613 3302 1649 3363 de
1672 3302 1720 3362 di-

361 3396 433 3453 vino
462 3392 563 3451 favore
594 3395 688 3467 magis
712 3392 865 3469 magisque
895 3389 1080 3451 confirmeris.
1118 3389 1278 3472 Meministi
1301 3388 1385 3466 qnid,
1418 3405 1483 3448 cnm
1513 3392 1637 3466 primum
1660 3390 1719 3452 hnc
1750 3440 1756 3447 .

360 3479 555 3557 appellerem,
589 3481 689 3556 primis
718 3478 756 3538 ad
783 3485 812 3537 te
842 3478 934 3537 literis
958 3479 1080 3538 obscure
1104 3479 1241 3537 innerim:
1273 3476 1349 3535 Non
1380 3493 1432 3536 mc
1462 3475 1603 3551 latere,
1635 3480 1720 3554 quis

359 3567 453 3644 quid
476 3574 613 3641 tentet,
637 3574 675 3626 ut
696 3573 729 3626 te
752 3566 929 3642 Tubiuga
950 3564 1167 3637 abstrahat,
1191 3565 1325 3622 nimirum
1348 3563 1386 3625 sd
1408 3564 1601 3625 ministerium
1623 3566 1721 3626 eccle-

360 3656 523 3726 siasticum,
547 3655 735 3730 conjunctum
757 3670 823 3713 cum
846 3654 985 3713 exercitio
1008 3651 1220 3727 gloriosissimo
1243 3651 1419 3711 matheseos.
1468 3650 1642 3729 Quicunque
1664 3653 1720 3712 sibi

359 3744 458 3821 potuit
481 3744 644 3817 imaginari,
668 3758 687 3801 a
710 3748 738 3801 te
762 3757 819 3799 non
843 3740 1025 3816 magnifieri
1049 3738 1146 3798 locum
1169 3738 1332 3814 Tubingao,
1357 3738 1452 3798 dicere
1475 3739 1560 3798 aliter
1581 3755 1640 3798 non
1663 3756 1720 3816 po·

363 3833 431 3902 tuit,
455 3847 545 3906 quam
567 3829 762 3888 conditionem
786 3827 880 3887 offerri
905 3828 958 3886 tibi
982 3828 1297 3892 convenientissimam.
1343 3823 1452 3885 Verum
1480 3834 1532 3884 aut
1561 3833 1623 3885 tuto
1646 3828 1718 3901 ipse,

363 3916 445 3993 quod
469 3915 597 3975 bariolor
617 3933 713 3976 rerum
736 3918 872 3991 ignarus,
895 3932 948 3991 spo
970 3915 1161 3991 promotionis
1183 3912 1368 3974 academicae
1392 3911 1511 3986 ductus,
1536 3915 1719 3973 occasionem

360 4005 600 4082 praetermisisti,
630 4009 683 4062 sut
703 4002 754 4061 alii
784 4001 841 4060 boc
869 4001 905 4061 de
936 4009 965 4061 ie
996 4004 1128 4078 persuasi
1160 3999 1333 4059 destiterunt
1360 4001 1399 4059 ab
1431 3999 1575 4075 urgendis.
1597 4002 1718 4077 coeptis.

361 4092 450 4152 Nunc
473 4098 629 4169 postquam
652 4090 688 4149 de
711 4090 872 4148 ministerio
896 4088 1094 4148 ecclesiastico
1117 4096 1146 4147 te
1168 4090 1243 4146 serio
1267 4090 1395 4163 cogitare
1417 4087 1579 4163 significas,
1603 4090 1718 4152 occasio
1792 4135 1797 4145 .

361 4179 414 4239 iila
437 4187 482 4238 est
503 4178 614 4255 elapsa,
638 4194 692 4248 nec
715 4179 845 4237 rovocari
867 4177 955 4236 robus
977 4177 1021 4233 sic
1042 4176 1188 4234 stantibus
1211 4182 1318 4252 potest,
1342 4174 1424 4235 locus
1448 4175 1524 4234 enim
1543 4175 1606 4250 jam
1630 4191 1719 4234 oceu-

360 4275 448 4344 patur
471 4267 508 4325 ab
531 4265 600 4325 alio.
646 4263 724 4339 Quid
747 4264 803 4325 hoc
825 4264 889 4324 rei?
919 4263 1062 4323 Nimirum
1085 4270 1164 4322 certo
1196 4266 1303 4321 certius
1325 4262 1394 4321 mihi
1417 4278 1590 4338 persuasum
1613 4262 1718 4335 habeo,

361 4361 416 4415 aui
438 4361 660 4414 consecuturum
683 4351 765 4410 illam
787 4351 964 4411 functionem
993 4350 1083 4409 fuisse
1113 4350 1204 4423 grava
1231 4349 1351 4426 aliquod
1381 4347 1608 4423 incommodum,
1639 4349 1718 4425 quod

362 4442 465 4502 divina
486 4439 672 4518 providentia
693 4443 733 4497 sit
755 4458 773 4498 a
795 4446 824 4499 te
847 4438 979 4510 amolita,
1003 4447 1055 4496 aut
1076 4436 1155 4513 qnod
1180 4436 1380 4509 consimilius,
1411 4436 1535 4496 eandem
1557 4439 1586 4494 ln
1611 4438 1719 4497 vicinia

362 4547 429 4589 curn
453 4529 514 4587 alia
536 4528 637 4604 aliqua
660 4526 856 4586 commodiore
878 4532 1074 4603 permutatum
1103 4525 1185 4583 brari
1208 4526 1272 4583 iri·
1297 4525 1343 4583 'l'u
1373 4539 1450 4583 nunc
1476 4525 1595 4601 applica
1618 4541 1719 4585 exem·

361 4617 444 4696 plum
466 4615 504 4674 ad
527 4615 623 4675 locum
648 4614 743 4687 illum,
767 4630 853 4689 quem
876 4614 1008 4686 ambisti,
1031 4611 1240 4672 academicum.
1285 4610 1363 4687 Quid
1386 4610 1410 4670 si
1433 4628 1559 4688 namque
1582 4612 1719 4688 expediat

361 4705 427 4777 tibi,
449 4713 482 4762 ut
505 4705 533 4761 in
557 4701 638 4761 nullo
660 4703 700 4759 sis
723 4700 865 4778 collegioq
896 4698 1013 4776 quidsi
1037 4697 1106 4774 quid
1130 4697 1298 4775 impendeat
1319 4700 1452 4776 gravius,
1477 4697 1598 4775 collegis
1621 4701 1718 4758 omni·

362 4793 419 4852 bns
442 4797 494 4850 aut
517 4791 569 4849 tibi
592 4787 696 4849 saltem
719 4789 835 4864 tuisque
858 4787 963 4846 studiis
986 4789 1065 4847 oneri
1097 4787 1251 4846 futurum?
1283 4787 1347 4846 lmo
1370 4802 1440 4845 vero
1467 4786 1514 4844 rel
1538 4788 1664 4846 maxime
1687 4789 1716 4847 in

362 4880 530 4956 oppositam
553 4884 666 4955 partem
689 4877 838 4952 respicias.
884 4873 1035 4950 Quaenam
1060 4882 1105 4935 est
1127 4874 1251 4947 functio,
1280 4889 1368 4950 quarn
1396 4872 1459 4949 jam
1482 4889 1567 4950 porro
1591 4875 1716 4949 quaeris,

364 4967 504 5042 'subiuga
525 4964 707 5025 abituriens‘t
744 4961 861 5021 Nihilne
889 4963 931 5021 ibi
956 4961 1125 5021 malorum?
1155 4961 1227 5021 nihil
1249 4959 1395 5038 periculi?
1423 4960 1522 5019 nullus
1551 4967 1646 5020 metus
1668 4978 1717 5023 re·

362 5054 477 5132 pulsae,
501 5055 525 5112 si
550 5052 669 5129 opima?
692 5049 810 5111 nullane
832 5056 947 5126 egestas
970 5049 1045 5125 ojus,
1068 5051 1093 5108 si
1117 5048 1287 5126 incognita?
1317 5046 1395 5123 Quid
1415 5050 1441 5106 si
1464 5046 1581 5108 divinae
1604 5050 1716 5125 gratiae

364 5141 550 5201 tribuendum
573 5140 629 5200 boc
651 5146 704 5213 est,
726 5137 805 5214 quod
828 5145 906 5198 artos
927 5136 1070 5215 profiteris
1093 5137 1228 5196 omnibus
1251 5137 1384 5213 partibus
1407 5134 1524 5206 charas,
1547 5134 1621 5194 nulii
1644 5153 1717 5197 exo·

364 5228 437 5290 sas?
471 5226 550 5303 Quid
563 5230 590 5287 si
604 5226 661 5286 boo
675 5226 923 5293 turbulentissimo
946 5231 1076 5308 tempore
1099 5225 1197 5286 subita
1210 5225 1300 5287 totius
1316 5225 1429 5302 patriae
1451 5222 1611 5284 mirristorio
1633 5222 1717 5302 cala
