4459 6275
876 801 959 861 liber
975 802 1102 874 Quintus.
1137 803 1205 860 Pars
1223 794 1331 859 alcea.
1711 804 1774 870 m

423 981 449 1042 sl
481 978 592 1043 acen
625 982 666 1043 sit
696 998 765 1061 pars
795 981 877 1059 plani
910 982 1080 1061 eclipticae,
1110 982 1220 1043 11an
1250 984 1304 1043 crit
1331 980 1436 1043 orbita
1492 978 1671 1042 Secundarlc
1704 996 1773 1042 vero

423 1069 597 1147 intelligitur
620 1071 709 1132 etiam
731 1070 856 1131 circulus
879 1068 930 1131 ille
953 1073 1106 1147 maximus,
1129 1087 1188 1148 quo
1204 1067 1323 1149 planum
1340 1070 1453 1131 orbitae
1474 1070 1674 1129 continuatum
1694 1077 1773 1131 secat
1872 1095 1875 1101 ·

422 1156 579 1237 sphaeram
601 1157 733 1218 lixarum.
778 1155 818 1218 Ut
840 1157 888 1218 bic
910 1157 970 1218 MN
993 1161 1102 1232 sectio,
1126 1166 1205 1219 tacta
1227 1175 1246 1218 a
1267 1149 1356 1234 plano
1381 1155 1463 1216 cix
1485 1158 1662 1217 continuato.

514 1245 599 1324 (inid
612 1244 750 1323 appellas
770 1244 1001 1306 inclinationem
1014 1247 1158 1322 planctae
1179 1246 1227 1306 vol
1249 1247 1397 1321 caiusque
1407 1247 1519 1320 panca
1538 1247 1573 1302 in
1587 1244 1686 1304 orbita
1699 1245 1773 1323 cinq

422 1334 450 1392 ci
471 1318 551 1410 q'rsid
571 1333 720 1394 &culam
742 1332 977 1393 inclinationis?
1018 1332 1175 1395 inclinatio
1197 1335 1313 1411 proprie
1337 1332 1478 1409 competit
1498 1347 1557 1391 uon
1579 1329 1704 1407 planede
1727 1331 1774 1392 vel

421 1422 556 1498 punctis,
587 1420 639 1481 sed
661 1418 746 1480 lineis
775 1419 823 1481 rel
851 1419 947 1498 planis
975 1422 1050 1482 iuter
1071 1438 1119 1498 se3
1152 1428 1183 1483 at
1212 1422 1282 1499 qula
1309 1418 1401 1498 plena
1423 1417 1475 1478 illa
1505 1419 1774 1479 circumscribentur

423 1506 527 1568 orbitis
558 1506 743 1586 planetarum
774 1515 804 1568 et
830 1510 901 1585 quia
930 1510 959 1567 in
988 1508 1085 1587 plania
1113 1507 1210 1570 lineae
1239 1514 1335 1567 motus
1364 1505 1548 1584 planetarum
1578 1504 1773 1584 intelliguntur

424 1593 598 1673 descriptae,
622 1612 678 1656 usn
700 1601 847 1674 receptum
870 1601 924 1670 est,
948 1602 982 1656 ut
1003 1596 1060 1658 baa
1077 1612 1165 1658 voces
1188 1595 1360 1674 simpliciter
1375 1595 1412 1655 ad
1425 1593 1562 1672 planetas
1576 1595 1656 1672 ipsos
1677 1601 1773 1657 traus-

422 1681 569 1759 ierautur,
592 1700 683 1745 causa
704 1684 857 1744 brevitatis
881 1686 909 1742 in
933 1682 1090 1760 loquendo.

512 1768 587 1831 cum
609 1772 699 1849 igitur
721 1769 759 1845 id,
784 1771 862 1848 quod
884 1771 1054 1832 inira·librc
1078 1769 1131 1831 VI.
1154 1769 1281 1832 latitudo
1304 1767 1427 1847 dicetur,
1451 1768 1607 1847 participet
1628 1767 1717 1831 etiem
1738 1768 1773 1832 da

424 1854 589 1920 adventitia
611 1876 664 1920 seu
688 1860 786 1936 opilea
808 1858 1035 1936 inaequalitate,
1069 1875 1158 1936 quam
1181 1855 1339 1919 secandam
1369 1856 1577 1934 indigetamus,
1608 1873 1713 1936 quam,
1741 1864 1775 1918 nt

423 1962 471 2006 res
494 1944 629 2015 diversae
652 1946 818 2006 nominibus
842 1949 930 2006 ctiam
952 1946 1184 2024 distinguantur,
1211 1946 1350 2021 evagatio
1372 1944 1509 2023 planctae
1531 1961 1603 2005 vcra
1623 1943 1662 2004 ab
1684 1943 1774 2023 eclip-

424 2034 484 2093 tica
508 2031 623 2095 dicatur
644 2052 703 2095 nou
725 2032 868 2108 latitudo,
890 2032 942 2094 sed
965 2033 1133 2109 inclinati03
1164 2032 1300 2093 definitur
1322 2039 1420 2092 autem
1442 2034 1501 2106 sic,
1531 2031 1611 2109 qnod
1633 2032 1671 2092 sit
1692 2048 1774 2093 arem
1894 2036 1897 2041 '

418 2120 525 2181 'circuli
547 2123 576 2180 iu
599 2122 722 2191 drumm
750 2119 876 2198 sphaera
905 2123 1040 2196 maximi,
1072 2140 1109 2182 ex
1139 2128 1238 2182 ceuirc
1262 2119 1341 2180 Solis
1368 2118 1519 2198 descripti,
1552 2119 1589 2180 ad
1613 2118 1774 2198 eclipticam

423 2208 513 2279 recti,
546 2212 597 2286 qul
620 2208 746 2270 circulus
767 2206 966 2270 inclinationis
990 2208 1115 2284 dicatur,
1146 2212 1324 2284 interceptus
1346 2207 1421 2267 iuter
1444 2207 1608 2283 eclipticam
1630 2214 1660 2267 et
1680 2205 1776 2268 lacrum

422 2294 564 2373 planctae
586 2299 787 2359 eccentrlcum.
830 2296 888 2357 Vel
912 2304 957 2357 eet
979 2297 1105 2374 angulus
1128 2296 1167 2357 ad
1190 2295 1299 2369 Solem,
1323 2312 1409 2371 quem
1433 2294 1481 2354 iric
1504 2310 1589 2355 arcus
1610 2295 1735 2356 metitur.

511 2395 545 2451 Iu
563 2395 701 2452 schemate
720 2396 744 2451 si
762 2397 787 2451 Δ
806 2394 865 2468 Sol,
892 2395 1016 2453 FKDHO
1029 2395 1135 2467 orbita,
1154 2395 1233 2451 iilLO
1252 2393 1390 2463 ecliptica,
1414 2391 1509 2462 puncti
1526 2392 1553 2449 K
1569 2392 1708 2450 inclinatio
1726 2378 1778 2451 erit
1853 2418 1858 2425 ¹

422 2473 545 2545 ungulae
562 2473 627 2528 liti
643 2473 687 2529 rel
703 2474 792 2535 NAL,
810 2473 853 2529 rel
874 2474 932 2543 ejus
951 2489 1031 2529 arcae
1049 2473 1098 2530 NL
1118 2489 1153 2527 ex
1170 2473 1195 2528 A
1213 2472 1276 2527 Sole
1294 2470 1456 2540 descriptus.
1551 2504 1554 2509 -

514 2563 600 2643 Quid
621 2562 757 2643 appellor
778 2565 890 2641 nodos,
920 2565 996 2642 qnid
1017 2565 1150 2624 limites?
1192 2562 1269 2624 Nodi
1300 2568 1369 2622 suut
1398 2559 1456 2622 duo
1477 2570 1589 2641 puncta
1610 2563 1773 2642 eclipticae,

422 2654 455 2713 iu
477 2652 586 2730 quibua
608 2650 660 2713 illa
682 2658 798 2714 secatur
820 2654 858 2714 ab
882 2653 994 2713 orbitae
1018 2654 1206 2713 continuatae
1229 2651 1327 2731 plano.
1374 2646 1488 2712 Graece
1510 2656 1672 2727 academroc,
1698 2652 1777 2730 quod

422 2740 460 2800 iis
482 2740 590 2801 ltiuam
611 2738 737 2817 diversa,
760 2740 838 2803 Solis
860 2754 1006 2819 apparens
1031 2746 1060 2800 ct
1081 2737 1233 2817 planctae,
1257 2752 1390 2800 connexa
1412 2738 1486 2814 siui3
1509 2737 1672 2800 ascendens
1694 2738 1777 2818 alter,

422 2829 453 2887 iu
476 2844 537 2904 quo
559 2826 680 2906 planata
709 2826 823 2889 deserto
852 2826 1068 2906 hemisphaerio
1097 2825 1220 2887 australi
1250 2824 1379 2886 deflectit
1405 2827 1435 2885 in
1464 2826 1598 2902 boream,
1628 2826 1702 2888 alter
1724 2826 1777 2891 de·

422 2911 583 2991 scandens,
606 2916 656 2993 qui
679 2912 829 2991 planetam
851 2918 881 2974 in
904 2924 1034 2976 austrum
1057 2915 1237 2992 tranepcuit3
1270 2912 1395 2973 vocibus
1417 2913 1579 2976 ascendens
1602 2920 1632 2974 et
1654 2914 1777 2977 descen-

422 3002 499 3065 dens
527 2999 566 3062 ad
594 3010 725 3063 nostrum
753 3001 999 3080 hemisphaerium
1029 3001 1274 3076 accommodatis,
1311 3007 1345 3060 ut
1370 3001 1402 3059 iu
1432 3017 1490 3078 qao
1526 3002 1611 3080 primi
1641 3004 1775 3065 rixeumt
1881 3060 1888 3079 ,

421 3092 593 3151 iureutcrca
615 3091 821 3153 aanouomiae.
854 3094 892 3151 Ut
910 3093 934 3149 ei
951 3091 1063 3164 pienum
1081 3092 1186 3149 orbitae
1205 3098 1233 3148 ct
1246 3090 1357 3163 planum
1369 3090 1512 3163 eclipticae
1524 3100 1687 3151 concurrant
1704 3092 1776 3151 linea

423 3173 513 3242 GAD,
531 3172 680 3229 sectionem
698 3180 880 3243 monstrante,
899 3173 1059 3229 continuata
1076 3171 1125 3228 illc
1142 3173 1192 3229 sub
1211 3172 1364 3244 eclipticam
1382 3172 1545 3228 monstrabit
1562 3171 1600 3238 M,
1618 3170 1641 3227 0
1658 3171 1754 3229 nodos.

473 3261 476 3267 '
512 3253 635 3316 Limites
664 3273 735 3318 vero
764 3256 950 3336 appellantur
978 3263 1088 3333 pnucta
1111 3256 1279 3334 eclipticaa,
1313 3270 1389 3334 quae
1412 3254 1624 3332 quadrantibus
1651 3255 1776 3320 auodis

420 3340 550 3418 distaut3
573 3343 692 3426 boreus,
715 3362 733 3403 a
756 3362 815 3422 quo
837 3343 957 3423 planata
980 3341 1070 3404 distat
1091 3345 1121 3404 in
1137 3344 1267 3421 boream,
1289 3343 1446 3420 austrinus,
1470 3360 1563 3421 aquo
1587 3345 1772 3408 intumum

420 3430 569 3491 Dicuntur
591 3430 699 3492 limites
722 3449 758 3492 cx
780 3449 825 3506 eo,
849 3433 919 3510 quia
939 3431 1068 3510 planeta,
1093 3430 1254 3494 deveniens
1276 3430 1315 3491 ad
1337 3431 1389 3492 illa
1410 3437 1528 3510 puncta,
1552 3447 1612 3492 nou
1634 3439 1776 3512 evagetur

420 3516 545 3579 alterlm
573 3518 744 3597 inpingas,
776 3517 829 3580 aad
857 3518 925 3580 iuda
956 3535 1023 3580 sesa
1051 3527 1224 3582 convertens
1252 3521 1376 3599 incipiat
1404 3518 1443 3579 ad
1471 3519 1637 3597 eclipticam
1658 3523 1774 3583 reverti.

419 3600 458 3658 Ut
475 3600 506 3656 in
524 3601 662 3657 schemate
679 3601 719 3666 E,
737 3601 762 3658 G
779 3608 882 3672 puncta
899 3599 1041 3673 eclipticae
1059 3602 1186 3659 dicuutur
1201 3602 1309 3659 limites.
1345 3601 1401 3659 Sed
1423 3608 1451 3657 et
1468 3602 1507 3668 Η,
1535 3603 1559 3659 Ii
1577 3608 1681 3674 puncta
1696 3618 1776 3661 rarae

419 3678 536 3814 mbgtge,
556 3684 584 3735 et
600 3685 704 3749 puncta
721 3679 755 3736 iis
774 3682 959 3752 cupersanen
975 3681 1003 3736 iu
1022 3681 1141 3752 sphaera
1157 3682 1287 3754 lixarum,
1311 3682 1423 3739 renium
1441 3681 1537 3738 ecdem
1553 3682 1662 3739 nomiae
1679 3691 1708 3742 et
1723 3683 1776 3740 irae

419 3773 466 3815 cre
511 3773 553 3813 us.

514 3849 598 3927 Quid
617 3851 755 3927 appellas
781 3859 998 3929 oecumenium
1024 3854 1115 3912 incli-

418 3936 581 3999 nationis?
623 3937 678 3997 Est
716 3955 802 3999 arcus
837 3939 949 3999 orbitae
978 3937 1115 4018 planetae
1194 3923 1201 3946 ¹

420 4025 477 4086 sab
508 4024 591 4098 fixis,
621 4025 799 4103 interceptus
829 4028 903 4087 iuter
931 4025 1040 4087 nodum
1063 4045 1115 4087 as·

419 4112 595 4175 candentem
618 4118 647 4172 et
672 4113 770 4174 locum
794 4115 987 4175 ecceutricum
1008 4115 1114 4192 piane-

418 4209 479 4276 tae,
504 4206 673 4260 numeratus
702 4202 734 4260 iu
764 4203 980 4278 consequentia.
1026 4199 1066 4263 Ut
1088 4204 1114 4261 si
1257 4251 1271 4288 Ι,

420 4285 448 4350 0
476 4285 573 4347 nodua
603 4287 778 4364 ascendens,
809 4288 836 4349 N
863 4288 946 4350 locus
975 4290 1113 4367 planetae

420 4375 614 4451 ecceutricue,
642 4373 731 4437 ΟΜΝ
760 4378 813 4436 erit
840 4384 1044 4454 argumentum
1066 4379 1114 4436 lu·
1223 4361 1239 4460 'i'

420 4461 591 4524 cliuadauis
624 4463 686 4523 lali.
738 4462 917 4542 Gopemicus
949 4480 1002 4543 pro
1034 4463 1113 4526 uodo

418 4548 598 4613 ascendente
620 4552 709 4610 sumit
730 4550 851 4611 iimitem
874 4550 1003 4612 boreum.

509 4643 596 4705 Nam
629 4644 747 4719 cadom
766 4654 807 4706 cet
837 4648 977 4707 omnibus
1009 4649 1114 4710 accidis
1141 4724 1142 4728 Ἰ
1230 4671 1231 4678 “

420 4733 582 4798 inclinatio
595 4733 735 4792 manime
757 4734 862 4794 limitie
874 4736 909 4794 in
923 4738 1030 4812 quovit
1042 4736 1114 4813 plo7

420 4820 517 4886 ncta?
538 4817 706 4880 Secundum
728 4822 871 4900 principia
892 4821 1016 4900 physica
1038 4820 1113 4884 libro

421 4911 475 4974 IV.
498 4911 641 4984 usurpata
660 4923 713 4984 per
734 4909 900 4986 sequidem
922 4909 1114 4972 immutabilis

422 5003 476 5074 est,
499 5001 532 5057 at
553 5001 672 5071 propter
695 4996 786 5072 ipsius
809 4996 962 5075 eclipticae
983 4996 1114 5060 luxatio-

422 5104 505 5161 nem,
537 5080 574 5142 de
603 5098 663 5159 qua
692 5081 766 5143 libro
794 5083 867 5161 Vll,
897 5103 949 5163 per
979 5085 1114 5147 accidens

421 5173 522 5254 potest
544 5169 659 5229 mutari.

510 5265 670 5355 Quomodo
692 5273 888 5346 computatur
909 5269 1068 5334 inclinatio
1086 5269 1257 5350 planetoc?
1306 5267 1372 5331 lion
1394 5269 1494 5354 aliter,
1517 5283 1605 5352 quam
1626 5265 1702 5331 libra
1716 5267 1772 5333 ΙΙΙ.
