4459 6275
439 792 480 853 88
999 782 1113 856 Keplei
1129 782 1227 842 &offla

436 967 552 1025 nomiae
575 966 684 1024 morbis
707 965 876 1024 inveteratis
898 963 1028 1024 medicas
1049 962 1234 1041 applicamus
1255 980 1370 1040 manns,
1410 964 1480 1025 dnm
1494 966 1542 1025 Tu
1563 964 1803 1044 deotmlmpcrii,

437 1054 609 1131 thguitatem
639 1056 703 1129 ipse
733 1055 872 1111 scientiae
899 1069 952 1129 per
981 1054 1128 1111 sectiones
1158 1061 1188 1111 et
1218 1055 1350 1111 ustiones
1380 1054 1567 1130 expedimus:
1596 1053 1632 1111 ht
1660 1055 1802 1129 ubisque

438 1141 509 1200 mali
533 1143 718 1200 contumacia
747 1157 805 1198 uon
829 1143 965 1217 opinata,
997 1150 1029 1198 nt
1052 1149 1169 1215 tempus
1200 1140 1287 1198 nobis
1308 1140 1454 1199 elabatur.
1497 1141 1567 1200 ‘libi
1590 1150 1734 1216 qnantum
1763 1158 1801 1200 ea

438 1232 560 1288 victoria
582 1228 708 1303 gloriae,
743 1240 855 1286 tautum
878 1230 1001 1287 accessit
1026 1237 1055 1286 et
1079 1226 1188 1286 doloris
1219 1245 1255 1286 ex
1278 1225 1379 1286 dolore
1400 1227 1520 1304 publico
1543 1227 1738 1305 populorum,
1770 1236 1802 1288 et

436 1320 487 1394 qni
511 1316 644 1375 solentes
667 1316 721 1374 tibi
744 1323 898 1391 parentet
922 1317 973 1391 qni
995 1315 1183 1391 subiguntur,
1207 1332 1330 1390 quorum
1353 1314 1421 1374 illos
1441 1314 1549 1391 diligis,
1572 1326 1715 1391 utrosque
1738 1315 1802 1373 sal·

436 1422 490 1462 ros
514 1414 543 1463 et
565 1404 727 1462 incolumes
748 1402 855 1462 selles:
883 1412 916 1460 nt
938 1420 975 1460 ne
998 1403 1141 1477 gratulari
1171 1401 1289 1478 quidem
1312 1400 1425 1462 Victori
1449 1402 1559 1462 dolenti
1581 1406 1711 1480 possim,
1741 1404 1800 1461 nisi

438 1511 506 1550 cum
529 1491 648 1562 doloris,
671 1492 755 1565 cujus
778 1489 816 1549 ad
840 1507 886 1547 me
910 1507 1028 1566 quoque
1044 1507 1148 1548 sensns
1163 1493 1307 1565 pertenit,
1330 1490 1700 1566 officiosasignihcatioue.
1737 1489 1801 1549 Nec

439 1583 536 1637 minus
560 1589 589 1637 et
612 1577 683 1636 mihi
705 1588 848 1654 quantum
871 1580 1013 1636 successit
1041 1579 1070 1633 in
1093 1576 1222 1635 eruenda
1245 1580 1368 1636 reritste
1396 1577 1641 1655 detergendisque
1663 1586 1801 1637 vetuste·

440 1686 504 1725 rum
528 1667 765 1725 obserrationum
788 1665 949 1733 erroribus,
972 1672 1086 1721 tautum
1109 1665 1240 1723 insidiae
1259 1665 1321 1738 jam
1344 1682 1422 1724 nnuc
1443 1668 1512 1724 oriri
1534 1667 1704 1742 prospieio;
1729 1664 1800 1723 dntn

439 1757 610 1823 astronomi,
635 1753 781 1827 dejectum
803 1771 821 1809 a
844 1769 890 1810 me
913 1751 1117 1810 Ptolemaeum
1141 1755 1327 1827 possessione
1350 1757 1550 1811 vetustissima
1573 1753 1800 1812 existimationis

435 1844 623 1919 praecipuae,
647 1850 806 1916 occupatas
836 1850 865 1896 et
888 1850 1001 1897 tautum
1028 1856 1086 1898 uon
1110 1837 1223 1897 dirutas
1251 1840 1491 1898 obserrationnm
1518 1843 1679 1918 priscarum
1701 1839 1798 1912 sedes,

438 1930 547 2007 quibus
572 1942 710 1987 constans
739 1925 885 1985 certitudo
906 1941 1039 1984 motuum
1062 1925 1233 1985 coelestium
1261 1928 1408 1997 innititur,
1441 1927 1568 2004 denique
1590 1928 1800 1987 labefactatam

437 2018 719 2076 demonstrationum
742 2012 1016 2072 mathematicamm
1038 2013 1135 2071 iidem.
1159 2029 1284 2089 quatum
1298 2014 1564 2073 substructionibus
1580 2015 1651 2074 elati
1675 2019 1704 2073 in
1727 2031 1800 2074 coe·

437 2106 497 2163 lum
521 2105 714 2171 enitebamur,
738 2114 766 2160 et
789 2102 962 2158 mussabant
985 2101 1059 2159 clam
1082 2118 1183 2160 secum
1206 2110 1236 2159 et
1257 2102 1495 2176 expostulabant

524 2192 661 2250 Ceterum
683 2189 731 2247 Tu
754 2190 904 2246 actionum
926 2187 1055 2246 Tnarum
1079 2191 1208 2247 rationes
1230 2191 1277 2246 cni
1300 2188 1415 2259 reddas,
1438 2191 1618 2266 superiorem
1642 2191 1718 2249 inter
1739 2188 1798 2248 ho·

437 2282 531 2337 mines
554 2295 612 2335 non
636 2277 749 2348 haber3
771 2275 843 2333 mihi
865 2275 923 2333 hoc
944 2278 1041 2334 onena
1057 2277 1208 2347 incumbit,
1232 2287 1263 2333 ut
1284 2279 1455 2350 prot-inciae
1468 2277 1558 2351 hujus
1572 2279 1799 2350 astronomiae,

435 2385 513 2442 quae
536 2366 607 2424 mihi
630 2367 668 2422 ab
691 2363 927 2422 antecessoribus
949 2365 1018 2434 tuis,
1042 2362 1201 2439 Rudolpho
1225 2373 1254 2420 et
1276 2362 1403 2423 Matthia
1426 2363 1543 2425 tradita.
1566 2384 1584 2424 a
1607 2364 1733 2423 Tenon
1757 2368 1800 2422 ita

433 2454 544 2512 dudum
573 2462 732 2531 prorogata
763 2451 834 2524 luit,
864 2468 916 2527 per
944 2450 1023 2509 bunc
1054 2468 1163 2510 aunum
1195 2451 1414 2511 administratae
1437 2455 1567 2511 rationes
1596 2453 1795 2513 serenissimis

433 2540 506 2600 Tuis
529 2540 623 2600 oculis
647 2554 802 2615 exponam

522 2628 617 2703 Igitur
639 2627 732 2685 hiem
754 2624 827 2683 milti
851 2622 986 2683 traducta
1006 2622 1160 2683 formando
1174 2641 1360 2684 numerorum
1383 2627 1527 2702 exercitu3
1551 2625 1629 2701 legio
1652 2625 1705 2684 illa
1720 2624 1797 2685 Seo-

436 2720 502 2781 tioa.
527 2716 638 2773 Chilias
656 2713 876 2790 Logarithmica
899 2710 990 2788 dicta,
1012 2711 1159 2789 suppleta.
1183 2712 1298 2788 legibus
1321 2722 1350 2772 ct
1365 2715 1505 2772 institutis
1527 2713 1654 2772 formata
1675 2715 1798 2787 triginta

434 2804 647 2862 theorematum
661 2803 906 2877 geometricorum
919 2802 1153 2871 concinnatione,
1165 2816 1243 2874 quae
1257 2816 1343 2876 spero
1358 2810 1484 2859 aetatem
1499 2800 1574 2860 ferre
1585 2818 1683 2877 posse.
1717 2798 1798 2860 idolo

433 2890 522 2949 aliam
545 2890 667 2964 adjunxi
690 2888 838 2964 legionem
862 2886 898 2946 de
924 2903 1003 2945 noro
1027 2889 1271 2962 conscriptorum,
1296 2890 1342 2945 cni
1365 2905 1471 2946 nomen
1494 2905 1511 2947 e
1533 2904 1566 2947 re
1588 2890 1654 2959 ieci,
1676 2886 1797 2966 Hepta-

433 2981 529 3037 cosias
552 2975 809 3053 logatithmorum
834 2974 996 3051 Logistioa
1039 2972 1110 3032 Jam
1142 2991 1209 3032 cum
1232 2972 1309 3033 desit
1337 2976 1418 3051 operi
1439 2974 1620 3034 Tabularum
1643 2974 1798 3052 Rudolphl

433 3078 523 3143 eaput
545 3067 752 3142 praecipuum,
783 3063 915 3140 epochae
945 3071 1109 3138 temporum
1140 3063 1344 3136 antiquorum,
1377 3062 1464 3121 facile
1493 3061 1613 3141 quidem
1642 3066 1797 3140 negotium

434 3156 529 3224 luerit¹
553 3152 639 3212 tidem
663 3151 825 3210 Ptolemaei
848 3152 932 3226 sequi
954 3156 986 3207 et
1007 3152 1185 3208 constitutas
1206 3149 1336 3227 epochas
1364 3151 1401 3209 ab
1425 3149 1477 3209 illo
1499 3161 1715 3224 transsumere,
1748 3153 1798 3210 ri-

435 3241 575 3316 deturque
608 3242 703 3297 omnis
736 3237 842 3297 calculi
873 3239 1059 3297 astronomici
1092 3246 1208 3295 curator
1238 3242 1267 3296 in
1297 3237 1365 3296 illas
1391 3240 1474 3311 qnasi
1498 3239 1580 3314 leges
1610 3247 1797 3299 sacramento

435 3328 557 3386 adactus
580 3346 661 3388 esse:
694 3337 725 3384 at
748 3326 820 3383 mihi
853 3324 956 3399 religio
981 3325 1050 3396 luit,
1073 3327 1269 3400 suspiciones,
1300 3341 1376 3401 quas
1398 3324 1512 3384 idoneis
1537 3325 1694 3385 decausis
1723 3343 1798 3385 eou-

435 3433 584 3491 ceperam.
618 3412 817 3472 dissimulare:
849 3414 960 3489 placita
982 3411 1146 3470 Ptolemaei
1179 3411 1268 3470 infida
1291 3414 1382 3470 totius
1404 3423 1566 3472 structurae
1589 3413 1698 3472 damm
1722 3417 1799 3474 inter

436 3501 627 3560 luttdameuta
649 3503 777 3577 recipere
800 3499 880 3577 ridi,
910 3515 1006 3574 neque
1029 3501 1090 3575 regi
1112 3496 1220 3558 molem
1242 3499 1319 3557 hauc
1340 3498 1445 3559 calculi
1468 3503 1668 3575 astronomici,
1697 3518 1798 3578 neque

435 3590 528 3660 redigi
553 3592 581 3646 iu
605 3599 715 3647 certum
739 3586 868 3645 ordinem
890 3598 987 3646 motus
1011 3586 1154 3646 coelestes
1175 3604 1271 3663 posse,
1295 3589 1352 3644 nisi
1366 3585 1502 3648 libertate
1517 3599 1614 3647 sumta
1628 3589 1798 3666 inquireudl

437 3679 466 3733 in
491 3676 651 3734 Ptolemaei
674 3674 878 3749 lundameuta;
905 3693 996 3733 ausus
1019 3673 1138 3732 taudem
1161 3692 1241 3744 sum,
1264 3677 1373 3751 cripere
1396 3673 1568 3735 Ptolemaeo
1589 3693 1679 3734 uuam
1702 3675 1793 3749 diem,

436 3783 524 3839 quarn
548 3765 586 3821 ab
609 3764 659 3821 illo
682 3780 837 3838 perperam
859 3766 994 3821 insertam
1026 3764 1056 3819 in
1079 3764 1330 3836 aequinoctiorum
1356 3766 1546 3822 annotatione
1571 3764 1634 3837 jam
1658 3781 1676 3820 a
1698 3763 1795 3824 multo

435 3864 564 3927 tempore
593 3869 651 3909 non
682 3852 815 3908 obscuris
844 3851 1018 3925 conjecturis
1042 3850 1253 3907 concluseram.
1300 3849 1402 3907 Annus
1425 3863 1486 3921 est,
1519 3868 1555 3909 ex
1578 3868 1637 3926 quo
1665 3853 1795 3927 primurn

435 3940 631 4014 conjecturam
653 3956 750 3997 meam
772 3936 808 3996 de
831 3940 994 3996 occmione.
1019 3953 1095 4011 quae
1109 3935 1312 3996 Ptolemaeum
1335 3940 1365 3994 iu
1386 3936 1465 3996 huuc
1485 3954 1611 3997 errorem
1633 3938 1794 4014 induxerit,

435 4026 553 4102 publico
577 4024 677 4085 libello
701 4026 851 4101 Epitomes
875 4026 1066 4082 Auouomiae
1089 4023 1307 4099 Coperuicauae
1329 4028 1486 4100 proposui:
1514 4027 1712 4084 ratiocinabar
1733 4029 1797 4085 sci·

440 4115 523 4172 licet.
558 4111 712 4190 deceptum
743 4114 833 4171 inisse
865 4110 1081 4181 Ptolemaeum,
1116 4112 1245 4188 Aegppti
1278 4110 1419 4182 incolam,
1454 4111 1631 4170 Calendario
1656 4112 1796 4173 Romano

437 4200 612 4275 licentiaque
634 4200 804 4277 pontificum
828 4207 856 4258 et
871 4199 1013 4256 riolentia
1032 4198 1199 4274 praesidum
1213 4201 1350 4276 Aegypti.
1373 4214 1496 4274 quorum
1520 4199 1563 4256 illi
1579 4200 1797 4260 intercalabant

436 4288 548 4346 Romae
581 4305 639 4346 nou
662 4300 693 4345 at
716 4287 830 4347 coelum
862 4286 1044 4360 requirebat.
1076 4286 1128 4345 sed
1151 4297 1237 4361 prout
1258 4288 1465 4364 superstitione
1487 4284 1587 4362 aliqua
1609 4287 1714 4364 gentili
1736 4289 1797 4348 buc

437 4375 507 4434 illuc
537 4377 751 4446 irritabantur,
780 4378 829 4433 isti
852 4390 922 4432 reto
953 4375 1095 4432 mensium
1119 4374 1367 4450 Aegyptiacorum
1394 4373 1619 4448 aequalissimos
1651 4374 1797 4436 decursu

436 4467 552 4539 penitus
575 4464 799 4537 abrogareraut.
824 4460 973 4519 llomanos
995 4461 1087 4518 fastos
1110 4464 1139 4518 in
1155 4479 1240 4518 usum
1256 4461 1399 4519 loretrsem
1413 4461 1639 4520 introduxerant.
1687 4462 1797 4537 itaqua

437 4550 611 4610 Calendaria
634 4550 751 4608 auuslia
773 4568 832 4608 uon
856 4549 1100 4624 computabantur
1122 4548 1217 4610 domi.
1251 4547 1304 4606 sed
1326 4548 1573 4607 submittebantnt
1596 4550 1705 4622 Roma,
1729 4568 1797 4610 ser·

438 4642 539 4696 ritulis
563 4638 737 4697 documento
760 4655 818 4695 nou
842 4649 998 4712 postremo.
1044 4636 1237 4709 Conjecturae
1259 4653 1317 4692 uon
1339 4637 1454 4711 ineptae
1478 4637 1574 4694 solum
1590 4640 1796 4698 testimouium

438 4726 528 4784 deluit
551 4726 729 4784 historicum.
752 4743 813 4800 quo
828 4725 1054 4794 confirmaretur,
1078 4740 1155 4780 anuo
1178 4735 1245 4798 post
1260 4722 1408 4781 Christum
1427 4724 1498 4783 139.
1524 4723 1571 4782 rel
1585 4726 1675 4800 priori
1690 4743 1797 4785 exem·

436 4829 498 4871 tum
530 4814 619 4871 luisse
646 4831 736 4870 unum
760 4813 837 4871 diem
859 4825 940 4870 extra
963 4810 1102 4869 ordinem
1147 4810 1223 4869 Ecce
1246 4827 1316 4868 rero
1337 4828 1398 4869 rem
1420 4812 1523 4886 ipsam.
1546 4814 1601 4869 nisi
1624 4830 1671 4871 me
1695 4816 1794 4873 omnis

438 4919 511 4958 sana
534 4901 607 4976 iugis
631 4902 725 4959 ratio:
747 4918 824 4957 anno
847 4903 924 4959 enim
939 4911 1006 4975 post
1018 4897 1165 4955 Christum
1185 4899 1253 4956 138.
1278 4900 1426 4956 Antonino
1441 4897 1496 4957 Pio
1512 4898 1549 4956 11.
1568 4899 1683 4957 Bruttio
1700 4900 1796 4962 Prae·

438 4999 520 5047 seute
531 4985 719 5046 Consulibus.
731 4985 916 5048 Censorinus
928 4999 1090 5062 temporum
1104 4995 1280 5062 supputator
1295 4984 1534 5061 diligentissimis
1550 4995 1580 5046 ct
1594 4987 1797 5066 circumspec-

438 5077 584 5146 tinlmus,
614 5075 739 5150 primum
767 5074 865 5133 Thotb
894 5076 1002 5134 mensis
1031 5073 1207 5150 Aegyptiaci
1239 5071 1377 5132 adscribit
1409 5072 1446 5132 ad
1476 5072 1548 5132 xu.
1573 5073 1636 5134 Cal.
1662 5075 1796 5153 Augusti

438 5178 492 5222 aea
513 5165 566 5223 at.
587 5160 679 5236 Julii,
712 5163 763 5238 qui
787 5162 887 5223 ordine
910 5171 1044 5237 serrato,
1079 5178 1167 5238 quem
1198 5159 1269 5220 alibi
1292 5160 1468 5222 Censorinus
1496 5169 1595 5223 tenet.
1627 5160 1734 5225 debuit
1754 5162 1796 5226 ad
