4459 6275
980 782 1138 853 erseespts.
1667 785 1732 861 ,itt

378 962 533 1024 advenum
562 962 631 1023 lraic
653 963 735 1040 operi
764 961 959 1038 signationem
986 959 1138 1039 temporis)
1165 958 1204 1021 ad
1226 973 1319 1021 annos
1341 959 1398 1018 ine.
1426 957 1544 1019 additur
1566 961 1664 1019 unitae
1686 951 1751 1039 (ut-

376 1053 467 1112 etiam
488 1067 587 1127 supra,
609 1051 641 1108 in
663 1048 746 1128 cyclo
769 1049 905 1127 Dionysii
928 1065 1051 1126 magno,
1084 1050 1134 1125 qui
1158 1049 1288 1107 eontinet
1310 1044 1409 1123 eyelos
1431 1045 1534 1109 Luuue
1559 1047 1629 1124 28),
1662 1054 1733 1116 tunc
1824 1066 1826 1078 ·

376 1137 502 1214 abjectis
524 1135 576 1215 p'er
599 1136 773 1197 divisionem
795 1137 930 1196 omuibus
953 1135 1044 1214 cyclis
1071 1137 1108 1195 19
1132 1151 1288 1207 annorum,
1312 1140 1403 1193 restat
1426 1130 1522 1194 annus
1543 1133 1630 1213 cycli.

401 1213 404 1221 ’
464 1223 507 1285 Vt
531 1240 600 1285 vero
622 1240 674 1300 per
697 1222 811 1303 cyclum
834 1222 936 1284 Lunae
959 1222 1102 1283 habeatur
1125 1222 1236 1300 pascha
1259 1220 1489 1282 Christianorum
1517 1229 1547 1281 et
1569 1223 1650 1282 lesta-
1667 1237 1733 1289 mo-

377 1310 452 1374 bilia
473 1319 570 1373 enters
592 1310 824 1388 dominicaeque,
848 1327 925 1388 quae
947 1329 965 1371 a
988 1310 1115 1370 trinitate
1139 1315 1308 1370 numeratae
1336 1324 1416 1368 more
1439 1311 1561 1385 antiquo
1582 1326 1635 1387 per
1657 1307 1732 1371 Ger·

376 1400 511 1460 maniam
535 1405 566 1460 et
587 1414 678 1476 regnu
708 1397 894 1474 eirenmJecta
927 1398 1099 1458 ereberrime
1130 1397 1247 1456 luerunt
1276 1394 1426 1456 adhibitae
1459 1396 1665 1472 amujoribua
1695 1393 1735 1457 ad

378 1495 512 1565 tempora
533 1485 687 1563 signanda,
711 1504 730 1547 a
751 1491 921 1563 pentecoste
945 1500 1013 1546 vero
1035 1499 1115 1544 mere
1137 1482 1286 1557 Romano,
1315 1484 1365 1560 qul
1387 1499 1464 1543 nunc
1486 1485 1588 1561 incipit
1608 1484 1731 1560 exprimi

380 1577 411 1632 ln
441 1572 616 1637 calendariis
637 1574 828 1651 germanicis:
860 1571 898 1633 ud
920 1572 996 1632 hane
1017 1587 1078 1632 rem
1100 1587 1175 1648 opus
1197 1580 1274 1632 esset
1300 1573 1539 1648 uaneeuiptions
1569 1561 1756 1631 totius-cu-*1

380 1660 506 1725 landaril
530 1676 597 1721 cum
620 1678 709 1722 aureo
732 1676 862 1721 numero.
907 1657 1004 1735 Quare
1027 1667 1058 1733 et
1078 1657 1152 1724 hose
1174 1661 1297 1735 entique
1319 1658 1411 1718 lorma
1426 1657 1583 1719 calendarii
1605 1665 1635 1718 et
1658 1674 1734 1733 quae

379 1765 449 1826 pare
471 1750 499 1808 el
521 1751 664 1809 suecessit
685 1751 723 1807 in.
737 1764 817 1808 novo
841 1745 1007 1807 calendario
1032 1743 1223 1821 Gregoriuuo,
1247 1745 1347 1825 cyclus
1370 1754 1552 1822 epsetarum,
1575 1744 1734 1830 rejicienda

379 1837 546 1896 necessario
569 1834 697 1896 suntad
721 1842 888 1912 computum
911 1833 1151 1910 eeclesiestieum,
1174 1851 1231 1893 una
1254 1851 1320 1893 cnm
1342 1831 1527 1906 calendariis,
1551 1831 1734 1893 Judaeorum

337 1969 358 1998 ,
380 1924 598 2001 operosissimo,
622 1922 855 1996 Atheniensium,
878 1915 1089 1996 Macedonum,
1113 1921 1269 1998 Syrorum,
1291 1920 1459 1995 lunaribua3
1482 1922 1652 1998 praesertim
1667 1935 1734 1980 cum

380 2010 456 2071 haee
479 2012 642 2089 posteriora
663 2027 718 2070 noe
740 2008 777 2069 de
800 2026 859 2070 uno
882 2017 972 2085 atque
994 2008 1086 2068 altero
1110 2007 1159 2068 dio
1179 2005 1351 2086 plerumque
1373 2005 1539 2084 relinquant
1562 2009 1590 2065 in
1607 2007 1734 2085 incerto,

343 2170 347 2175 q
380 2100 424 2157 sic
449 2106 481 2157 ut
502 2099 624 2177 propius
639 2096 684 2158 ed
708 2098 786 2158 diem
808 2098 961 2157 veniamus
984 2096 1203 2173 computatione
1226 2112 1261 2155 ex
1276 2094 1322 2154 his
1337 2093 1445 2154 tabulis
1468 2093 1608 2156 taeiuima
1630 2095 1736 2156 aetatis

380 2184 500 2260 Lunae,
525 2200 603 2261 quae
626 2184 684 2246 diei
707 2186 814 2262 cuique
835 2182 914 2263 apud
936 2179 1071 2244 nationes
1094 2189 1335 2243 commemoratae
1357 2197 1462 2243 nomeu
1484 2183 1623 2260 imponit,
1646 2198 1735 2261 quam
1755 2225 1779 2245 ,,

380 2271 452 2332 ullis
474 2270 575 2350 cyclis.
606 2271 706 2336 .Adde
737 2272 816 2349 quod
844 2271 967 2348 eclipses
994 2287 1045 2358 per
1073 2269 1134 2329 dies
1165 2267 1327 2331 calendarii
1349 2270 1447 2345 graeci
1477 2260 1615 2347 signatas
1632 2269 1735 2330 Ptole·

380 2375 485 2441 manum
503 2358 568 2436 Jsm
590 2360 689 2420 retulit
710 2359 749 2418 ad
773 2360 943 2437 Aegyptios.
987 2357 1051 2417 Etsi
1075 2374 1145 2417 vero
1168 2364 1272 2437 typum
1293 2357 1374 2417 aurel
1389 2358 1501 2418 numeri
1517 2357 1652 2431 exhibeo,
1672 2373 1734 2416 non

378 2455 478 2507 nmen
500 2448 527 2506 is
548 2449 640 2507 servit
660 2448 819 2524 signationi
841 2444 938 2507 nauali
960 2453 1135 2521 temporum,
1158 2442 1211 2504 scd
1229 2442 1405 2523 indagandis
1419 2440 1598 2526 eclipsibus,
1610 2453 1643 2505 ut
1664 2446 1737 2504 titu-

310 2554 312 2560 ’
354 2533 428 2596 ,lus
450 2535 514 2612 ipae
537 2542 645 2596 monet

402 2686 528 2752 Tubella
542 2687 756 2751 hebdomadicu
778 2688 816 2751 ed
838 2666 940 2750 leriam
963 2688 1020 2750 diei
1043 2686 1240 2765 indagandam
1261 2705 1314 2768 per
1330 2647 1566 2751 triueonteterida
1587 2689 1616 2748 in
1628 2706 1716 2767 'anuo

737 2836 740 2841 .
865 2778 991 2848 Arabim
1016 2794 1092 2854 vago
1115 2775 1253 2854 Hegirae.

434 3262 509 3317 uria-
608 3267 659 3317 180
756 3274 842 3321 conta·
941 3267 991 3317 100

455 3338 490 3387 90
599 3350 668 3387 eom·
775 3341 809 3391 60
937 3336 991 3400 pla·

524 3425 527 3435 ·
643 3409 660 3457 2
833 3456 836 3465 ,
1052 3444 1054 3448 -
1412 3408 1514 3458 Muhar-
1623 3407 1676 3455 420

474 3477 491 3527 d
581 3476 686 3541 sephar.
739 3479 818 3530 Rable
835 3480 855 3532 l.
973 3477 991 3526 4
1352 3515 1357 3522 .
1413 3492 1467 3528 ram
1485 3480 1512 3531 3.
1624 3477 1676 3526 000

1306 3547 1322 3596 d
1623 3546 1676 3596 eto

1492 3627 1495 3633 ·
1607 3617 1676 3666 1050

1240 3686 1268 3735 dl
1284 3686 1357 3737 1..11
1607 3688 1677 3736 1200

1289 3758 1323 3807 14
1607 3757 1676 3806 itte
1776 3796 1780 3808 .

1438 3828 1471 3877 10
1608 3827 1676 3877 1680

1175 3920 1187 3935 ·
1279 3898 1323 3946 ,10
1405 3894 1518 3947 Schaeal.
1607 3897 1675 3947 1800

1157 4003 1163 4017 .
1289 3968 1323 4017 22
1607 3967 1676 4017 2100

1438 4037 1472 4086 24
1663 4033 1666 4040 “

1289 4107 1332 4158 tt·

492 4430 627 4502 „’1·ypas“.
650 4449 726 4510 quam
743 4435 809 4485 dixit
825 4435 962 4500 Keplarue,
983 4437 1077 4487 curel
1098 4436 1236 4503 numeri,
1260 4417 1335 4485 lueet
1348 4434 1443 4486 tabulis
1466 4432 1563 4487 10180
1581 4433 1655 4484 initio
1680 4447 1742 4497 par·

388 4508 423 4556 tle
439 4504 487 4560 lll.
506 4510 533 4555 ct
549 4504 614 4556 hanc
630 4505 706 4556 habet
722 4507 841 4558 termam:
1691 4549 1692 4554 ,
