4459 6275
447 784 511 846 osc
949 768 1091 846 mono
1110 773 1300 832 narmoniae
1397 753 1406 850 [
1531 752 1543 777 ⁶

445 960 506 1031 isis
537 972 643 1031 causa,
673 960 705 1016 ut
733 954 815 1015 libris
838 953 891 1014 Vl.
915 961 945 1013 ct
968 952 1036 1015 Vll.
1066 957 1095 1012 in
1125 953 1321 1035 explicatione
1350 951 1484 1013 osseum
1504 950 1586 1012 Solle
1615 958 1649 1013 oi
1667 950 1794 1031 opham

448 1054 574 1106 omres
597 1041 752 1104 dicendum
774 1043 845 1102 erit:
873 1042 945 1101 certi
967 1049 1065 1101 tamen
1088 1041 1161 1100 nihil
1185 1044 1283 1120 potest
1305 1038 1401 1100 alieni
1425 1039 1462 1100 de
1481 1039 1639 1116 omnem,
1662 1038 1735 1116 onis
1754 1040 1797 1099 rol

449 1132 588 1194 credibile
611 1130 747 1205 diximus,
771 1131 860 1190 etiam
881 1128 1012 1204 reliquos
1033 1130 1189 1206 primarios
1212 1127 1355 1188 turbinati
1377 1129 1454 1188 eirea
1471 1138 1542 1188 snos
1558 1140 1633 1195 stes
1647 1140 1797 1205 corporum

452 1222 557 1299 plagae
580 1227 695 1293 mmen,
717 1220 747 1276 iu
771 1230 845 1293 quas
870 1223 994 1292 vergunt
1016 1228 1070 1276 seu
1093 1214 1243 1276 declinam
1263 1215 1294 1275 iri
1318 1228 1403 1288 arm,
1426 1215 1515 1276 nobis
1537 1222 1609 1276 rent
1630 1214 1799 1292 incognitos:

450 1325 540 1385 quare
564 1310 593 1365 in
616 1306 680 1367 sola
701 1303 820 1365 Tellure
843 1303 986 1364 habemus
1009 1303 1184 1382 exemplum.
1231 1303 1269 1362 Et
1292 1302 1385 1379 Luns,
1408 1302 1612 1378 secundarius,
1636 1314 1698 1363 noo
1719 1301 1800 1361 istd·

450 1404 545 1468 natur,
569 1411 635 1454 cum
658 1402 755 1453 tamen
780 1390 916 1452 conficiat
937 1406 1007 1450 snas
1029 1390 1212 1452 latitudines.

540 1480 700 1560 Quomodo
718 1483 877 1555 pressiori
898 1480 954 1537 lroe
974 1484 1079 1555 potest,
1106 1486 1143 1538 tri
1163 1481 1273 1538 iimo
1294 1490 1481 1539 recursuum
1501 1478 1650 1538 recedent
1669 1479 1708 1536 isi
1727 1482 1802 1536 nob

451 1569 610 1631 cedentia?
633 1568 705 1628 Pars
729 1567 833 1644 aliqua
856 1566 943 1643 hujus
966 1568 1157 1645 apparentiae
1180 1566 1231 1626 lib.
1248 1565 1317 1627 Vll.
1342 1566 1532 1627 excussorum
1553 1572 1586 1625 ul
1606 1562 1803 1633 aoetimorle

424 1710 429 1721 .
452 1675 512 1718 non
534 1665 568 1715 ut
589 1656 714 1735 physica
738 1653 784 1714 vel
806 1654 905 1714 realis.
944 1651 1031 1729 Quod
1054 1664 1125 1714 vero
1147 1652 1185 1714 de
1205 1654 1263 1713 lroc
1284 1662 1367 1714 motu
1388 1652 1538 1714 residuum
1560 1661 1591 1713 et
1612 1650 1804 1725 redeotld

443 1751 615 1824 praestatur
645 1751 720 1802 nutu
746 1742 885 1802 librorum
915 1740 1080 1802 latitudinis
1107 1740 1295 1803 succedaueo
1317 1743 1347 1798 iu
1371 1740 1590 1817 antecedentis,
1622 1748 1657 1800 ut
1679 1746 1805 1801 romi

452 1831 570 1910 quidem
602 1832 631 1889 in
661 1830 750 1907 plano
781 1846 839 1889 uuo
863 1834 893 1888 et
915 1828 1019 1889 eodem
1041 1831 1071 1886 in
1094 1835 1158 1888 toto
1179 1846 1234 1889 suo
1257 1831 1382 1889 circuitu
1404 1829 1610 1902 srenissimo,
1638 1830 1726 1905 ipsse
1746 1840 1806 1887 roro

451 1936 538 1997 super
569 1919 699 1996 corporis
730 1918 776 1976 sui
804 1915 922 1992 globosi
950 1926 1050 1977 centro
1081 1916 1122 1996 (ln.
1147 1933 1173 1978 e.
1197 1916 1304 1992 globus
1326 1913 1403 1997 ipse)
1427 1916 1554 1978 latenter
1574 1914 1743 1977 secundnm
1761 1912 1806 1974 ber

418 2066 421 2071 .
451 2006 540 2067 libras
566 2004 740 2066 inclinentur
762 2013 928 2064 retrorsum.

542 2092 662 2170 Quibass
690 2109 727 2152 ee
754 2095 855 2151 cosam
883 2095 985 2152 emtor
1010 2091 1084 2150 boec
1110 2091 1293 2152 reclinatio?
1326 2089 1478 2153 Hactenus
1507 2088 1629 2171 quidem
1661 2102 1807 2151 aaaron

453 2180 660 2260 plerarumque
690 2178 849 2239 allatsrnm
879 2177 1001 2239 evidens
1037 2186 1101 2239 erat
1129 2178 1370 2253 verisimilitudo,
1408 2180 1438 2238 in
1476 2179 1533 2240 bne
1562 2178 1671 2238 ultimo
1700 2179 1808 2255 agmine

450 2285 545 2328 rerum
577 2270 840 2329 mnonomtcamm
873 2283 961 2342 aegre
991 2265 1153 2326 succedunt
1181 2282 1289 2327 causam
1319 2267 1495 2345 laboratquo
1526 2280 1593 2328 curn
1622 2276 1724 2338 mens,
1755 2271 1807 2324 tu

452 2358 581 2416 maxime
604 2352 678 2414 tides
700 2369 813 2427 eornm,
846 2370 924 2430 qnae
946 2355 1014 2430 quis
1035 2356 1217 2414 comminisci
1239 2354 1341 2433 possit
1386 2355 1529 2415 Dicamus
1550 2362 1651 2414 temen
1675 2361 1809 2431 pontu

455 2445 586 2506 invenire
609 2457 776 2519 possumus.
822 2440 975 2500 Fibrarum
991 2440 1155 2500 latitudinis
1178 2448 1313 2501 naturam
1327 2445 1487 2504 enormiora
1509 2440 1638 2502 diximus
1653 2442 1685 2499 iu
1707 2440 1810 2518 sptiu-

455 2531 522 2591 dine
545 2529 717 2591 admotum
740 2545 883 2606 prorsum,
907 2531 937 2586 in
952 2528 1072 2605 plagam
1095 2529 1271 2598 directionis
1285 2542 1357 2591 snae
1380 2527 1554 2607 perallalse3
1575 2528 1810 2598 dirlmusetin

454 2618 524 2679 dnm
548 2616 688 2690 exloco,
713 2619 764 2693 qul
785 2614 935 2696 planetam
958 2616 1048 2676 babet
1070 2618 1126 2677 sub
1149 2615 1293 2693 ecliptica,
1317 2631 1358 2677 sc.
1382 2620 1446 2689 (rig.
1465 2620 1522 2688 tt.)
1545 2634 1582 2676 er
1605 2614 1640 2690 G,
1664 2614 1700 2691 li,
1723 2620 1810 2675 nans·

454 2706 584 2766 teruntur
608 2707 638 2762 io
661 2703 758 2764 locum
783 2720 923 2766 excursus
946 2702 1110 2780 longissimi
1135 2706 1163 2763 in
1186 2705 1307 2787 boream
1332 2703 1378 2765 rel
1401 2712 1541 2776 anstrum,
1565 2706 1596 2762 in
1613 2703 1642 2762 D
1665 2709 1698 2763 et
1716 2702 1751 2776 i',
1770 2702 1810 2759 lo·

455 2794 539 2853 terim
577 2791 643 2851 illas
674 2809 793 2852 manere
820 2791 979 2868 parallelas
1006 2806 1100 2869 eaque
1124 2794 1236 2852 ratione
1259 2792 1337 2866 lieri,
1368 2799 1401 2851 ut
1423 2808 1489 2851 eram
1510 2790 1571 2851 illie
1593 2792 1624 2849 is
1648 2790 1683 2866 G,
1706 2788 1732 2849 it
1752 2796 1810 2849 tes·

454 2889 558 2957 gerent
583 2880 723 2952 orbitam,
756 2879 805 2939 lric
830 2879 894 2955 jem
918 2881 947 2938 in
970 2878 1015 2953 D,
1046 2879 1070 2938 F
1101 2882 1129 2938 in
1152 2880 1327 2956 protundum
1356 2894 1459 2941 versas
1480 2878 1581 2940 Solem
1603 2877 1811 2956 cenerum,

456 2985 597 3044 quorsum
621 2975 720 3027 motus
743 2967 793 3028 ille
817 2982 876 3025 uon
899 2966 1043 3039 tenditur,
1066 2967 1104 3025 ad
1127 2983 1215 3043 quem
1238 2965 1395 3027 inclinatae
1418 2978 1501 3027 sunt:
1533 2968 1606 3044 quin
1629 2964 1731 3044 potius
1750 2972 1811 3024 tsst

437 3056 563 3115 -dumen
587 3058 743 3114 motorium
766 3072 802 3115 ex
826 3053 905 3127 Sole,
930 3061 962 3112 nt
982 3055 1026 3114 sic
1049 3053 1159 3129 dicam,
1188 3056 1216 3113 in
1240 3060 1423 3115 transversos
1446 3054 1499 3114 AB
1522 3052 1640 3132 angulis
1663 3052 1752 3114 rectis
1770 3052 1810 3109 lo·

456 3146 559 3215 currit,
594 3143 717 3204 celerius
741 3143 860 3203 interius
889 3143 942 3222 (sc.
965 3141 1044 3220 apud
1068 3143 1094 3201 Α
1118 3144 1146 3200 in
1170 3145 1228 3203 situ
1251 3144 1275 3202 F
1298 3152 1329 3204 et
1350 3141 1429 3219 apud
1452 3144 1478 3202 B
1501 3145 1530 3201 in
1557 3145 1618 3202 sitn
1640 3136 1701 3221 D),
1731 3153 1811 3218 qm

424 3225 426 3230 ’
455 3232 592 3307 superius
614 3238 645 3291 et
666 3232 804 3290 exterius.
850 3229 883 3290 Si
906 3245 976 3306 ergo
998 3237 1067 3290 sunt
1089 3229 1249 3291 inclinatae
1272 3229 1309 3290 ad
1333 3239 1451 3305 motum,
1476 3229 1547 3308 qnid
1566 3232 1685 3303 mirum,
1708 3230 1734 3287 si
1748 3227 1811 3287 bace

458 3318 625 3391 inclinatio,
658 3325 740 3393 parte
772 3318 898 3377 interiori
920 3317 1039 3394 plagam
1062 3325 1170 3377 motus*
1182 3326 1339 3397 appetens,
1369 3318 1489 3395 deroget
1511 3317 1644 3377 nonnihil
1669 3313 1812 3394 paralleli·

413 3462 416 3468 .
456 3408 519 3477 tati,
545 3404 632 3480 idque
656 3407 683 3462 in
707 3413 832 3481 utroque
854 3405 957 3464 limite.
1003 3405 1051 3465 Its
1072 3411 1212 3483 sequetur
1236 3415 1415 3466 retrocessns
1437 3406 1580 3479 limitum,
1607 3405 1720 3482 quippe
1740 3400 1814 3461 nnis

457 3495 599 3551 existente
630 3494 878 3569 compensatione.
924 3492 997 3551 Nam
1029 3493 1108 3569 apud
1142 3494 1163 3551 l*
1194 3494 1430 3570 protrudeturri
1460 3495 1537 3554 riam
1561 3491 1657 3565 EAG,
1691 3488 1813 3568 spudll

458 3579 643 3656 protrudetur
677 3580 701 3638 B
737 3580 814 3639 viam
849 3579 971 3641 eandem
1007 3581 1098 3639 CBE:
1134 3584 1174 3639 ite
1209 3583 1345 3657 utrinque
1375 3581 1399 3640 B
1430 3581 1617 3643 inclinabitur
1647 3580 1679 3637 iu
1709 3591 1814 3657 papyro

459 3666 605 3728 deorsum.

546 3751 658 3828 Quodsi
682 3753 757 3813 haee
780 3770 871 3813 cause
893 3770 950 3812 non
975 3752 1153 3828 admittitur,
1186 3772 1255 3831 ergo
1281 3757 1379 3814 anima
1401 3757 1506 3814 metris
1530 3761 1712 3827 arcessatur,
1744 3767 1815 3830 quas

459 3841 595 3901 nucleum
618 3845 762 3900 internum
787 3844 815 3900 in
840 3851 951 3901 ernslra
975 3844 1109 3902 exteriori
1133 3845 1195 3902 suis
1219 3843 1332 3919 legibus
1356 3851 1500 3918 torqueat,
1527 3841 1585 3901 boc
1607 3841 1732 3900 consilio
1754 3839 1814 3918 opl-

458 3932 537 4003 ticis,
571 3937 604 3988 ut
627 3931 783 3989 innexione
806 3936 908 3989 mutua
932 3931 1092 3989 orbitarum
1115 3932 1201 3989 unius
1225 3947 1260 3990 ex
1284 3930 1344 3989 alis
1370 3931 1530 4006 crebraque
1553 3943 1654 3989 earum
1677 3926 1815 4005 multipli-

458 4019 573 4076 catione
603 4024 632 4077 et
664 4016 891 4078 condensatioue
922 4035 1059 4077 successu
1088 4018 1252 4078 seculorum
1275 4018 1410 4077 soliditas
1433 4017 1533 4095 aliqua
1556 4015 1732 4076 orbicularis
1754 4029 1815 4094 per·

457 4112 604 4165 mesretur
629 4123 648 4163 a
671 4104 799 4184 planeta.
1562 4109 1565 4114 “

550 4193 654 4270 Quare
675 4193 795 4251 tardior
818 4200 860 4250 esi
881 4197 1052 4253 retrocessio
1075 4194 1219 4267 limitum,
1243 4204 1338 4269 qnam
1360 4194 1527 4268 progressio
1551 4190 1719 4266 apsidum?
1761 4190 1815 4249 Etsi

458 4297 503 4339 res
528 4283 593 4358 ipsa
616 4281 693 4339 cirea
707 4279 884 4340 Mercurium
909 4284 937 4338 in
962 4279 1052 4339 dubio
1076 4290 1121 4339 est
1144 4283 1291 4357 etiamque
1315 4282 1392 4339 circa
1413 4279 1521 4339 ,levem
1546 4278 1690 4351 nonnihil,
1714 4293 1815 4355 uoce

458 4385 521 4425 mur
544 4376 641 4427 temen
664 4368 914 4444 probabilitatem,
939 4376 1056 4446 propter
1079 4368 1246 4445 exemplum
1263 4368 1365 4427 [suune
1388 4366 1518 4438 evidens,
1542 4357 1815 4443 dicamusouoau·

458 4470 521 4511 sam
551 4455 643 4532 banc,
674 4456 744 4531 quia
773 4456 872 4530 magni
905 4463 1003 4514 motus
1034 4456 1202 4516 sensibilior
1229 4457 1394 4516 necessario
1425 4454 1457 4513 lit
1486 4453 1615 4527 turbela,
1646 4456 1672 4513 si
1700 4469 1760 4529 qus
1779 4449 1815 4520 di,

458 4557 548 4615 quam
575 4545 671 4618 parvi,
701 4543 740 4601 ab
772 4542 875 4602 eadem
898 4551 1039 4603 extranea
1061 4562 1161 4604 eausa.
1207 4543 1276 4603 laur
1300 4544 1490 4620 transpositio
1513 4540 1649 4618 apsidum
1674 4543 1765 4601 oritur
1784 4555 1814 4598 ea

459 4635 539 4684 motu
570 4646 689 4704 magno,
723 4633 773 4707 qui
798 4639 843 4689 est
866 4630 1016 4690 inclinatio
1040 4641 1069 4690 et
1092 4633 1246 4692 reclinatio
1269 4631 1407 4690 librarum
1430 4632 1459 4686 in
1482 4627 1618 4705 quolibet
1639 4626 1815 4689 semicirculo

458 4722 556 4782 mista,
588 4725 699 4789 quante
722 4725 768 4776 est
791 4720 930 4793 aequatio
954 4720 1070 4795 optics,
1100 4719 1241 4797 fieretque
1264 4719 1359 4794 major
1382 4727 1412 4778 ct
1435 4720 1551 4776 omnino
1575 4715 1694 4792 totalis,
1717 4719 1743 4776 si
1763 4729 1814 4773 non

459 4803 677 4879 praeveniretur
704 4805 952 4864 circumductione
976 4805 1058 4881 globi
1082 4807 1245 4883 planetarii.
1292 4807 1332 4865 nt
1355 4806 1545 4884 transpositio
1567 4802 1697 4864 limitum
1719 4804 1752 4865 ot
1771 4815 1815 4881 pti

458 4897 570 4948 motum
601 4905 722 4963 parvum
753 4902 893 4952 excursus
925 4892 962 4950 sd
991 4892 1083 4952 intere
1114 4913 1275 4971 paucorum
1306 4892 1451 4970 grsdmm
1474 4895 1577 4968 etqui
1601 4909 1656 4952 sno
1680 4892 1738 4954 hoe
1757 4905 1814 4950 nc

458 4975 528 5036 dulo
554 4992 613 5034 nou
636 4984 681 5034 est
703 4979 811 5054 maior,
842 4988 874 5038 ut
902 4982 1034 5039 incusare
1059 4981 1131 5038 nilril
1157 4985 1264 5059 possit,
1297 4998 1357 5057 qno
1380 4980 1566 5059 impediatur.
1613 4978 1714 5055 Quare
1736 4977 1814 5038 Μαι

458 5063 536 5122 Solis
560 5062 651 5134 radii,
680 5072 791 5125 motum
815 5076 971 5143 utrumque
995 5068 1179 5144 impellentes
1203 5070 1318 5146 legibus
1338 5069 1400 5144 jam
1425 5068 1597 5147 explicatis,
1627 5067 1812 5129 evidentiores

459 5151 518 5207 illic
544 5150 655 5212 babent
683 5151 802 5212 edoctus
834 5171 924 5230 qnam
954 5154 1010 5214 hic.
1058 5156 1194 5230 Accedit,
1228 5156 1309 5234 quod
1337 5155 1397 5217 illic
1425 5156 1530 5231 majori
1562 5171 1630 5216 cum
1659 5153 1813 5217 oncense

458 5246 550 5312 sgnut
575 5237 650 5300 radii
680 5237 761 5301 solu
791 5257 880 5318 quarn
908 5242 972 5319 bic,
1002 5245 1106 5305 ceteris
1136 5245 1265 5324 peribas.
1311 5243 1378 5306 illic
1404 5247 1484 5307 anim
1513 5242 1663 5306 redieram
1684 5241 1761 5307 sols
1779 5235 1811 5299 ol
