4459 6275
432 792 498 855 sae
920 786 1078 859 naama
1094 786 1288 884 mammas
1311 753 1315 761 ¹

431 969 516 1027 narta
543 966 654 1029 iaciunt
680 983 810 1029 meumm
841 965 869 1028 d.
894 969 935 1027 ne
958 966 987 1027 b.
1014 967 1064 1027 lb.
1089 969 1121 1027 't‘
1149 965 1285 1044 longum,
1315 967 1455 1044 perigsea
1483 965 1513 1027 d.
1537 968 1579 1027 2⁹
1607 966 1640 1027 b.
1667 966 1717 1028 te.
1739 968 1790 1025 w

432 1053 564 1133 longum.

731 1193 784 1254 De
815 1190 1181 1270 inaequalitatibus
1212 1187 1485 1273 menstruie.²⁹)

520 1314 635 1391 Quibus
663 1315 837 1374 nominibus
866 1315 1027 1390 distinquis
1055 1313 1134 1372 duas
1162 1314 1301 1373 residuas
1330 1322 1502 1374 mannans
1531 1317 1792 1393 inaequalium?

433 1401 516 1462 Prior
538 1401 651 1462 dicatur
669 1409 866 1479 temporanea,
889 1404 1034 1479 posterior
1055 1409 1207 1480 perpetua.
1253 1401 1337 1461 Prior
1359 1404 1437 1462 enim
1459 1419 1519 1463 nen
1548 1403 1617 1464 ideo
1645 1414 1793 1465 meamus

433 1488 547 1563 dicitur,
572 1489 651 1565 quod
672 1489 796 1567 singulis
820 1491 970 1549 mensibus
993 1490 1101 1562 redeat,
1125 1490 1177 1548 scd
1200 1487 1276 1561 ideo,
1301 1491 1370 1566 quia
1392 1492 1509 1549 nonnisi
1528 1506 1623 1557 masa
1643 1492 1793 1553 illumina·

433 1578 538 1650 tionis,
569 1594 647 1653 quae
674 1593 804 1637 mensem
827 1577 911 1652 lacit,
943 1578 1068 1652 oriatn'r;
1096 1592 1155 1634 non
1178 1583 1277 1636 manet
1298 1580 1386 1653 igitur
1413 1577 1545 1653 ejusdem
1567 1582 1744 1655 quantitatis
1764 1583 1790 1639 tn

435 1664 571 1725 omnibus
594 1664 804 1739 lunationibus,
828 1665 880 1725 aed
903 1664 1046 1741 paulatim
1069 1665 1099 1721 in
1122 1664 1313 1740 sequentibus
1335 1666 1485 1724 mensibus
1509 1670 1677 1743 evanescit3
1701 1668 1790 1728 uun

434 1753 629 1830 quantitatem
659 1753 773 1812 obtinet
801 1751 942 1826 eandem,
973 1769 1025 1828 per
1054 1767 1155 1811 omnes
1182 1751 1349 1811 lunationes
1379 1762 1533 1825 conamus,
1564 1762 1594 1813 et
1617 1756 1663 1815 sle
1684 1754 1791 1833 duplici

434 1842 553 1900 nomine
576 1847 725 1899 menstrua
748 1838 862 1914 dicitur,
888 1849 917 1899 et
940 1841 1010 1915 qnia
1034 1846 1078 1898 est
1101 1840 1140 1899 ab
1162 1839 1387 1914 illuminatione,
1411 1856 1489 1917 quae
1507 1856 1642 1901 mensem
1663 1843 1744 1918 iacit,
1765 1850 1792 1903 et

435 1929 507 2003 quia
529 1927 653 2002 siugulis
676 1928 827 1987 mansibus
849 1926 926 1987 redit
948 1926 1060 1986 eadem.

522 2016 588 2087 Quo
611 2013 717 2074 ordine
738 2022 810 2073 aunt
833 2014 1021 2073 tradendae?
1053 2015 1130 2089 Etsi,
1155 2021 1187 2072 ut
1211 2014 1285 2074 libro
1306 2013 1361 2074 IV.
1386 2013 1436 2073 tol.
1461 2014 1534 2075 eet.
1567 2013 1789 2092 disputavimus,

433 2110 577 2181 perpetua
604 2109 710 2161 natura
740 2104 819 2178 prior
849 2110 895 2162 est
924 2111 954 2162 et
981 2110 1108 2177 cognata
1138 2105 1231 2161 motui
1254 2102 1357 2160 Lunae
1385 2101 1481 2161 medie
1513 2110 1544 2161 et
1565 2118 1658 2164 censa
1680 2112 1790 2183 tempo·

434 2206 552 2269 raucae,
575 2205 669 2265 eaque
692 2189 729 2251 de
752 2207 782 2248 re
806 2205 915 2263 causae,
934 2190 998 2265 ejus
1021 2190 1170 2250 naturales
1192 2191 1281 2265 priori
1297 2190 1363 2248 loco
1386 2189 1598 2266 explicavimus
1619 2210 1639 2250 a
1652 2190 1705 2252 tol.
1723 2194 1789 2252 itt.

433 2280 463 2337 in
486 2276 536 2337 iol.
561 2278 640 2352 368,
670 2294 775 2337 canem
799 2294 868 2338 vero
891 2283 1098 2353 temporaneae
1120 2280 1279 2354 posterius,
1307 2275 1419 2337 atolio
1443 2278 1506 2336 388
1530 2280 1559 2335 in
1583 2280 1664 2351 393,
1700 2288 1789 2340 tamea

433 2364 496 2442 jam
519 2366 548 2423 tn
570 2366 654 2441 praxi
678 2366 874 2424 astronomica
895 2364 1093 2441 incipiendum
1117 2373 1162 2424 est
1185 2382 1204 2423 a
1225 2374 1423 2441 temporanea,
1447 2366 1519 2441 quia
1537 2364 1622 2439 baec,
1646 2368 1676 2424 tn
1701 2384 1791 2444 qusn-

434 2461 496 2512 tum
518 2451 638 2529 quidem
660 2451 751 2512 babet
773 2452 906 2528 quolibet
928 2470 1028 2512 mense
1043 2452 1206 2512 dimensum
1228 2470 1314 2512 suum
1338 2461 1457 2526 certum,
1481 2451 1633 2512 simillima
1654 2462 1703 2514 est
1722 2472 1790 2515 ano

434 2539 541 2601 malias
570 2539 687 2600 solutae
717 2542 896 2617 stupetque,
927 2547 960 2599 ut
982 2539 1050 2613 illa,
1080 2550 1140 2599 tam
1161 2539 1376 2617 longitudinem
1399 2556 1488 2616 quam
1510 2539 1711 2603 latitudinem.
1756 2544 1791 2603 At

368 2622 380 2643 ²
433 2636 576 2706 perpetua
599 2636 644 2687 est
666 2629 780 2704 generis
805 2628 925 2687 alterins
948 2628 1094 2688 eteniam
1117 2627 1329 2705 longitudinem
1353 2631 1463 2703 variat;
1493 2630 1594 2706 itaque
1619 2632 1712 2691 ettam
1734 2630 1792 2691 eal·

436 2714 520 2776 culus
543 2715 651 2776 Brabei
676 2715 809 2774 ultimam
831 2714 961 2776 adhibet.
1354 2788 1358 2795 Ι

521 2803 676 2879 Quomodo
699 2802 849 2863 diuiditur
869 2807 980 2862 mensis
1000 2802 1164 2879 mundiora
1183 2809 1308 2879 propter
1335 2802 1571 2878 inaequalitates
1599 2806 1794 2866 mnarum?

435 2889 586 2950 Dividitur
608 2893 637 2950 in
661 2889 735 2949 duos
758 2894 908 2965 semisses,
938 2907 1028 2949 unum
1051 2890 1154 2950 Lunae
1183 2891 1355 2959 crescentis,
1384 2888 1467 2949 utta
1485 2896 1555 2962 (Fir.
1574 2900 1642 2966 ee),
1671 2893 1791 2955 alterna

434 2979 614 3039 senescentis
637 2977 730 3052 CFG,
763 2996 887 3056 quorum
909 2979 1007 3039 media
1030 2985 1131 3038 tenent
1152 2977 1282 3054 quadrae
1304 2975 1366 3051 IK,
1397 2977 1463 3051 Eli,
1486 2975 1559 3037 fines
1581 2978 1711 3057 copulae
1733 2982 1790 3057 (ll),

436 3064 506 3127 GH.
549 3065 687 3143 Amplius
717 3068 895 3145 quadrantes
927 3067 981 3127 bos
1012 3074 1139 3144 quatuor
1168 3064 1245 3124 aliae
1274 3064 1382 3142 pheses
1404 3064 1446 3139 L,
1468 3063 1517 3138 ts,
1540 3064 1578 3142 N,
1603 3064 1632 3127 Ο
1654 3070 1791 3146 biserant,

436 3154 570 3234 Brabeus
594 3163 726 3215 octautes
749 3153 831 3229 dixit,
856 3153 937 3232 quod
958 3157 1068 3214 mensis
1090 3156 1127 3214 iis
1150 3156 1180 3212 in
1204 3162 1270 3214 octe
1293 3161 1392 3231 partes
1415 3152 1572 3213 dividatur.

524 3241 686 3318 Numquid
706 3243 760 3303 boc
774 3245 839 3304 loco
854 3245 965 3301 mensis
986 3243 1033 3302 vel
1048 3243 1217 3302 lunationes
1237 3241 1420 3301 vocabulum
1435 3240 1540 3300 induit
1560 3243 1706 3320 aliquam
1720 3245 1792 3306 teol-

331 3335 335 3342 '
435 3333 540 3389 nicam
561 3330 821 3407 siqniticatienem,
845 3338 873 3390 et
893 3349 973 3406 quae
995 3329 1070 3388 illa?
1102 3327 1245 3389 Omnino:
1270 3347 1339 3388 uam
1361 3331 1416 3389 etsi
1439 3329 1558 3407 apsides
1580 3339 1612 3392 et
1628 3333 1701 3392 nodi
1724 3336 1790 3394 emi·

438 3427 562 3494 grente
585 3417 699 3494 copulis
722 3426 752 3477 et
774 3418 892 3494 quadris
916 3427 996 3477 motu
1021 3419 1170 3489 continuo,
1194 3418 1236 3476 sic
1259 3426 1291 3476 nt
1314 3416 1395 3476 nulla
1419 3435 1486 3493 pars
1509 3422 1620 3479 mensis
1648 3421 1702 3480 alii
1726 3423 1792 3500 parti

436 3505 539 3564 similis
562 3507 600 3564 sit
622 3508 652 3562 in
676 3505 867 3583 dispositione
890 3508 1016 3582 apogaei
1041 3504 1087 3564 vel
1110 3506 1180 3563 nodi
1203 3505 1241 3564 ad
1265 3505 1385 3582 phasee,
1409 3505 1547 3582 fingimus
1563 3518 1672 3582 tamem
1698 3508 1793 3587 dispo-

436 3593 572 3654 sitionem
596 3593 671 3652 hanc
695 3601 756 3653 toto
780 3611 878 3654 mense
901 3611 1017 3653 manere
1041 3593 1140 3668 talem,
1165 3592 1261 3669 qualis
1282 3595 1428 3653 invenitur
1451 3592 1489 3652 ad
1512 3605 1696 3657 momentum
1718 3595 1792 3670 illud,

437 3679 475 3741 ed
499 3679 577 3758 quod
600 3680 703 3740 Lunae
726 3681 808 3741 locus
832 3691 877 3741 est
899 3680 1107 3758 dispiciendas.

527 3768 607 3845 Quid
628 3772 724 3844 iqitur
745 3770 881 3846 appellas
903 3777 1048 3839 natanta,
1080 3767 1156 3844 quid
1178 3767 1314 3843 quadras
1337 3775 1364 3826 et
1386 3767 1462 3843 quid
1482 3770 1632 3845 copulas?
1665 3771 1791 3834 Genera·

436 3856 503 3917 liter
532 3865 562 3916 et
591 3857 722 3916 technice
754 3860 860 3934 quovis
889 3860 1042 3935 proposito
1073 3865 1220 3915 momento
1253 3854 1356 3915 locove
1381 3856 1481 3916 linoae
1511 3864 1579 3916 sunt
1610 3869 1722 3937 puncta
1748 3860 1791 3920 ills

437 3945 559 4017 orbitae,
583 3946 612 4002 in
636 3945 744 4021 quibus
767 3947 792 4004 si
817 3954 885 4005 tunc
908 3955 985 4006 esset
1008 3945 1102 4017 lenna,
1127 3943 1189 4002 Soli
1214 3942 1260 4002 rel
1284 3943 1362 4003 octili
1387 3943 1434 4002 rel
1450 3944 1593 4020 quadrato
1611 3948 1659 4007 vel
1681 3947 1790 4008 trioctili

437 4042 558 4110 aspectu
582 4032 819 4109 configuraretur,
845 4034 891 4093 vel
916 4033 1102 4111 copularetur
1125 4031 1220 4091 eidem
1244 4049 1277 4090 er
1302 4030 1406 4091 eadem
1430 4032 1477 4091 vel
1500 4037 1639 4111 opposita
1661 4037 1759 4114 plaga

522 4131 604 4187 Utin
623 4133 761 4187 schemate
779 4133 821 4200 89,
840 4133 868 4187 in
888 4149 941 4202 qno
959 4132 1090 4190 ATerra.
1109 4130 1132 4183 B
1152 4137 1274 4184 centrum
1293 4131 1437 4185 eceentrici
1456 4132 1493 4198 D,
1517 4133 1541 4187 si
1560 4133 1607 4188 Sol
1626 4137 1663 4191 sit
1681 4138 1709 4192 in
1727 4139 1790 4192 linea

436 4210 487 4264 ΑΗ
506 4218 534 4265 et
551 4211 630 4264 Luna
648 4211 675 4265 in
693 4212 717 4264 l)
737 4210 779 4263 vel
798 4211 822 4264 N
842 4210 885 4267 tel
904 4212 930 4264 in
950 4211 1045 4278 quovis
1063 4211 1116 4264 alio
1136 4217 1237 4278 puncto
1257 4208 1368 4272 orbitae,
1386 4218 1452 4266 tunc
1469 4210 1516 4264 illa
1534 4211 1592 4266 vice
1610 4229 1715 4284 puncta
1727 4218 1789 4272 liet

437 4291 460 4346 (i
479 4290 563 4346 vicem
582 4299 679 4359 gerunt
697 4292 865 4361 copularum,
884 4292 897 4345 Ι
915 4301 944 4346 et
962 4294 987 4347 K
1006 4293 1090 4348 ricem
1109 4293 1287 4361 quadrarum,
1305 4292 1328 4346 L
1347 4291 1433 4347 ricem
1451 4293 1578 4350 ostentis.

524 4384 697 4461 Specialiter
719 4394 748 4445 et
770 4388 864 4445 rarius
886 4388 951 4462 ipsa
975 4386 1039 4445 loca
1056 4403 1190 4447 verarum
1213 4385 1349 4462 plasium
1365 4384 1476 4460 itunae,
1501 4404 1625 4462 quaram
1641 4408 1788 4469 unaquae·

440 4487 497 4547 que
520 4489 573 4532 sno
597 4481 720 4549 apparet
743 4483 904 4547 momento,
934 4474 980 4533 bis
1009 4475 1177 4534 norninibus
1208 4475 1337 4533 veniunt.
1381 4473 1457 4532 Nam
1480 4474 1565 4534 Luna
1595 4480 1625 4536 in
1649 4479 1789 4557 copulas

437 4557 507 4618 Sole
530 4564 676 4620 remotiori
699 4571 823 4638 apparet
845 4560 948 4637 plena,
981 4564 1008 4619 in
1034 4563 1200 4621 octantibus
1231 4561 1273 4618 illi
1304 4563 1443 4637 proximis
1475 4564 1580 4637 gibba,
1617 4568 1646 4623 iu
1678 4567 1789 4645 quadris

437 4645 536 4718 bilida,
561 4650 590 4706 in
613 4652 780 4710 octantibus
802 4649 864 4707 Soli
889 4652 1073 4726 propioribus
1096 4650 1205 4709 falcata
1228 4666 1280 4709 seu
1304 4659 1434 4721 consuta,
1457 4668 1563 4725 graece
1577 4665 1744 4732 amariam-3
1764 4658 1789 4712 iu

438 4734 544 4811 copula
567 4738 692 4796 citeriori
716 4739 919 4812 exstinguitur.
964 4738 1048 4797 Tunc
1072 4755 1141 4796 vero
1165 4738 1280 4795 nonnisi
1304 4737 1427 4795 abusive
1451 4737 1640 4812 quadrantes,
1665 4751 1789 4802 anantes

437 4823 485 4882 vel
507 4824 681 4883 semicirculi
703 4825 761 4886 dici
785 4834 908 4902 pessunt
930 4843 1014 4884 arens
1038 4827 1194 4900 intechcti,
1220 4827 1328 4900 qnippe
1352 4827 1379 4881 in
1404 4823 1539 4899 ecliptica
1562 4828 1654 4904 paulo
1669 4834 1788 4890 minores

437 4919 506 4971 sunt
527 4913 589 4971 suis
612 4911 692 4971 bisce
714 4915 890 4985 nominibus,
915 4916 942 4971 in
967 4915 1062 4972 orbita
1088 4930 1155 4972 sero
1179 4916 1341 4973 ccccntrica
1363 4911 1466 4973 Lunae
1481 4914 1611 4991 majores
1633 4931 1718 4995 parte
1738 4921 1789 4979 tir·

437 5001 508 5060 citer
531 4997 713 5075 duodecima,
738 5010 770 5060 nt
793 5018 828 5060 ex
851 5002 1042 5077 sequentibus
1065 5002 1186 5077 patebit.

799 5144 850 5204 De
874 5144 1154 5221 inaequalitate
1178 5151 1426 5219 temporanea.

531 5267 596 5338 Quo
617 5268 652 5324 in
673 5267 736 5326 situ
757 5264 868 5326 Lunae
887 5269 1013 5344 patescit
1033 5266 1240 5342 inaequalitas
1262 5274 1462 5344 temporam
1482 5273 1512 5327 et
1525 5267 1702 5343 woradi
1718 5271 1788 5352 {urit
