<?xml version="1.0" encoding="UTF-8"?>
<!DOCTYPE html PUBLIC "-//W3C//DTD XHTML 1.0 Transitional//EN"
    "http://www.w3.org/TR/xhtml1/DTD/xhtml1-transitional.dtd">
<html xmlns="http://www.w3.org/1999/xhtml" xml:lang="en" lang="en">
 <head>
  <title>
</title>
<meta http-equiv="Content-Type" content="text/html;charset=utf-8" />
  <meta name='ocr-system' content='tesseract 3.04.00' />
  <meta name='ocr-capabilities' content='ocr_page ocr_carea ocr_par ocr_line ocrx_word'/>
</head>
<body>
  <div class='ocr_page' id='page_1' title='image "./joanniskepleria03frisgoog/joanniskepleria03frisgoog_0481.png"; bbox 0 0 4459 6275; ppageno 0'>
   <div class='ocr_carea' id='block_1_1' title="bbox 1819 736 3620 877">
    <p class='ocr_par' dir='ltr' id='par_1_1' title="bbox 1819 736 3620 877">
     <span class='ocr_line' id='line_1_1' title="bbox 1819 736 3620 877; baseline 0.006 -36"><span class='ocrx_word' id='word_1_1' title='bbox 1819 780 1991 844; x_wconf 61' lang='lat' dir='ltr'><strong>1.spoe</strong></span> <span class='ocrx_word' id='word_1_2' title='bbox 2019 783 2239 847; x_wconf 63' lang='lat' dir='ltr'><strong>sum</strong></span> <span class='ocrx_word' id='word_1_3' title='bbox 2306 786 2449 849; x_wconf 73' lang='lat' dir='ltr'><strong>rm</strong></span> <span class='ocrx_word' id='word_1_4' title='bbox 2482 788 2709 865; x_wconf 70' lang='lat' dir='ltr'><strong>em</strong></span> <span class='ocrx_word' id='word_1_5' title='bbox 3488 736 3620 877; x_wconf 42' lang='grc' dir='ltr'><strong>«ᾖ,</strong></span> 
     </span>
    </p>
   </div>
   <div class='ocr_carea' id='block_1_2' title="bbox 894 938 3625 1115">
    <p class='ocr_par' dir='ltr' id='par_1_2' title="bbox 894 938 3625 1113">
     <span class='ocr_line' id='line_1_2' title="bbox 894 938 3625 1113; baseline 0.011 -91"><span class='ocrx_word' id='word_1_6' title='bbox 894 959 1008 1110; x_wconf 56' lang='lat'><strong>:2⁸</strong></span> <span class='ocrx_word' id='word_1_7' title='bbox 1018 959 1430 1113; x_wconf 32' lang='lat' dir='ltr'><strong>&#39;gamiele</strong></span> <span class='ocrx_word' id='word_1_8' title='bbox 1468 965 1897 1045; x_wconf 83' lang='lat' dir='ltr'><strong>complementa</strong></span> <span class='ocrx_word' id='word_1_9' title='bbox 1939 967 2307 1048; x_wconf 77' lang='lat' dir='ltr'><strong>angulorum</strong></span> <span class='ocrx_word' id='word_1_10' title='bbox 2333 938 2413 1034; x_wconf 82' lang='lat' dir='ltr'><strong>ad</strong></span> <span class='ocrx_word' id='word_1_11' title='bbox 2456 979 2712 1052; x_wconf 86' lang='lat' dir='ltr'><strong>quatuor</strong></span> <span class='ocrx_word' id='word_1_12' title='bbox 2755 982 2969 1056; x_wconf 74' lang='lat' dir='ltr'><strong>rectos,</strong></span> <span class='ocrx_word' id='word_1_13' title='bbox 3016 997 3169 1061; x_wconf 83' lang='lat' dir='ltr'><strong>quos</strong></span> <span class='ocrx_word' id='word_1_14' title='bbox 3212 983 3480 1075; x_wconf 66' lang='lat' dir='ltr'><strong>angulos</strong></span> <span class='ocrx_word' id='word_1_15' title='bbox 3522 1005 3625 1051; x_wconf 80' lang='lat' dir='ltr'><strong>ar-</strong></span> 
     </span>
     <span class='ocr_line' id='line_1_3' title="bbox 1365 1070 1517 1115; baseline 0.015 -4"><span class='ocrx_word' id='word_1_16' title='bbox 1365 1071 1401 1111; x_wconf 89' lang='lat' dir='ltr'><strong>n</strong></span> <span class='ocrx_word' id='word_1_17' title='bbox 1432 1070 1517 1115; x_wconf 83' lang='lat' dir='ltr'><strong>ur.</strong></span> 
     </span>
    </p>
   </div>
   <div class='ocr_carea' id='block_1_3' title="bbox 888 1151 2099 1776">
    <p class='ocr_par' dir='ltr' id='par_1_3' title="bbox 888 1151 2099 1776">
     <span class='ocr_line' id='line_1_4' title="bbox 1038 1151 2099 1228; baseline 0.006 -21"><span class='ocrx_word' id='word_1_18' title='bbox 1038 1151 1218 1223; x_wconf 74' lang='lat' dir='ltr'><strong>Igitur</strong></span> <span class='ocrx_word' id='word_1_19' title='bbox 1250 1153 1306 1208; x_wconf 88' lang='lat' dir='ltr'><strong>in</strong></span> <span class='ocrx_word' id='word_1_20' title='bbox 1326 1153 1542 1222; x_wconf 75' lang='lat' dir='ltr'><strong>adJ&#39;ecto</strong></span> <span class='ocrx_word' id='word_1_21' title='bbox 1567 1155 1860 1228; x_wconf 87' lang='lat' dir='ltr'><strong>schemate,</strong></span> <span class='ocrx_word' id='word_1_22' title='bbox 1897 1157 1955 1213; x_wconf 91' lang='lat' dir='ltr'><strong>in</strong></span> <span class='ocrx_word' id='word_1_23' title='bbox 1989 1172 2099 1228; x_wconf 91' lang='lat' dir='ltr'><strong>quo</strong></span> 
     </span>
     <span class='ocr_line' id='line_1_5' title="bbox 893 1231 2094 1309; baseline 0.007 -24"><span class='ocrx_word' id='word_1_24' title='bbox 893 1231 1044 1286; x_wconf 80' lang='lat' dir='ltr'><strong>DBF</strong></span> <span class='ocrx_word' id='word_1_25' title='bbox 1079 1231 1225 1287; x_wconf 82' lang='lat' dir='ltr'><strong>linea</strong></span> <span class='ocrx_word' id='word_1_26' title='bbox 1259 1233 1526 1303; x_wconf 86' lang='lat' dir='ltr'><strong>apsidum,</strong></span> <span class='ocrx_word' id='word_1_27' title='bbox 1562 1235 1612 1289; x_wconf 92' lang='lat' dir='ltr'><strong>D</strong></span> <span class='ocrx_word' id='word_1_28' title='bbox 1635 1238 1882 1308; x_wconf 82' lang='lat' dir='ltr'><strong>apogaei.</strong></span> <span class='ocrx_word' id='word_1_29' title='bbox 1917 1238 1965 1293; x_wconf 87' lang='lat' dir='ltr'><strong>F</strong></span> <span class='ocrx_word' id='word_1_30' title='bbox 1998 1253 2094 1309; x_wconf 88' lang='lat' dir='ltr'><strong>pe-</strong></span> 
     </span>
     <span class='ocr_line' id='line_1_6' title="bbox 891 1310 2093 1385; baseline 0.006 -19"><span class='ocrx_word' id='word_1_31' title='bbox 891 1310 1083 1382; x_wconf 73' lang='lat' dir='ltr'><strong>rigaei,</strong></span> <span class='ocrx_word' id='word_1_32' title='bbox 1117 1311 1273 1367; x_wconf 84' lang='lat' dir='ltr'><strong>HAG</strong></span> <span class='ocrx_word' id='word_1_33' title='bbox 1306 1311 1450 1368; x_wconf 87' lang='lat' dir='ltr'><strong>linea</strong></span> <span class='ocrx_word' id='word_1_34' title='bbox 1485 1313 1598 1369; x_wconf 82' lang='lat' dir='ltr'><strong>veri</strong></span> <span class='ocrx_word' id='word_1_35' title='bbox 1632 1313 1739 1369; x_wconf 91' lang='lat' dir='ltr'><strong>loci</strong></span> <span class='ocrx_word' id='word_1_36' title='bbox 1770 1315 1912 1372; x_wconf 87' lang='lat' dir='ltr'><strong>Solis</strong></span> <span class='ocrx_word' id='word_1_37' title='bbox 1949 1318 2093 1385; x_wconf 76' lang='lat' dir='ltr'><strong>eJus·</strong></span> 
     </span>
     <span class='ocr_line' id='line_1_7' title="bbox 893 1390 2092 1462; baseline 0.005 -17"><span class='ocrx_word' id='word_1_38' title='bbox 893 1405 1007 1459; x_wconf 81' lang='lat' dir='ltr'><strong>que</strong></span> <span class='ocrx_word' id='word_1_39' title='bbox 1053 1390 1315 1462; x_wconf 85' lang='lat' dir='ltr'><strong>oppositi,</strong></span> <span class='ocrx_word' id='word_1_40' title='bbox 1368 1392 1595 1456; x_wconf 73' lang='lat' dir='ltr'><strong>angulus</strong></span> <span class='ocrx_word' id='word_1_41' title='bbox 1631 1393 1786 1449; x_wconf 84' lang='lat' dir='ltr'><strong>DAG</strong></span> <span class='ocrx_word' id='word_1_42' title='bbox 1829 1401 1915 1451; x_wconf 82' lang='lat' dir='ltr'><strong>est</strong></span> <span class='ocrx_word' id='word_1_43' title='bbox 1949 1412 2092 1462; x_wconf 84' lang='lat' dir='ltr'><strong>com-</strong></span> 
     </span>
     <span class='ocr_line' id='line_1_8' title="bbox 890 1469 2090 1540; baseline 0.004 -15"><span class='ocrx_word' id='word_1_44' title='bbox 890 1469 1230 1540; x_wconf 85' lang='lat' dir='ltr'><strong>plementum</strong></span> <span class='ocrx_word' id='word_1_45' title='bbox 1266 1471 1337 1527; x_wconf 89' lang='lat' dir='ltr'><strong>ad</strong></span> <span class='ocrx_word' id='word_1_46' title='bbox 1372 1471 1408 1526; x_wconf 83' lang='lat'>4</span> <span class='ocrx_word' id='word_1_47' title='bbox 1441 1478 1619 1526; x_wconf 86' lang='lat' dir='ltr'><strong>rectos</strong></span> <span class='ocrx_word' id='word_1_48' title='bbox 1665 1470 1957 1529; x_wconf 75' lang='lat' dir='ltr'><strong>distantiae</strong></span> <span class='ocrx_word' id='word_1_49' title='bbox 1995 1474 2090 1530; x_wconf 90' lang='lat' dir='ltr'><strong>So·</strong></span> 
     </span>
     <span class='ocr_line' id='line_1_9' title="bbox 888 1548 2091 1623; baseline 0.002 -18"><span class='ocrx_word' id='word_1_50' title='bbox 888 1548 977 1619; x_wconf 84' lang='lat' dir='ltr'><strong>lis,</strong></span> <span class='ocrx_word' id='word_1_51' title='bbox 1013 1565 1116 1620; x_wconf 85' lang='lat' dir='ltr'><strong>per</strong></span> <span class='ocrx_word' id='word_1_52' title='bbox 1136 1549 1237 1606; x_wconf 83' lang='lat' dir='ltr'><strong>AG</strong></span> <span class='ocrx_word' id='word_1_53' title='bbox 1262 1550 1458 1606; x_wconf 88' lang='lat' dir='ltr'><strong>lineam</strong></span> <span class='ocrx_word' id='word_1_54' title='bbox 1483 1556 1718 1622; x_wconf 89' lang='lat' dir='ltr'><strong>notatae,</strong></span> <span class='ocrx_word' id='word_1_55' title='bbox 1754 1550 1822 1606; x_wconf 87' lang='lat' dir='ltr'><strong>ab</strong></span> <span class='ocrx_word' id='word_1_56' title='bbox 1847 1567 2091 1623; x_wconf 78' lang='lat' dir='ltr'><strong>apogaeo</strong></span> 
     </span>
     <span class='ocr_line' id='line_1_10' title="bbox 890 1629 2089 1702; baseline 0.002 -16"><span class='ocrx_word' id='word_1_57' title='bbox 890 1629 1086 1686; x_wconf 71' lang='lat' dir='ltr'><strong>Lunae</strong></span> <span class='ocrx_word' id='word_1_58' title='bbox 1128 1629 1206 1700; x_wconf 89' lang='lat' dir='ltr'><strong>D,</strong></span> <span class='ocrx_word' id='word_1_59' title='bbox 1254 1646 1356 1702; x_wconf 88' lang='lat' dir='ltr'><strong>per</strong></span> <span class='ocrx_word' id='word_1_60' title='bbox 1397 1629 1499 1684; x_wconf 86' lang='lat' dir='ltr'><strong>AD</strong></span> <span class='ocrx_word' id='word_1_61' title='bbox 1542 1629 1740 1685; x_wconf 88' lang='lat' dir='ltr'><strong>lineam</strong></span> <span class='ocrx_word' id='word_1_62' title='bbox 1792 1630 2089 1688; x_wconf 87' lang='lat' dir='ltr'><strong>intellecto.</strong></span> 
     </span>
     <span class='ocr_line' id='line_1_11' title="bbox 888 1709 2088 1776; baseline 0.001 -9"><span class='ocrx_word' id='word_1_63' title='bbox 888 1711 979 1769; x_wconf 82' lang='lat' dir='ltr'><strong>Ita</strong></span> <span class='ocrx_word' id='word_1_64' title='bbox 1003 1709 1168 1767; x_wconf 87' lang='lat' dir='ltr'><strong>etiam</strong></span> <span class='ocrx_word' id='word_1_65' title='bbox 1191 1714 1291 1776; x_wconf 89' lang='lat' dir='ltr'><strong>est,</strong></span> <span class='ocrx_word' id='word_1_66' title='bbox 1327 1709 1376 1766; x_wconf 88' lang='lat' dir='ltr'><strong>si</strong></span> <span class='ocrx_word' id='word_1_67' title='bbox 1391 1709 1443 1764; x_wconf 90' lang='lat' dir='ltr'>D</span> <span class='ocrx_word' id='word_1_68' title='bbox 1472 1715 1619 1765; x_wconf 86' lang='lat' dir='ltr'><strong>esset</strong></span> <span class='ocrx_word' id='word_1_69' title='bbox 1636 1709 1812 1766; x_wconf 91' lang='lat' dir='ltr'><strong>nodus</strong></span> <span class='ocrx_word' id='word_1_70' title='bbox 1836 1710 2088 1768; x_wconf 81' lang='lat' dir='ltr'><strong>evehens.</strong></span> 
     </span>
    </p>
   </div>
   <div class='ocr_carea' id='block_1_4' title="bbox 882 1801 2087 2586">
    <p class='ocr_par' dir='ltr' id='par_1_4' title="bbox 882 1801 2087 2586">
     <span class='ocr_line' id='line_1_12' title="bbox 993 1801 2087 1865; baseline 0.002 -3"><span class='ocrx_word' id='word_1_71' title='bbox 993 1802 999 1806; x_wconf 83' lang='grc'><em>“</em></span> <span class='ocrx_word' id='word_1_72' title='bbox 1064 1801 1277 1863; x_wconf 88' lang='lat' dir='ltr'><strong>Potest</strong></span> <span class='ocrx_word' id='word_1_73' title='bbox 1308 1804 1486 1864; x_wconf 87' lang='lat' dir='ltr'><strong>etiam</strong></span> <span class='ocrx_word' id='word_1_74' title='bbox 1515 1801 1797 1863; x_wconf 73' lang='lat' dir='ltr'><strong>distantia</strong></span> <span class='ocrx_word' id='word_1_75' title='bbox 1825 1802 1987 1865; x_wconf 80' lang='lat' dir='ltr'><strong>Solis</strong></span> <span class='ocrx_word' id='word_1_76' title='bbox 2010 1804 2087 1864; x_wconf 87' lang='lat' dir='ltr'><strong>ab</strong></span> 
     </span>
     <span class='ocr_line' id='line_1_13' title="bbox 888 1889 2086 1969; baseline 0.001 -19"><span class='ocrx_word' id='word_1_77' title='bbox 888 1907 1161 1969; x_wconf 81' lang='lat' dir='ltr'><strong>apogaeo</strong></span> <span class='ocrx_word' id='word_1_78' title='bbox 1192 1889 1396 1951; x_wconf 86' lang='lat' dir='ltr'><strong>Lunae</strong></span> <span class='ocrx_word' id='word_1_79' title='bbox 1440 1892 1729 1951; x_wconf 87' lang='lat' dir='ltr'><strong>numerari</strong></span> <span class='ocrx_word' id='word_1_80' title='bbox 1765 1893 1825 1949; x_wconf 87' lang='lat' dir='ltr'><strong>in</strong></span> <span class='ocrx_word' id='word_1_81' title='bbox 1869 1891 2086 1952; x_wconf 88' lang='lat' dir='ltr'><strong>circulo</strong></span> 
     </span>
     <span class='ocr_line' id='line_1_14' title="bbox 888 1978 2085 2063; baseline 0 -23"><span class='ocrx_word' id='word_1_82' title='bbox 888 1981 1216 2041; x_wconf 82' lang='lat' dir='ltr'><strong>eccentrico</strong></span> <span class='ocrx_word' id='word_1_83' title='bbox 1262 1978 1497 2063; x_wconf 75' lang='lat' dir='ltr'><strong>Lunae:</strong></span> <span class='ocrx_word' id='word_1_84' title='bbox 1562 1987 1621 2040; x_wconf 91' lang='lat' dir='ltr'><strong>et</strong></span> <span class='ocrx_word' id='word_1_85' title='bbox 1665 1985 1802 2041; x_wconf 90' lang='lat' dir='ltr'><strong>tunc</strong></span> <span class='ocrx_word' id='word_1_86' title='bbox 1846 1981 1934 2041; x_wconf 88' lang='lat' dir='ltr'><strong>sic</strong></span> <span class='ocrx_word' id='word_1_87' title='bbox 1979 1979 2085 2040; x_wconf 90' lang='lat' dir='ltr'><strong>de-</strong></span> 
     </span>
     <span class='ocr_line' id='line_1_15' title="bbox 885 2065 2085 2147; baseline -0.002 -19"><span class='ocrx_word' id='word_1_88' title='bbox 885 2067 1315 2147; x_wconf 70' lang='lat' dir='ltr'><strong>terminabitur,</strong></span> <span class='ocrx_word' id='word_1_89' title='bbox 1359 2065 1518 2145; x_wconf 89' lang='lat' dir='ltr'><strong>quod</strong></span> <span class='ocrx_word' id='word_1_90' title='bbox 1549 2067 1792 2143; x_wconf 79' lang='lat' dir='ltr'><strong>incipiat</strong></span> <span class='ocrx_word' id='word_1_91' title='bbox 1826 2068 1904 2128; x_wconf 85' lang='lat' dir='ltr'><strong>ab</strong></span> <span class='ocrx_word' id='word_1_92' title='bbox 1933 2084 2085 2145; x_wconf 90' lang='lat' dir='ltr'><strong>apo-</strong></span> 
     </span>
     <span class='ocr_line' id='line_1_16' title="bbox 883 2155 2084 2233; baseline 0.002 -19"><span class='ocrx_word' id='word_1_93' title='bbox 883 2155 1024 2233; x_wconf 75' lang='lat' dir='ltr'><strong>gaei</strong></span> <span class='ocrx_word' id='word_1_94' title='bbox 1067 2161 1322 2232; x_wconf 88' lang='lat' dir='ltr'><strong>puncto,</strong></span> <span class='ocrx_word' id='word_1_95' title='bbox 1384 2161 1715 2215; x_wconf 81' lang='lat' dir='ltr'><strong>numeretur</strong></span> <span class='ocrx_word' id='word_1_96' title='bbox 1768 2156 1826 2214; x_wconf 90' lang='lat' dir='ltr'><strong>in</strong></span> <span class='ocrx_word' id='word_1_97' title='bbox 1875 2172 2084 2216; x_wconf 88' lang='lat' dir='ltr'><strong>conse·</strong></span> 
     </span>
     <span class='ocr_line' id='line_1_17' title="bbox 884 2243 2082 2320; baseline -0.001 -17"><span class='ocrx_word' id='word_1_98' title='bbox 884 2244 1132 2320; x_wconf 81' lang='lat' dir='ltr'><strong>quentia</strong></span> <span class='ocrx_word' id='word_1_99' title='bbox 1199 2249 1260 2304; x_wconf 86' lang='lat' dir='ltr'><strong>et</strong></span> <span class='ocrx_word' id='word_1_100' title='bbox 1318 2245 1659 2305; x_wconf 85' lang='lat' dir='ltr'><strong>terminetur</strong></span> <span class='ocrx_word' id='word_1_101' title='bbox 1722 2243 1780 2302; x_wconf 89' lang='lat' dir='ltr'><strong>in</strong></span> <span class='ocrx_word' id='word_1_102' title='bbox 1846 2251 2082 2319; x_wconf 88' lang='lat' dir='ltr'><strong>rectam,</strong></span> 
     </span>
     <span class='ocr_line' id='line_1_18' title="bbox 884 2329 2086 2408; baseline 0 -17"><span class='ocrx_word' id='word_1_103' title='bbox 884 2348 1042 2408; x_wconf 82' lang='lat' dir='ltr'><strong>quae</strong></span> <span class='ocrx_word' id='word_1_104' title='bbox 1086 2347 1161 2392; x_wconf 79' lang='lat' dir='ltr'><strong>ex</strong></span> <span class='ocrx_word' id='word_1_105' title='bbox 1205 2338 1401 2392; x_wconf 87' lang='lat' dir='ltr'><strong>centro</strong></span> <span class='ocrx_word' id='word_1_106' title='bbox 1455 2330 1761 2393; x_wconf 87' lang='lat' dir='ltr'><strong>eccentrici</strong></span> <span class='ocrx_word' id='word_1_107' title='bbox 1802 2329 2086 2408; x_wconf 78' lang='lat' dir='ltr'><strong>paralleIa</strong></span> 
     </span>
     <span class='ocr_line' id='line_1_19' title="bbox 882 2417 2081 2482; baseline -0.003 -2"><span class='ocrx_word' id='word_1_108' title='bbox 882 2418 1080 2482; x_wconf 83' lang='lat' dir='ltr'><strong>lineae</strong></span> <span class='ocrx_word' id='word_1_109' title='bbox 1127 2420 1254 2480; x_wconf 82' lang='lat' dir='ltr'><strong>veri</strong></span> <span class='ocrx_word' id='word_1_110' title='bbox 1308 2425 1502 2481; x_wconf 82' lang='lat' dir='ltr'><strong>motus</strong></span> <span class='ocrx_word' id='word_1_111' title='bbox 1546 2417 1704 2480; x_wconf 85' lang='lat' dir='ltr'><strong>Solis</strong></span> <span class='ocrx_word' id='word_1_112' title='bbox 1750 2417 1978 2480; x_wconf 85' lang='lat' dir='ltr'><strong>ducitur</strong></span> <span class='ocrx_word' id='word_1_113' title='bbox 2019 2421 2081 2477; x_wconf 88' lang='lat' dir='ltr'><strong>in</strong></span> 
     </span>
     <span class='ocr_line' id='line_1_20' title="bbox 882 2505 1927 2586; baseline 0 -19"><span class='ocrx_word' id='word_1_114' title='bbox 882 2507 1123 2586; x_wconf 77' lang='lat' dir='ltr'><strong>plagam</strong></span> <span class='ocrx_word' id='word_1_115' title='bbox 1170 2506 1435 2582; x_wconf 86' lang='lat' dir='ltr'><strong>eandem,</strong></span> <span class='ocrx_word' id='word_1_116' title='bbox 1483 2525 1601 2585; x_wconf 89' lang='lat' dir='ltr'><strong>qua</strong></span> <span class='ocrx_word' id='word_1_117' title='bbox 1645 2505 1749 2568; x_wconf 88' lang='lat' dir='ltr'><strong>Sol</strong></span> <span class='ocrx_word' id='word_1_118' title='bbox 1792 2512 1927 2567; x_wconf 85' lang='lat' dir='ltr'><strong>stat.</strong></span> 
     </span>
    </p>
   </div>
   <div class='ocr_carea' id='block_1_5' title="bbox 878 2605 2290 2836">
    <p class='ocr_par' dir='ltr' id='par_1_5' title="bbox 878 2605 2290 2836">
     <span class='ocr_line' id='line_1_21' title="bbox 1024 2605 2083 2677; baseline -0.004 -13"><span class='ocrx_word' id='word_1_119' title='bbox 1024 2608 1102 2664; x_wconf 88' lang='lat' dir='ltr'><strong>Ut</strong></span> <span class='ocrx_word' id='word_1_120' title='bbox 1134 2606 1240 2677; x_wconf 86' lang='lat' dir='ltr'><strong>hic,</strong></span> <span class='ocrx_word' id='word_1_121' title='bbox 1277 2606 1444 2664; x_wconf 84' lang='lat' dir='ltr'><strong>Sole‘</strong></span> <span class='ocrx_word' id='word_1_122' title='bbox 1426 2623 1483 2664; x_wconf 90' lang='grc' dir='ltr'><strong>ιιι</strong></span> <span class='ocrx_word' id='word_1_123' title='bbox 1504 2607 1604 2663; x_wconf 86' lang='lat' dir='ltr'><strong>AG</strong></span> <span class='ocrx_word' id='word_1_124' title='bbox 1636 2605 1783 2662; x_wconf 84' lang='lat' dir='ltr'><strong>linea</strong></span> <span class='ocrx_word' id='word_1_125' title='bbox 1815 2613 2083 2672; x_wconf 78' lang='lat' dir='ltr'><strong>versante,</strong></span> 
     </span>
     <span class='ocr_line' id='line_1_22' title="bbox 881 2685 2080 2756; baseline -0.004 -12"><span class='ocrx_word' id='word_1_126' title='bbox 881 2688 930 2744; x_wconf 83' lang='lat' dir='ltr'><strong>si</strong></span> <span class='ocrx_word' id='word_1_127' title='bbox 966 2687 1018 2744; x_wconf 89' lang='lat' dir='ltr'><strong>ei</strong></span> <span class='ocrx_word' id='word_1_128' title='bbox 1055 2701 1125 2743; x_wconf 87' lang='lat' dir='ltr'><strong>ex</strong></span> <span class='ocrx_word' id='word_1_129' title='bbox 1154 2689 1201 2744; x_wconf 89' lang='lat' dir='ltr'><strong>B</strong></span> <span class='ocrx_word' id='word_1_130' title='bbox 1238 2686 1472 2743; x_wconf 86' lang='lat' dir='ltr'><strong>ducatur</strong></span> <span class='ocrx_word' id='word_1_131' title='bbox 1504 2685 1768 2756; x_wconf 87' lang='lat' dir='ltr'><strong>parallela</strong></span> <span class='ocrx_word' id='word_1_132' title='bbox 1803 2686 1915 2754; x_wconf 81' lang='lat' dir='ltr'><strong>BQ.</strong></span> <span class='ocrx_word' id='word_1_133' title='bbox 1950 2693 2080 2740; x_wconf 89' lang='lat' dir='ltr'><strong>tunc</strong></span> 
     </span>
     <span class='ocr_line' id='line_1_23' title="bbox 878 2764 2290 2836; baseline 0 -14"><span class='ocrx_word' id='word_1_134' title='bbox 878 2765 1040 2836; x_wconf 75' lang='lat' dir='ltr'><strong>DNQ</strong></span> <span class='ocrx_word' id='word_1_135' title='bbox 1078 2766 1184 2823; x_wconf 83' lang='lat' dir='ltr'><strong>erit</strong></span> <span class='ocrx_word' id='word_1_136' title='bbox 1216 2765 1480 2822; x_wconf 84' lang='lat' dir='ltr'><strong>distantia</strong></span> <span class='ocrx_word' id='word_1_137' title='bbox 1515 2765 1656 2821; x_wconf 82' lang='lat' dir='ltr'><strong>Solis</strong></span> <span class='ocrx_word' id='word_1_138' title='bbox 1692 2764 1763 2821; x_wconf 86' lang='lat' dir='ltr'><strong>ab</strong></span> <span class='ocrx_word' id='word_1_139' title='bbox 1801 2780 2044 2836; x_wconf 82' lang='lat' dir='ltr'><strong>apogaeo</strong></span> <span class='ocrx_word' id='word_1_140' title='bbox 2079 2765 2290 2823; x_wconf 83' lang='lat' dir='ltr'><strong>Lunae.</strong></span> 
     </span>
    </p>
   </div>
   <div class='ocr_carea' id='block_1_6' title="bbox 807 2855 3614 3972">
    <p class='ocr_par' dir='ltr' id='par_1_6' title="bbox 873 2855 3614 3329">
     <span class='ocr_line' id='line_1_24' title="bbox 1058 2855 3611 2940; baseline 0.002 -20"><span class='ocrx_word' id='word_1_141' title='bbox 1058 2858 1229 2921; x_wconf 82' lang='lat' dir='ltr'><strong>Doce</strong></span> <span class='ocrx_word' id='word_1_142' title='bbox 1271 2860 1551 2919; x_wconf 74' lang='lat' dir='ltr'><strong>inveniro</strong></span> <span class='ocrx_word' id='word_1_143' title='bbox 1591 2865 1893 2935; x_wconf 76' lang='lat' dir='ltr'><strong>punctum</strong></span> <span class='ocrx_word' id='word_1_144' title='bbox 1937 2861 2371 2934; x_wconf 65' lang='lat' dir='ltr'><strong>aequum-ium</strong></span> <span class='ocrx_word' id='word_1_145' title='bbox 2402 2855 2489 2939; x_wconf 77' lang='lat' dir='ltr'><strong>(et</strong></span> <span class='ocrx_word' id='word_1_146' title='bbox 2513 2876 2651 2920; x_wconf 75' lang='lat' dir='ltr'><strong>una</strong></span> <span class='ocrx_word' id='word_1_147' title='bbox 2679 2860 2910 2938; x_wconf 76' lang='lat' dir='ltr'><strong>fontem</strong></span> <span class='ocrx_word' id='word_1_148' title='bbox 2938 2857 3167 2939; x_wconf 76' lang='lat' dir='ltr'><strong>motus)</strong></span> <span class='ocrx_word' id='word_1_149' title='bbox 3207 2869 3611 2940; x_wconf 65' lang='lat' dir='ltr'><strong>mautruum,</strong></span> 
     </span>
     <span class='ocr_line' id='line_1_25' title="bbox 882 2947 3613 3025; baseline 0.001 -18"><span class='ocrx_word' id='word_1_150' title='bbox 882 2947 1139 3024; x_wconf 56' lang='lat' dir='ltr'><strong>ducque</strong></span> <span class='ocrx_word' id='word_1_151' title='bbox 1158 3016 1162 3020; x_wconf 17' lang='lat'><strong>⁴</strong></span> <span class='ocrx_word' id='word_1_152' title='bbox 1180 2949 1698 3008; x_wconf 70' lang='lat' dir='ltr'><strong>occentn‘citatem.</strong></span> <span class='ocrx_word' id='word_1_153' title='bbox 1754 2951 1816 3007; x_wconf 66' lang='lat' dir='ltr'><strong>‘A</strong></span> <span class='ocrx_word' id='word_1_154' title='bbox 1849 2956 2039 3006; x_wconf 83' lang='lat' dir='ltr'><strong>centro</strong></span> <span class='ocrx_word' id='word_1_155' title='bbox 2075 2950 2286 3007; x_wconf 85' lang='lat' dir='ltr'><strong>orbitae</strong></span> <span class='ocrx_word' id='word_1_156' title='bbox 2320 2951 2514 3007; x_wconf 79' lang='lat' dir='ltr'><strong>Lunae</strong></span> <span class='ocrx_word' id='word_1_157' title='bbox 2548 2953 2595 3008; x_wconf 89' lang='lat' dir='ltr'><strong>B</strong></span> <span class='ocrx_word' id='word_1_158' title='bbox 2630 2954 2689 3009; x_wconf 90' lang='lat' dir='ltr'><strong>in</strong></span> <span class='ocrx_word' id='word_1_159' title='bbox 2722 2953 2923 3008; x_wconf 87' lang='lat' dir='ltr'><strong>lineam</strong></span> <span class='ocrx_word' id='word_1_160' title='bbox 2960 2951 3278 3023; x_wconf 85' lang='lat' dir='ltr'><strong>copularum</strong></span> <span class='ocrx_word' id='word_1_161' title='bbox 3302 2954 3455 3011; x_wconf 84' lang='lat' dir='ltr'><strong>HAG</strong></span> <span class='ocrx_word' id='word_1_162' title='bbox 3481 2955 3613 3025; x_wconf 84' lang='lat' dir='ltr'><strong>&#39;per-</strong></span> 
     </span>
     <span class='ocr_line' id='line_1_26' title="bbox 873 3027 3613 3103; baseline 0.002 -19"><span class='ocrx_word' id='word_1_163' title='bbox 873 3028 1250 3101; x_wconf 83' lang='lat' dir='ltr'><strong>pendicularis</strong></span> <span class='ocrx_word' id='word_1_164' title='bbox 1284 3028 1561 3085; x_wconf 81' lang='lat' dir='ltr'><strong>educatur</strong></span> <span class='ocrx_word' id='word_1_165' title='bbox 1585 3029 1701 3096; x_wconf 85' lang='lat' dir='ltr'><strong>Bc,</strong></span> <span class='ocrx_word' id='word_1_166' title='bbox 1750 3045 1944 3088; x_wconf 86' lang='lat' dir='ltr'><strong>secans</strong></span> <span class='ocrx_word' id='word_1_167' title='bbox 1979 3027 2179 3084; x_wconf 88' lang='lat' dir='ltr'><strong>lineam</strong></span> <span class='ocrx_word' id='word_1_168' title='bbox 2214 3028 2536 3100; x_wconf 86' lang='lat' dir='ltr'><strong>copularum</strong></span> <span class='ocrx_word' id='word_1_169' title='bbox 2572 3032 2674 3086; x_wconf 79' lang='lat' dir='ltr'><strong>An</strong></span> <span class='ocrx_word' id='word_1_170' title='bbox 2708 3031 2764 3086; x_wconf 89' lang='lat' dir='ltr'><strong>iu</strong></span> <span class='ocrx_word' id='word_1_171' title='bbox 2804 3032 2860 3087; x_wconf 82' lang='grc' dir='ltr'><strong>Ο.</strong></span> <span class='ocrx_word' id='word_1_172' title='bbox 2932 3032 3187 3088; x_wconf 83' lang='lat' dir='ltr'><strong>Ducatur</strong></span> <span class='ocrx_word' id='word_1_173' title='bbox 3230 3032 3394 3088; x_wconf 88' lang='lat' dir='ltr'><strong>etiam</strong></span> <span class='ocrx_word' id='word_1_174' title='bbox 3428 3048 3530 3103; x_wconf 89' lang='lat' dir='ltr'><strong>per</strong></span> <span class='ocrx_word' id='word_1_175' title='bbox 3562 3034 3613 3091; x_wconf 97' lang='lat' dir='ltr'>A</span> 
     </span>
     <span class='ocr_line' id='line_1_27' title="bbox 875 3107 3614 3184; baseline 0.002 -20"><span class='ocrx_word' id='word_1_176' title='bbox 875 3107 989 3180; x_wconf 79' lang='lat' dir='ltr'><strong>ipsi</strong></span> <span class='ocrx_word' id='word_1_177' title='bbox 1027 3108 1115 3166; x_wconf 87' lang='lat' dir='ltr'><strong>CB</strong></span> <span class='ocrx_word' id='word_1_178' title='bbox 1149 3107 1412 3181; x_wconf 81' lang='lat' dir='ltr'><strong>parallela</strong></span> <span class='ocrx_word' id='word_1_179' title='bbox 1446 3108 1600 3178; x_wconf 84' lang='lat' dir='ltr'><strong>IAK,</strong></span> <span class='ocrx_word' id='word_1_180' title='bbox 1654 3125 1849 3167; x_wconf 88' lang='lat' dir='ltr'><strong>secans</strong></span> <span class='ocrx_word' id='word_1_181' title='bbox 1885 3108 2057 3182; x_wconf 89' lang='lat' dir='ltr'><strong>ipsius</strong></span> <span class='ocrx_word' id='word_1_182' title='bbox 2093 3108 2197 3165; x_wconf 85' lang='lat' dir='ltr'><strong>HG</strong></span> <span class='ocrx_word' id='word_1_183' title='bbox 2235 3107 2553 3180; x_wconf 71' lang='lat' dir='ltr'><strong>parallelum</strong></span> <span class='ocrx_word' id='word_1_184' title='bbox 2589 3125 2689 3182; x_wconf 87' lang='lat' dir='ltr'><strong>per</strong></span> <span class='ocrx_word' id='word_1_185' title='bbox 2721 3111 2768 3167; x_wconf 90' lang='lat' dir='ltr'><strong>B</strong></span> <span class='ocrx_word' id='word_1_186' title='bbox 2804 3110 2860 3166; x_wconf 89' lang='lat' dir='ltr'><strong>iu</strong></span> <span class='ocrx_word' id='word_1_187' title='bbox 2895 3115 3099 3182; x_wconf 89' lang='lat' dir='ltr'><strong>puncto</strong></span> <span class='ocrx_word' id='word_1_188' title='bbox 3134 3110 3193 3165; x_wconf 88' lang='lat' dir='ltr'><strong>Z.</strong></span> <span class='ocrx_word' id='word_1_189' title='bbox 3269 3110 3410 3175; x_wconf 83' lang='lat' dir='ltr'><strong>Sunt</strong></span> <span class='ocrx_word' id='word_1_190' title='bbox 3442 3113 3614 3184; x_wconf 76' lang='lat' dir='ltr'><strong>igitur</strong></span> 
     </span>
     <span class='ocr_line' id='line_1_28' title="bbox 881 3186 3612 3260; baseline 0.001 -14"><span class='ocrx_word' id='word_1_191' title='bbox 881 3190 996 3246; x_wconf 88' lang='lat' dir='ltr'><strong>duo</strong></span> <span class='ocrx_word' id='word_1_192' title='bbox 1030 3188 1211 3246; x_wconf 72' lang='lat' dir='ltr'><strong>fontes</strong></span> <span class='ocrx_word' id='word_1_193' title='bbox 1246 3194 1429 3245; x_wconf 85' lang='lat' dir='ltr'><strong>motus</strong></span> <span class='ocrx_word' id='word_1_194' title='bbox 1472 3188 1663 3245; x_wconf 88' lang='lat' dir='ltr'><strong>Lunae</strong></span> <span class='ocrx_word' id='word_1_195' title='bbox 1696 3186 1959 3259; x_wconf 81' lang='lat' dir='ltr'><strong>pu&#39;nctum</strong></span> <span class='ocrx_word' id='word_1_196' title='bbox 1996 3189 2045 3244; x_wconf 86' lang='lat' dir='ltr'>A</span> <span class='ocrx_word' id='word_1_197' title='bbox 2079 3195 2136 3244; x_wconf 90' lang='lat' dir='ltr'><strong>et</strong></span> <span class='ocrx_word' id='word_1_198' title='bbox 2170 3188 2318 3244; x_wconf 82' lang='lat' dir='ltr'><strong>linea</strong></span> <span class='ocrx_word' id='word_1_199' title='bbox 2359 3189 2490 3244; x_wconf 85' lang='lat' dir='ltr'><strong>IAK</strong></span> <span class='ocrx_word' id='word_1_200' title='bbox 2526 3205 2625 3260; x_wconf 89' lang='lat' dir='ltr'><strong>per</strong></span> <span class='ocrx_word' id='word_1_201' title='bbox 2658 3189 2920 3246; x_wconf 85' lang='lat' dir='ltr'><strong>circulum</strong></span> <span class='ocrx_word' id='word_1_202' title='bbox 2954 3187 3366 3247; x_wconf 78' lang='lat' dir='ltr'><strong>illuminationis</strong></span> <span class='ocrx_word' id='word_1_203' title='bbox 3389 3192 3612 3249; x_wconf 79' lang='lat' dir='ltr'><strong>Terrae.</strong></span> 
     </span>
     <span class='ocr_line' id='line_1_29' title="bbox 877 3267 3612 3339; baseline 0.001 -14"><span class='ocrx_word' id='word_1_204' title='bbox 877 3269 1041 3325; x_wconf 78' lang='lat' dir='ltr'><strong>Duae</strong></span> <span class='ocrx_word' id='word_1_205' title='bbox 1077 3268 1241 3324; x_wconf 84' lang='lat' dir='ltr'><strong>etiam</strong></span> <span class='ocrx_word' id='word_1_206' title='bbox 1273 3267 1381 3323; x_wconf 83' lang='lat' dir='ltr'><strong>hac</strong></span> <span class='ocrx_word' id='word_1_207' title='bbox 1415 3267 1532 3322; x_wconf 82' lang='lat' dir='ltr'><strong>vice</strong></span> <span class='ocrx_word' id='word_1_208' title='bbox 1570 3269 2000 3326; x_wconf 84' lang='lat' dir='ltr'><strong>eceentricitates</strong></span> <span class='ocrx_word' id='word_1_209' title='bbox 2038 3268 2211 3325; x_wconf 89' lang='lat' dir='ltr'><strong>centri</strong></span> <span class='ocrx_word' id='word_1_210' title='bbox 2248 3269 2311 3339; x_wconf 89' lang='lat' dir='ltr'><strong>B,</strong></span> <span class='ocrx_word' id='word_1_211' title='bbox 2346 3268 2558 3325; x_wconf 89' lang='lat' dir='ltr'><strong>scilicet</strong></span> <span class='ocrx_word' id='word_1_212' title='bbox 2592 3269 2688 3325; x_wconf 83' lang='lat' dir='ltr'><strong>AB</strong></span> <span class='ocrx_word' id='word_1_213' title='bbox 2727 3274 2784 3323; x_wconf 88' lang='lat' dir='ltr'><strong>et</strong></span> <span class='ocrx_word' id='word_1_214' title='bbox 2818 3268 2930 3337; x_wconf 89' lang='grc' dir='ltr'><strong>ΖΒ,</strong></span> <span class='ocrx_word' id='word_1_215' title='bbox 2965 3267 3061 3323; x_wconf 84' lang='lat' dir='ltr'><strong>ilia</strong></span> <span class='ocrx_word' id='word_1_216' title='bbox 3096 3268 3366 3326; x_wconf 82' lang='lat' dir='ltr'><strong>ordinaria</strong></span> <span class='ocrx_word' id='word_1_217' title='bbox 3396 3272 3612 3329; x_wconf 81' lang='lat' dir='ltr'><strong>solutae</strong></span> 
     </span>
    </p>

    <p class='ocr_par' dir='ltr' id='par_1_7' title="bbox 807 3348 3611 3801">
     <span class='ocr_line' id='line_1_30' title="bbox 878 3348 3610 3422; baseline 0.002 -20.21"><span class='ocrx_word' id='word_1_218' title='bbox 878 3354 1281 3420; x_wconf 77' lang='lat' dir='ltr'><strong>et,perpetua</strong></span> <span class='ocrx_word' id='word_1_219' title='bbox 1333 3348 1426 3402; x_wconf 89' lang='grc' dir='ltr'><strong>ΖΒ</strong></span> <span class='ocrx_word' id='word_1_220' title='bbox 1478 3363 1607 3404; x_wconf 81' lang='lat' dir='ltr'><strong>vero</strong></span> <span class='ocrx_word' id='word_1_221' title='bbox 1651 3348 2028 3404; x_wconf 90' lang='lat' dir='ltr'><strong>tantummodo</strong></span> <span class='ocrx_word' id='word_1_222' title='bbox 2074 3349 2134 3404; x_wconf 88' lang='lat' dir='ltr'><strong>in</strong></span> <span class='ocrx_word' id='word_1_223' title='bbox 2180 3362 2370 3403; x_wconf 86' lang='lat' dir='ltr'><strong>meuse</strong></span> <span class='ocrx_word' id='word_1_224' title='bbox 2417 3349 2513 3404; x_wconf 80' lang='lat' dir='ltr'><strong>vel·</strong></span> <span class='ocrx_word' id='word_1_225' title='bbox 2547 3353 2821 3404; x_wconf 88' lang='lat' dir='ltr'><strong>momento</strong></span> <span class='ocrx_word' id='word_1_226' title='bbox 2869 3348 3175 3418; x_wconf 80' lang='lat' dir='ltr'><strong>praesenti,</strong></span> <span class='ocrx_word' id='word_1_227' title='bbox 3228 3363 3329 3419; x_wconf 84' lang='lat' dir='ltr'><strong>per</strong></span> <span class='ocrx_word' id='word_1_228' title='bbox 3370 3350 3610 3422; x_wconf 81' lang='lat' dir='ltr'><strong>reliquos</strong></span> 
     </span>
     <span class='ocr_line' id='line_1_31' title="bbox 874 3426 3609 3510; baseline 0.001 -26"><span class='ocrx_word' id='word_1_229' title='bbox 874 3441 1100 3485; x_wconf 79' lang='lat' dir='ltr'><strong>menses</strong></span> <span class='ocrx_word' id='word_1_230' title='bbox 1149 3426 1453 3497; x_wconf 79' lang='lat' dir='ltr'><strong>variabilis,</strong></span> <span class='ocrx_word' id='word_1_231' title='bbox 1501 3427 1659 3497; x_wconf 87' lang='lat' dir='ltr'><strong>eique</strong></span> <span class='ocrx_word' id='word_1_232' title='bbox 1708 3430 1954 3498; x_wconf 82' lang='lat' dir='ltr'><strong>aequalis</strong></span> <span class='ocrx_word' id='word_1_233' title='bbox 1991 3429 2083 3484; x_wconf 83' lang='lat' dir='ltr'><strong>AC</strong></span> <span class='ocrx_word' id='word_1_234' title='bbox 2128 3435 2214 3484; x_wconf 88' lang='lat' dir='ltr'><strong>est</strong></span> <span class='ocrx_word' id='word_1_235' title='bbox 2259 3429 2635 3486; x_wconf 84' lang='lat' dir='ltr'><strong>eccentricitas</strong></span> <span class='ocrx_word' id='word_1_236' title='bbox 2681 3434 2966 3486; x_wconf 88' lang='lat' dir='ltr'><strong>menstrua</strong></span> <span class='ocrx_word' id='word_1_237' title='bbox 3008 3432 3385 3510; x_wconf 80' lang='lat' dir='ltr'><strong>temporanea</strong></span> <span class='ocrx_word' id='word_1_238' title='bbox 3396 3430 3609 3500; x_wconf 80' lang='lat' dir='ltr'><strong>(potius</strong></span> 
     </span>
     <span class='ocr_line' id='line_1_32' title="bbox 875 3505 2248 3576; baseline -0.002 -10"><span class='ocrx_word' id='word_1_239' title='bbox 875 3505 1280 3573; x_wconf 78' lang='lat' dir='ltr'><strong>momentanea)</strong></span> <span class='ocrx_word' id='word_1_240' title='bbox 1317 3506 1509 3574; x_wconf 88' lang='lat' dir='ltr'><strong>puncti</strong></span> <span class='ocrx_word' id='word_1_241' title='bbox 1543 3506 1849 3576; x_wconf 75' lang='lat' dir='ltr'><strong>aequatur-ii</strong></span> <span class='ocrx_word' id='word_1_242' title='bbox 1883 3508 2150 3564; x_wconf 85' lang='lat' dir='ltr'><strong>menstrui</strong></span> <span class='ocrx_word' id='word_1_243' title='bbox 2187 3508 2248 3563; x_wconf 85' lang='lat' dir='ltr'><strong>G.</strong></span> 
     </span>
     <span class='ocr_line' id='line_1_33' title="bbox 807 3582 3610 3657; baseline 0.001 -19"><span class='ocrx_word' id='word_1_244' title='bbox 807 3619 812 3624; x_wconf 92' lang='lat'><em>-</em></span> <span class='ocrx_word' id='word_1_245' title='bbox 1059 3582 1120 3639; x_wconf 83' lang='lat' dir='ltr'><strong>Si</strong></span> <span class='ocrx_word' id='word_1_246' title='bbox 1154 3588 1401 3638; x_wconf 78' lang='lat' dir='ltr'><strong>centrum</strong></span> <span class='ocrx_word' id='word_1_247' title='bbox 1438 3584 1647 3640; x_wconf 85' lang='lat' dir='ltr'><strong>orbitae</strong></span> <span class='ocrx_word' id='word_1_248' title='bbox 1679 3586 1727 3640; x_wconf 90' lang='lat' dir='ltr'>B</span> <span class='ocrx_word' id='word_1_249' title='bbox 1764 3593 1850 3642; x_wconf 88' lang='lat' dir='ltr'><strong>est</strong></span> <span class='ocrx_word' id='word_1_250' title='bbox 1882 3586 1940 3643; x_wconf 90' lang='lat' dir='ltr'><strong>in</strong></span> <span class='ocrx_word' id='word_1_251' title='bbox 1976 3588 2044 3656; x_wconf 84' lang='grc' dir='ltr'><strong>Ε,</strong></span> <span class='ocrx_word' id='word_1_252' title='bbox 2080 3587 2141 3643; x_wconf 92' lang='lat' dir='ltr'><strong>in</strong></span> <span class='ocrx_word' id='word_1_253' title='bbox 2175 3587 2297 3657; x_wconf 84' lang='lat' dir='ltr'><strong>ipsa</strong></span> <span class='ocrx_word' id='word_1_254' title='bbox 2331 3586 2540 3644; x_wconf 81' lang='lat' dir='ltr'><strong>scilicet</strong></span> <span class='ocrx_word' id='word_1_255' title='bbox 2571 3587 2718 3642; x_wconf 88' lang='lat' dir='ltr'><strong>linea</strong></span> <span class='ocrx_word' id='word_1_256' title='bbox 2753 3584 3088 3657; x_wconf 84' lang='lat' dir='ltr'><strong>copularum,</strong></span> <span class='ocrx_word' id='word_1_257' title='bbox 3126 3592 3260 3642; x_wconf 92' lang='lat' dir='ltr'><strong>tunc</strong></span> <span class='ocrx_word' id='word_1_258' title='bbox 3294 3585 3387 3641; x_wconf 86' lang='lat' dir='ltr'><strong>illo</strong></span> <span class='ocrx_word' id='word_1_259' title='bbox 3423 3601 3610 3643; x_wconf 83' lang='lat' dir='ltr'><strong>mense</strong></span> 
     </span>
     <span class='ocr_line' id='line_1_34' title="bbox 874 3661 3611 3736; baseline 0 -14"><span class='ocrx_word' id='word_1_260' title='bbox 874 3661 1136 3722; x_wconf 62' lang='lat' dir='ltr'><strong>technico</strong></span> <span class='ocrx_word' id='word_1_261' title='bbox 1171 3668 1432 3730; x_wconf 87' lang='lat' dir='ltr'><strong>punctum</strong></span> <span class='ocrx_word' id='word_1_262' title='bbox 1469 3664 1521 3719; x_wconf 85' lang='lat' dir='ltr'><strong>E</strong></span> <span class='ocrx_word' id='word_1_263' title='bbox 1559 3664 1787 3720; x_wconf 85' lang='lat' dir='ltr'><strong>duorum</strong></span> <span class='ocrx_word' id='word_1_264' title='bbox 1825 3672 2153 3736; x_wconf 89' lang='lat' dir='ltr'><strong>punctorum</strong></span> <span class='ocrx_word' id='word_1_265' title='bbox 2187 3668 2236 3722; x_wconf 89' lang='lat' dir='ltr'>B</span> <span class='ocrx_word' id='word_1_266' title='bbox 2275 3672 2331 3721; x_wconf 91' lang='lat' dir='ltr'><strong>et</strong></span> <span class='ocrx_word' id='word_1_267' title='bbox 2367 3666 2409 3723; x_wconf 90' lang='lat' dir='ltr'>C</span> <span class='ocrx_word' id='word_1_268' title='bbox 2443 3666 2614 3721; x_wconf 81' lang='lat' dir='ltr'><strong>vicem</strong></span> <span class='ocrx_word' id='word_1_269' title='bbox 2649 3668 2925 3735; x_wconf 83' lang='lat' dir='ltr'><strong>praestat,</strong></span> <span class='ocrx_word' id='word_1_270' title='bbox 2970 3670 3027 3719; x_wconf 86' lang='lat' dir='ltr'><strong>et</strong></span> <span class='ocrx_word' id='word_1_271' title='bbox 3060 3662 3160 3719; x_wconf 81' lang='grc' dir='ltr'><strong>ΑΕ</strong></span> <span class='ocrx_word' id='word_1_272' title='bbox 3195 3663 3283 3720; x_wconf 90' lang='lat' dir='ltr'><strong>bis</strong></span> <span class='ocrx_word' id='word_1_273' title='bbox 3318 3664 3611 3722; x_wconf 85' lang='lat' dir='ltr'><strong>adhibetur</strong></span> 
     </span>
     <span class='ocr_line' id='line_1_35' title="bbox 874 3740 2361 3801; baseline -0.001 0"><span class='ocrx_word' id='word_1_274' title='bbox 874 3743 950 3801; x_wconf 73' lang='lat' dir='ltr'><strong>ad</strong></span> <span class='ocrx_word' id='word_1_275' title='bbox 987 3740 1407 3799; x_wconf 86' lang='lat' dir='ltr'><strong>accelerandum</strong></span> <span class='ocrx_word' id='word_1_276' title='bbox 1443 3741 1531 3797; x_wconf 82' lang='lat' dir='ltr'><strong>vel</strong></span> <span class='ocrx_word' id='word_1_277' title='bbox 1565 3743 1948 3800; x_wconf 85' lang='lat' dir='ltr'><strong>retardandum</strong></span> <span class='ocrx_word' id='word_1_278' title='bbox 1988 3751 2214 3800; x_wconf 90' lang='lat' dir='ltr'><strong>motum.</strong></span> <span class='ocrx_word' id='word_1_279' title='bbox 2356 3783 2361 3788; x_wconf 81' lang='lat'>-</span> 
     </span>
    </p>

    <p class='ocr_par' dir='ltr' id='par_1_8' title="bbox 1054 3818 3606 3894">
     <span class='ocr_line' id='line_1_36' title="bbox 1054 3818 3606 3894; baseline 0.002 -18"><span class='ocrx_word' id='word_1_280' title='bbox 1054 3819 1151 3877; x_wconf 84' lang='lat' dir='ltr'><strong>Sin</strong></span> <span class='ocrx_word' id='word_1_281' title='bbox 1184 3820 1657 3891; x_wconf 80' lang='lat' dir='ltr'><strong>perpendicularis</strong></span> <span class='ocrx_word' id='word_1_282' title='bbox 1689 3822 1779 3877; x_wconf 88' lang='lat' dir='ltr'><strong>BC</strong></span> <span class='ocrx_word' id='word_1_283' title='bbox 1814 3823 2066 3879; x_wconf 87' lang='lat' dir='ltr'><strong>inciderit</strong></span> <span class='ocrx_word' id='word_1_284' title='bbox 2101 3824 2156 3877; x_wconf 87' lang='lat' dir='ltr'><strong>in</strong></span> <span class='ocrx_word' id='word_1_285' title='bbox 2192 3823 2372 3894; x_wconf 88' lang='lat' dir='ltr'><strong>ipsum</strong></span> <span class='ocrx_word' id='word_1_286' title='bbox 2409 3828 2654 3878; x_wconf 85' lang='lat' dir='ltr'><strong>centrum</strong></span> <span class='ocrx_word' id='word_1_287' title='bbox 2681 3821 2885 3877; x_wconf 86' lang='lat' dir='ltr'><strong>Terrae</strong></span> <span class='ocrx_word' id='word_1_288' title='bbox 2904 3822 2985 3886; x_wconf 75' lang='lat' dir='ltr'><strong>¹A,</strong></span> <span class='ocrx_word' id='word_1_289' title='bbox 3020 3824 3153 3877; x_wconf 85' lang='lat' dir='ltr'><strong>tunc</strong></span> <span class='ocrx_word' id='word_1_290' title='bbox 3179 3818 3274 3875; x_wconf 91' lang='lat' dir='ltr'><strong>illo</strong></span> <span class='ocrx_word' id='word_1_291' title='bbox 3314 3822 3606 3894; x_wconf 86' lang='lat' dir='ltr'><strong>(technico)</strong></span> 
     </span>
    </p>

    <p class='ocr_par' dir='ltr' id='par_1_9' title="bbox 872 3898 3606 3972">
     <span class='ocr_line' id='line_1_37' title="bbox 872 3898 3606 3972; baseline 0 -14"><span class='ocrx_word' id='word_1_292' title='bbox 872 3914 1069 3958; x_wconf 84' lang='lat' dir='ltr'><strong>meuse</strong></span> <span class='ocrx_word' id='word_1_293' title='bbox 1104 3898 1256 3954; x_wconf 85' lang='lat' dir='ltr'><strong>nulia</strong></span> <span class='ocrx_word' id='word_1_294' title='bbox 1305 3905 1394 3956; x_wconf 71' lang='lat' dir='ltr'><strong>est</strong></span> <span class='ocrx_word' id='word_1_295' title='bbox 1431 3900 1808 3957; x_wconf 84' lang='lat' dir='ltr'><strong>eccentricitas</strong></span> <span class='ocrx_word' id='word_1_296' title='bbox 1848 3908 2126 3957; x_wconf 87' lang='lat' dir='ltr'><strong>menstrua</strong></span> <span class='ocrx_word' id='word_1_297' title='bbox 2167 3908 2543 3972; x_wconf 85' lang='lat' dir='ltr'><strong>temporanea,</strong></span> <span class='ocrx_word' id='word_1_298' title='bbox 2600 3900 2703 3955; x_wconf 90' lang='lat' dir='ltr'><strong>nisi</strong></span> <span class='ocrx_word' id='word_1_299' title='bbox 2743 3898 2799 3954; x_wconf 94' lang='lat' dir='ltr'><strong>in</strong></span> <span class='ocrx_word' id='word_1_300' title='bbox 2835 3905 3096 3970; x_wconf 87' lang='lat' dir='ltr'><strong>quantum</strong></span> <span class='ocrx_word' id='word_1_301' title='bbox 3138 3900 3606 3969; x_wconf 82' lang='lat' dir='ltr'><strong>perpendicularis</strong></span> 
     </span>
    </p>
   </div>
   <div class='ocr_carea' id='block_1_7' title="bbox 2155 1154 3536 2699">
    <p class='ocr_par' dir='ltr' id='par_1_10' title="bbox 2155 1154 3536 2699">
     <span class='ocr_line' id='line_1_38' title="bbox 2155 1154 3536 2699; baseline 0 0"><span class='ocrx_word' id='word_1_302' title='bbox 2155 1154 3536 2699; x_wconf 95' lang='lat' dir='ltr'><strong> </strong></span> 
     </span>
    </p>
   </div>
   <div class='ocr_carea' id='block_1_8' title="bbox 873 3978 3723 4048">
    <p class='ocr_par' dir='ltr' id='par_1_11' title="bbox 873 3978 3723 4048">
     <span class='ocr_line' id='line_1_39' title="bbox 873 3978 3723 4048; baseline 0 -13"><span class='ocrx_word' id='word_1_303' title='bbox 873 3978 977 4035; x_wconf 83' lang='lat' dir='ltr'><strong>illa</strong></span> <span class='ocrx_word' id='word_1_304' title='bbox 1011 3992 1121 4031; x_wconf 91' lang='lat' dir='ltr'><strong>non</strong></span> <span class='ocrx_word' id='word_1_305' title='bbox 1158 3983 1278 4032; x_wconf 90' lang='lat' dir='ltr'><strong>toto</strong></span> <span class='ocrx_word' id='word_1_306' title='bbox 1313 3993 1499 4034; x_wconf 89' lang='lat' dir='ltr'><strong>mense</strong></span> <span class='ocrx_word' id='word_1_307' title='bbox 1535 3980 1773 4035; x_wconf 87' lang='lat' dir='ltr'><strong>naturali</strong></span> <span class='ocrx_word' id='word_1_308' title='bbox 1806 3980 1863 4034; x_wconf 90' lang='lat' dir='ltr'><strong>in</strong></span> <span class='ocrx_word' id='word_1_309' title='bbox 1887 3979 1935 4033; x_wconf 85' lang='lat' dir='ltr'>A</span> <span class='ocrx_word' id='word_1_310' title='bbox 1961 3979 2167 4047; x_wconf 85' lang='lat' dir='ltr'><strong>incidit,</strong></span> <span class='ocrx_word' id='word_1_311' title='bbox 2204 3995 2327 4035; x_wconf 89' lang='lat' dir='ltr'><strong>cum</strong></span> <span class='ocrx_word' id='word_1_312' title='bbox 2364 3979 2470 4035; x_wconf 88' lang='lat' dir='ltr'><strong>hoc</strong></span> <span class='ocrx_word' id='word_1_313' title='bbox 2506 3978 3056 4034; x_wconf 72' lang='lat' dir='ltr'><strong>simomentaneum.</strong></span> <span class='ocrx_word' id='word_1_314' title='bbox 3092 3979 3278 4035; x_wconf 84' lang='lat' dir='ltr'><strong>Distet</strong></span> <span class='ocrx_word' id='word_1_315' title='bbox 3303 3993 3607 4048; x_wconf 80' lang='lat' dir='ltr'><strong>apogaeum</strong></span> <span class='ocrx_word' id='word_1_316' title='bbox 3718 4011 3723 4020; x_wconf 91' lang='lat'>·</span> 
     </span>
    </p>
   </div>
   <div class='ocr_carea' id='block_1_9' title="bbox 868 4056 3588 4216">
    <p class='ocr_par' dir='ltr' id='par_1_12' title="bbox 868 4056 3588 4216">
     <span class='ocr_line' id='line_1_40' title="bbox 871 4056 3588 4128; baseline -0.001 -15"><span class='ocrx_word' id='word_1_317' title='bbox 871 4056 1161 4113; x_wconf 64' lang='lat' dir='ltr'><strong>Lunam)</strong></span> <span class='ocrx_word' id='word_1_318' title='bbox 1197 4072 1233 4111; x_wconf 83' lang='lat' dir='ltr'><strong>a</strong></span> <span class='ocrx_word' id='word_1_319' title='bbox 1267 4056 1411 4112; x_wconf 81' lang='lat' dir='ltr'><strong>Solis</strong></span> <span class='ocrx_word' id='word_1_320' title='bbox 1448 4073 1479 4113; x_wconf 93' lang='grc'>0</span> <span class='ocrx_word' id='word_1_321' title='bbox 1519 4057 1700 4128; x_wconf 84' lang='lat' dir='ltr'><strong>posito</strong></span> <span class='ocrx_word' id='word_1_322' title='bbox 1735 4058 1789 4112; x_wconf 86' lang='lat' dir='ltr'>H</span> <span class='ocrx_word' id='word_1_323' title='bbox 1826 4058 1926 4114; x_wconf 82' lang='lat'><strong>36⁰</strong></span> <span class='ocrx_word' id='word_1_324' title='bbox 1959 4058 2030 4114; x_wconf 85' lang='grc' dir='ltr'><strong>θ’.</strong></span> <span class='ocrx_word' id='word_1_325' title='bbox 2082 4056 2577 4125; x_wconf 85' lang='lat' dir='ltr'><strong>Antilogarithmus</strong></span> <span class='ocrx_word' id='word_1_326' title='bbox 2615 4095 3252 4113; x_wconf 91' lang='grc'><strong>........</strong></span> <span class='ocrx_word' id='word_1_327' title='bbox 3310 4059 3344 4111; x_wconf 88' lang='grc'><strong>’.</strong></span> <span class='ocrx_word' id='word_1_328' title='bbox 3413 4056 3588 4112; x_wconf 84' lang='grc'><strong>21193</strong></span> 
     </span>
     <span class='ocr_line' id='line_1_41' title="bbox 868 4073 3586 4216; baseline 0 -25"><span class='ocrx_word' id='word_1_329' title='bbox 868 4134 1275 4216; x_wconf 77' lang='lat' dir='ltr'><strong>Eccentricitas</strong></span> <span class='ocrx_word' id='word_1_330' title='bbox 1309 4134 1406 4191; x_wconf 92' lang='lat' dir='ltr'><strong>AB</strong></span> <span class='ocrx_word' id='word_1_331' title='bbox 1441 4073 1600 4207; x_wconf 49' lang='lat'><strong>4362,</strong></span> <span class='ocrx_word' id='word_1_332' title='bbox 1639 4135 1986 4192; x_wconf 88' lang='lat' dir='ltr'><strong>considerata</strong></span> <span class='ocrx_word' id='word_1_333' title='bbox 2021 4142 2082 4191; x_wconf 92' lang='lat' dir='ltr'><strong>ut</strong></span> <span class='ocrx_word' id='word_1_334' title='bbox 2115 4150 2374 4193; x_wconf 84' lang='lat' dir='ltr'><strong>numerus</strong></span> <span class='ocrx_word' id='word_1_335' title='bbox 2408 4135 2602 4193; x_wconf 82' lang='grc'>43620.</span> <span class='ocrx_word' id='word_1_336' title='bbox 2637 4133 3022 4205; x_wconf 81' lang='lat' dir='ltr'><strong>Logarithmus</strong></span> <span class='ocrx_word' id='word_1_337' title='bbox 3064 4174 3077 4189; x_wconf 92' lang='lat'><strong>.</strong></span> <span class='ocrx_word' id='word_1_338' title='bbox 3150 4177 3165 4192; x_wconf 89' lang='lat'><strong>.</strong></span> <span class='ocrx_word' id='word_1_339' title='bbox 3239 4176 3253 4191; x_wconf 91' lang='lat'><strong>.</strong></span> <span class='ocrx_word' id='word_1_340' title='bbox 3326 4175 3345 4192; x_wconf 79' lang='grc'><strong>.</strong></span> <span class='ocrx_word' id='word_1_341' title='bbox 3411 4133 3586 4191; x_wconf 83' lang='grc'>82965</span> 
     </span>
    </p>
   </div>
   <div class='ocr_carea' id='block_1_10' title="bbox 3329 4207 3594 4219">
    <p class='ocr_par' dir='ltr' id='par_1_13' title="bbox 3329 4207 3594 4219">
     <span class='ocr_line' id='line_1_42' title="bbox 3329 4207 3594 4219; baseline 0 2056"><span class='ocrx_word' id='word_1_342' title='bbox 3329 4207 3594 4219; x_wconf 95' lang='lat' dir='ltr'><strong> </strong></span> 
     </span>
    </p>
   </div>
   <div class='ocr_carea' id='block_1_11' title="bbox 870 4221 3605 4390">
    <p class='ocr_par' dir='ltr' id='par_1_14' title="bbox 870 4221 3605 4390">
     <span class='ocr_line' id='line_1_43' title="bbox 870 4221 3605 4390; baseline -0.03 -28"><span class='ocrx_word' id='word_1_343' title='bbox 870 4301 1128 4390; x_wconf 60' lang='lat' dir='ltr'><strong>quaesita</strong></span> <span class='ocrx_word' id='word_1_344' title='bbox 1162 4308 1226 4357; x_wconf 92' lang='lat' dir='ltr'><strong>ut</strong></span> <span class='ocrx_word' id='word_1_345' title='bbox 1259 4301 1635 4378; x_wconf 77' lang='lat' dir='ltr'><strong>logarithmus,</strong></span> <span class='ocrx_word' id='word_1_346' title='bbox 1674 4304 1915 4359; x_wconf 86' lang='lat' dir='ltr'><strong>ostendit</strong></span> <span class='ocrx_word' id='word_1_347' title='bbox 1950 4303 2045 4358; x_wconf 86' lang='lat' dir='ltr'><strong>AC</strong></span> <span class='ocrx_word' id='word_1_348' title='bbox 2081 4302 2544 4359; x_wconf 86' lang='lat' dir='ltr'><strong>eccentricitatem</strong></span> <span class='ocrx_word' id='word_1_349' title='bbox 2578 4301 2769 4371; x_wconf 82' lang='lat' dir='ltr'><strong>puncti</strong></span> <span class='ocrx_word' id='word_1_350' title='bbox 2806 4302 2846 4357; x_wconf 86' lang='lat' dir='ltr'>C</span> <span class='ocrx_word' id='word_1_351' title='bbox 2883 4301 3041 4358; x_wconf 76' lang='lat'><strong>3529.</strong></span> <span class='ocrx_word' id='word_1_352' title='bbox 3064 4221 3345 4367; x_wconf 56' lang='grc' dir='ltr'>ωὶὸὓωωιι</span> <span class='ocrx_word' id='word_1_353' title='bbox 3377 4223 3605 4290; x_wconf 82' lang='grc'><strong>104158,</strong></span> 
     </span>
    </p>
   </div>
   <div class='ocr_carea' id='block_1_12' title="bbox 868 4390 3604 4736">
    <p class='ocr_par' dir='ltr' id='par_1_15' title="bbox 868 4390 3604 4736">
     <span class='ocr_line' id='line_1_44' title="bbox 967 4390 3604 4472; baseline 0 -18"><span class='ocrx_word' id='word_1_354' title='bbox 967 4447 974 4454; x_wconf 91' lang='grc'><em>.</em></span> <span class='ocrx_word' id='word_1_355' title='bbox 1059 4394 1229 4472; x_wconf 79' lang='lat' dir='ltr'><strong>Quid</strong></span> <span class='ocrx_word' id='word_1_356' title='bbox 1278 4403 1425 4455; x_wconf 73' lang='lat' dir='ltr'><strong>runt</strong></span> <span class='ocrx_word' id='word_1_357' title='bbox 1484 4396 1783 4472; x_wconf 78' lang='lat' dir='ltr'><strong>scrupula</strong></span> <span class='ocrx_word' id='word_1_358' title='bbox 1844 4402 2160 4455; x_wconf 67' lang='lat' dir='ltr'><strong>menstrua</strong></span> <span class='ocrx_word' id='word_1_359' title='bbox 2220 4391 2669 4471; x_wconf 71' lang='lat' dir='ltr'><strong>lonyitudinir?</strong></span> <span class='ocrx_word' id='word_1_360' title='bbox 2761 4391 2915 4453; x_wconf 88' lang='lat' dir='ltr'><strong>Sunt</strong></span> <span class='ocrx_word' id='word_1_361' title='bbox 2968 4392 3112 4453; x_wconf 87' lang='lat' dir='ltr'><strong>nihil</strong></span> <span class='ocrx_word' id='word_1_362' title='bbox 3168 4390 3363 4472; x_wconf 87' lang='lat' dir='ltr'><strong>aliud,</strong></span> <span class='ocrx_word' id='word_1_363' title='bbox 3426 4409 3604 4469; x_wconf 87' lang='lat' dir='ltr'><strong>quam</strong></span> 
     </span>
     <span class='ocr_line' id='line_1_45' title="bbox 868 4477 3604 4560; baseline -0.001 -18"><span class='ocrx_word' id='word_1_364' title='bbox 868 4479 1048 4543; x_wconf 75' lang='lat' dir='ltr'><strong>valor</strong></span> <span class='ocrx_word' id='word_1_365' title='bbox 1092 4499 1265 4545; x_wconf 86' lang='lat' dir='ltr'><strong>areae</strong></span> <span class='ocrx_word' id='word_1_366' title='bbox 1311 4482 1588 4560; x_wconf 85' lang='lat' dir='ltr'><strong>trianguli</strong></span> <span class='ocrx_word' id='word_1_367' title='bbox 1634 4484 1962 4559; x_wconf 85' lang='lat' dir='ltr'><strong>aequatorii</strong></span> <span class='ocrx_word' id='word_1_368' title='bbox 2017 4484 2299 4543; x_wconf 86' lang='lat' dir='ltr'><strong>menstrui</strong></span> <span class='ocrx_word' id='word_1_369' title='bbox 2359 4497 2536 4558; x_wconf 87' lang='lat' dir='ltr'><strong>super</strong></span> <span class='ocrx_word' id='word_1_370' title='bbox 2581 4482 3016 4541; x_wconf 85' lang='lat' dir='ltr'><strong>ecceutricitate</strong></span> <span class='ocrx_word' id='word_1_371' title='bbox 3065 4486 3364 4541; x_wconf 86' lang='lat' dir='ltr'><strong>menstrua</strong></span> <span class='ocrx_word' id='word_1_372' title='bbox 3419 4477 3604 4541; x_wconf 74' lang='lat' dir='ltr'><strong>centri</strong></span> 
     </span>
     <span class='ocr_line' id='line_1_46' title="bbox 869 4563 3604 4647; baseline -0.001 -16"><span class='ocrx_word' id='word_1_373' title='bbox 869 4569 1192 4631; x_wconf 85' lang='lat' dir='ltr'><strong>eeceutrici</strong></span> <span class='ocrx_word' id='word_1_374' title='bbox 1256 4572 1467 4631; x_wconf 88' lang='lat' dir='ltr'><strong>stantis</strong></span> <span class='ocrx_word' id='word_1_375' title='bbox 1527 4573 1583 4629; x_wconf 87' lang='lat' dir='ltr'><strong>iu</strong></span> <span class='ocrx_word' id='word_1_376' title='bbox 1648 4571 1913 4647; x_wconf 87' lang='lat' dir='ltr'><strong>quolibet</strong></span> <span class='ocrx_word' id='word_1_377' title='bbox 1978 4587 2178 4632; x_wconf 85' lang='lat' dir='ltr'><strong>mense</strong></span> <span class='ocrx_word' id='word_1_378' title='bbox 2237 4568 2508 4630; x_wconf 87' lang='lat' dir='ltr'><strong>technico</strong></span> <span class='ocrx_word' id='word_1_379' title='bbox 2574 4563 2845 4647; x_wconf 76' lang='lat' dir='ltr'><strong>maximi,</strong></span> <span class='ocrx_word' id='word_1_380' title='bbox 2911 4570 2972 4629; x_wconf 88' lang='lat' dir='ltr'><strong>in</strong></span> <span class='ocrx_word' id='word_1_381' title='bbox 3031 4569 3290 4629; x_wconf 84' lang='lat' dir='ltr'><strong>numeris</strong></span> <span class='ocrx_word' id='word_1_382' title='bbox 3337 4566 3604 4645; x_wconf 87' lang='lat' dir='ltr'><strong>qualium</strong></span> 
     </span>
     <span class='ocr_line' id='line_1_47' title="bbox 869 4657 2555 4736; baseline -0.002 -17"><span class='ocrx_word' id='word_1_383' title='bbox 869 4658 1142 4719; x_wconf 81' lang='lat' dir='ltr'><strong>omnium</strong></span> <span class='ocrx_word' id='word_1_384' title='bbox 1187 4660 1505 4718; x_wconf 85' lang='lat' dir='ltr'><strong>maximum</strong></span> <span class='ocrx_word' id='word_1_385' title='bbox 1550 4659 1675 4719; x_wconf 86' lang='lat' dir='ltr'><strong>scil.</strong></span> <span class='ocrx_word' id='word_1_386' title='bbox 1720 4660 1781 4717; x_wconf 90' lang='lat' dir='ltr'><strong>iu</strong></span> <span class='ocrx_word' id='word_1_387' title='bbox 1828 4674 2027 4719; x_wconf 87' lang='lat' dir='ltr'><strong>mense</strong></span> <span class='ocrx_word' id='word_1_388' title='bbox 2072 4657 2246 4736; x_wconf 90' lang='lat' dir='ltr'><strong>pleno</strong></span> <span class='ocrx_word' id='word_1_389' title='bbox 2293 4663 2385 4718; x_wconf 87' lang='lat' dir='ltr'><strong>est</strong></span> <span class='ocrx_word' id='word_1_390' title='bbox 2431 4658 2555 4716; x_wconf 79' lang='lat'><strong>60‘.</strong></span> 
     </span>
    </p>
   </div>
   <div class='ocr_carea' id='block_1_13' title="bbox 864 4749 3689 5144">
    <p class='ocr_par' dir='ltr' id='par_1_16' title="bbox 864 4749 3689 5144">
     <span class='ocr_line' id='line_1_48' title="bbox 1052 4749 3604 4827; baseline 0 -16"><span class='ocrx_word' id='word_1_391' title='bbox 1052 4755 1120 4810; x_wconf 84' lang='lat' dir='ltr'><strong>In</strong></span> <span class='ocrx_word' id='word_1_392' title='bbox 1175 4756 1454 4812; x_wconf 81' lang='lat' dir='ltr'><strong>schemate</strong></span> <span class='ocrx_word' id='word_1_393' title='bbox 1508 4758 1826 4813; x_wconf 75' lang='lat' dir='ltr'><strong>continuata</strong></span> <span class='ocrx_word' id='word_1_394' title='bbox 1872 4757 1963 4813; x_wconf 91' lang='lat' dir='ltr'><strong>BC</strong></span> <span class='ocrx_word' id='word_1_395' title='bbox 2011 4758 2067 4812; x_wconf 90' lang='lat' dir='ltr'><strong>in</strong></span> <span class='ocrx_word' id='word_1_396' title='bbox 2114 4762 2322 4827; x_wconf 80' lang='lat' dir='ltr'><strong>puncta</strong></span> <span class='ocrx_word' id='word_1_397' title='bbox 2352 4755 2585 4812; x_wconf 76' lang='lat' dir='ltr'><strong>=orbitae</strong></span> <span class='ocrx_word' id='word_1_398' title='bbox 2619 4754 2681 4826; x_wconf 94' lang='lat' dir='ltr'><strong>O,</strong></span> <span class='ocrx_word' id='word_1_399' title='bbox 2717 4756 2794 4819; x_wconf 79' lang='lat' dir='ltr'><strong>N,</strong></span> <span class='ocrx_word' id='word_1_400' title='bbox 2844 4761 2902 4810; x_wconf 86' lang='lat' dir='ltr'><strong>et</strong></span> <span class='ocrx_word' id='word_1_401' title='bbox 2945 4749 3053 4825; x_wconf 86' lang='lat' dir='ltr'><strong>ipsi</strong></span> <span class='ocrx_word' id='word_1_402' title='bbox 3098 4754 3193 4811; x_wconf 84' lang='lat' dir='ltr'><strong>OA</strong></span> <span class='ocrx_word' id='word_1_403' title='bbox 3237 4752 3503 4824; x_wconf 81' lang='lat' dir='ltr'><strong>parallela</strong></span> <span class='ocrx_word' id='word_1_404' title='bbox 3546 4761 3604 4811; x_wconf 83' lang='lat' dir='ltr'><strong>et</strong></span> 
     </span>
     <span class='ocr_line' id='line_1_49' title="bbox 869 4832 3604 4907; baseline -0.001 -17"><span class='ocrx_word' id='word_1_405' title='bbox 869 4832 1129 4904; x_wconf 74' lang='lat' dir='ltr'><strong>aequalis</strong></span> <span class='ocrx_word' id='word_1_406' title='bbox 1155 4835 1249 4890; x_wconf 90' lang='lat' dir='ltr'><strong>BZ</strong></span> <span class='ocrx_word' id='word_1_407' title='bbox 1276 4834 1529 4900; x_wconf 88' lang='lat' dir='ltr'><strong>demissa,</strong></span> <span class='ocrx_word' id='word_1_408' title='bbox 1568 4843 1625 4890; x_wconf 88' lang='lat' dir='ltr'><strong>et</strong></span> <span class='ocrx_word' id='word_1_409' title='bbox 1660 4837 1876 4904; x_wconf 87' lang='lat' dir='ltr'><strong>punctis</strong></span> <span class='ocrx_word' id='word_1_410' title='bbox 1912 4837 1981 4907; x_wconf 87' lang='lat' dir='ltr'><strong>N,</strong></span> <span class='ocrx_word' id='word_1_411' title='bbox 2018 4835 2063 4891; x_wconf 92' lang='grc' dir='ltr'><strong>Ο</strong></span> <span class='ocrx_word' id='word_1_412' title='bbox 2101 4852 2225 4892; x_wconf 87' lang='lat' dir='ltr'><strong>cum</strong></span> <span class='ocrx_word' id='word_1_413' title='bbox 2263 4836 2307 4890; x_wconf 92' lang='lat' dir='ltr'>Z</span> <span class='ocrx_word' id='word_1_414' title='bbox 2344 4835 2621 4902; x_wconf 83' lang='lat' dir='ltr'><strong>connexis,</strong></span> <span class='ocrx_word' id='word_1_415' title='bbox 2658 4834 2812 4890; x_wconf 82' lang='lat' dir='ltr'><strong>valor</strong></span> <span class='ocrx_word' id='word_1_416' title='bbox 2846 4849 3006 4889; x_wconf 86' lang='lat' dir='ltr'><strong>areae</strong></span> <span class='ocrx_word' id='word_1_417' title='bbox 3036 4834 3178 4889; x_wconf 83' lang='lat' dir='ltr'><strong>ZBN</strong></span> <span class='ocrx_word' id='word_1_418' title='bbox 3215 4833 3303 4891; x_wconf 75' lang='lat' dir='ltr'><strong>vel</strong></span> <span class='ocrx_word' id='word_1_419' title='bbox 3327 4836 3469 4897; x_wconf 79' lang='lat' dir='ltr'><strong>zsso</strong></span> <span class='ocrx_word' id='word_1_420' title='bbox 3507 4835 3604 4890; x_wconf 79' lang='lat' dir='ltr'><strong>dat</strong></span> 
     </span>
     <span class='ocr_line' id='line_1_50' title="bbox 868 4912 3601 4987; baseline -0.001 -16"><span class='ocrx_word' id='word_1_421' title='bbox 868 4912 1137 4985; x_wconf 78' lang='lat' dir='ltr'><strong>scrupula</strong></span> <span class='ocrx_word' id='word_1_422' title='bbox 1167 4913 1552 4984; x_wconf 79' lang='lat' dir='ltr'><strong>longitudinis,</strong></span> <span class='ocrx_word' id='word_1_423' title='bbox 1599 4930 1739 4984; x_wconf 88' lang='lat' dir='ltr'><strong>quae</strong></span> <span class='ocrx_word' id='word_1_424' title='bbox 1773 4916 1983 4985; x_wconf 81' lang='lat' dir='ltr'><strong>valent,</strong></span> <span class='ocrx_word' id='word_1_425' title='bbox 2031 4917 2465 4987; x_wconf 84' lang='lat' dir='ltr'><strong>quotiescunque</strong></span> <span class='ocrx_word' id='word_1_426' title='bbox 2508 4917 2748 4972; x_wconf 85' lang='lat' dir='ltr'><strong>occurrit</strong></span> <span class='ocrx_word' id='word_1_427' title='bbox 2781 4916 2840 4971; x_wconf 90' lang='lat' dir='ltr'><strong>in</strong></span> <span class='ocrx_word' id='word_1_428' title='bbox 2873 4914 3059 4986; x_wconf 82' lang='lat' dir='ltr'><strong>aliquo</strong></span> <span class='ocrx_word' id='word_1_429' title='bbox 3095 4933 3281 4975; x_wconf 83' lang='lat' dir='ltr'><strong>mense</strong></span> <span class='ocrx_word' id='word_1_430' title='bbox 3316 4914 3601 4985; x_wconf 85' lang='lat' dir='ltr'><strong>dispositio</strong></span> 
     </span>
     <span class='ocr_line' id='line_1_51' title="bbox 864 4992 3689 5065; baseline -0.001 -15"><span class='ocrx_word' id='word_1_431' title='bbox 864 4993 982 5050; x_wconf 75' lang='lat' dir='ltr'><strong>ista</strong></span> <span class='ocrx_word' id='word_1_432' title='bbox 1014 4999 1349 5064; x_wconf 87' lang='lat' dir='ltr'><strong>punctorum</strong></span> <span class='ocrx_word' id='word_1_433' title='bbox 1383 4992 1451 5057; x_wconf 89' lang='lat' dir='ltr'><strong>A,</strong></span> <span class='ocrx_word' id='word_1_434' title='bbox 1488 4992 1546 5062; x_wconf 88' lang='lat' dir='ltr'><strong>C,</strong></span> <span class='ocrx_word' id='word_1_435' title='bbox 1584 4994 1629 5047; x_wconf 89' lang='lat' dir='ltr'>B</span> <span class='ocrx_word' id='word_1_436' title='bbox 1666 4993 1752 5049; x_wconf 85' lang='lat' dir='ltr'><strong>vel</strong></span> <span class='ocrx_word' id='word_1_437' title='bbox 1798 4995 2031 5063; x_wconf 77' lang='lat' dir='ltr'><strong>angulus</strong></span> <span class='ocrx_word' id='word_1_438' title='bbox 2079 4995 2184 5051; x_wconf 85' lang='lat' dir='ltr'><strong>iste</strong></span> <span class='ocrx_word' id='word_1_439' title='bbox 2218 4996 2375 5051; x_wconf 79' lang='grc' dir='ltr'><strong>ΒΑΗ</strong></span> <span class='ocrx_word' id='word_1_440' title='bbox 2420 4996 2565 5051; x_wconf 89' lang='lat' dir='ltr'><strong>inter</strong></span> <span class='ocrx_word' id='word_1_441' title='bbox 2612 4994 2814 5050; x_wconf 86' lang='lat' dir='ltr'><strong>lineam</strong></span> <span class='ocrx_word' id='word_1_442' title='bbox 2862 4995 3114 5065; x_wconf 87' lang='lat' dir='ltr'><strong>apsidum</strong></span> <span class='ocrx_word' id='word_1_443' title='bbox 3149 4996 3250 5052; x_wconf 92' lang='lat' dir='ltr'><strong>AD</strong></span> <span class='ocrx_word' id='word_1_444' title='bbox 3298 5003 3356 5052; x_wconf 85' lang='lat' dir='ltr'><strong>et</strong></span> <span class='ocrx_word' id='word_1_445' title='bbox 3399 4994 3603 5050; x_wconf 86' lang='lat' dir='ltr'><strong>lineam</strong></span> <span class='ocrx_word' id='word_1_446' title='bbox 3682 5051 3689 5058; x_wconf 67' lang='grc'><strong>,</strong></span> 
     </span>
     <span class='ocr_line' id='line_1_52' title="bbox 864 5070 2971 5144; baseline -0 -14"><span class='ocrx_word' id='word_1_447' title='bbox 864 5071 982 5130; x_wconf 82' lang='lat' dir='ltr'><strong>loci</strong></span> <span class='ocrx_word' id='word_1_448' title='bbox 1005 5070 1153 5128; x_wconf 78' lang='lat' dir='ltr'><strong>Solia</strong></span> <span class='ocrx_word' id='word_1_449' title='bbox 1190 5070 1313 5141; x_wconf 78' lang='lat' dir='ltr'><strong>AB,</strong></span> <span class='ocrx_word' id='word_1_450' title='bbox 1351 5087 1677 5142; x_wconf 85' lang='lat' dir='ltr'><strong>quocunque</strong></span> <span class='ocrx_word' id='word_1_451' title='bbox 1709 5073 1765 5128; x_wconf 92' lang='lat' dir='ltr'><strong>in</strong></span> <span class='ocrx_word' id='word_1_452' title='bbox 1801 5080 2005 5144; x_wconf 91' lang='lat' dir='ltr'><strong>puncto</strong></span> <span class='ocrx_word' id='word_1_453' title='bbox 2041 5089 2176 5129; x_wconf 85' lang='lat' dir='ltr'><strong>suae</strong></span> <span class='ocrx_word' id='word_1_454' title='bbox 2209 5074 2420 5129; x_wconf 83' lang='lat' dir='ltr'><strong>orbitae</strong></span> <span class='ocrx_word' id='word_1_455' title='bbox 2454 5074 2615 5130; x_wconf 88' lang='lat' dir='ltr'><strong>Luna</strong></span> <span class='ocrx_word' id='word_1_456' title='bbox 2648 5071 2971 5129; x_wconf 80' lang='lat' dir='ltr'><strong>inveniatur.</strong></span> 
     </span>
    </p>
   </div>
   <div class='ocr_carea' id='block_1_14' title="bbox 867 5162 3601 5359">
    <p class='ocr_par' dir='ltr' id='par_1_17' title="bbox 867 5162 3601 5334">
     <span class='ocr_line' id='line_1_53' title="bbox 1047 5162 3601 5244; baseline 0 -20"><span class='ocrx_word' id='word_1_457' title='bbox 1047 5162 1218 5224; x_wconf 79' lang='lat' dir='ltr'><strong>Doce</strong></span> <span class='ocrx_word' id='word_1_458' title='bbox 1259 5164 1369 5225; x_wconf 76' lang='lat' dir='ltr'><strong>hoc</strong></span> <span class='ocrx_word' id='word_1_459' title='bbox 1410 5167 1798 5242; x_wconf 66' lang='lat' dir='ltr'><strong>manqulum</strong></span> <span class='ocrx_word' id='word_1_460' title='bbox 1843 5173 1899 5226; x_wconf 78' lang='lat' dir='ltr'><strong>et</strong></span> <span class='ocrx_word' id='word_1_461' title='bbox 1941 5184 2017 5227; x_wconf 76' lang='lat' dir='ltr'><strong>ex</strong></span> <span class='ocrx_word' id='word_1_462' title='bbox 2060 5184 2128 5227; x_wconf 80' lang='lat' dir='ltr'><strong>eo</strong></span> <span class='ocrx_word' id='word_1_463' title='bbox 2168 5167 2484 5244; x_wconf 70' lang='lat' dir='ltr'><strong>scrupula</strong></span> <span class='ocrx_word' id='word_1_464' title='bbox 2513 5172 2831 5227; x_wconf 70' lang='lat' dir='ltr'><strong>mmtruo</strong></span> <span class='ocrx_word' id='word_1_465' title='bbox 2874 5174 3247 5243; x_wconf 73' lang='lat' dir='ltr'><strong>computare.</strong></span> <span class='ocrx_word' id='word_1_466' title='bbox 3337 5164 3601 5243; x_wconf 83' lang='lat' dir='ltr'><strong>Compu-</strong></span> 
     </span>
     <span class='ocr_line' id='line_1_54' title="bbox 867 5250 3600 5359; baseline 0 -44"><span class='ocrx_word' id='word_1_467' title='bbox 867 5250 1040 5359; x_wconf 77' lang='lat' dir='ltr'><strong>tuudi</strong></span> <span class='ocrx_word' id='word_1_468' title='bbox 1096 5253 1253 5313; x_wconf 84' lang='lat' dir='ltr'><strong>ratio</strong></span> <span class='ocrx_word' id='word_1_469' title='bbox 1311 5260 1511 5314; x_wconf 87' lang='lat' dir='ltr'><strong>manet</strong></span> <span class='ocrx_word' id='word_1_470' title='bbox 1567 5252 1810 5330; x_wconf 85' lang='lat' dir='ltr'><strong>eadem,</strong></span> <span class='ocrx_word' id='word_1_471' title='bbox 1869 5270 2023 5332; x_wconf 88' lang='lat' dir='ltr'><strong>quae</strong></span> <span class='ocrx_word' id='word_1_472' title='bbox 2080 5253 2191 5314; x_wconf 80' lang='lat' dir='ltr'><strong>tuit</strong></span> <span class='ocrx_word' id='word_1_473' title='bbox 2241 5253 2396 5315; x_wconf 88' lang='lat' dir='ltr'><strong>libro</strong></span> <span class='ocrx_word' id='word_1_474' title='bbox 2442 5253 2516 5313; x_wconf 89' lang='lat' dir='ltr'><strong>V.</strong></span> <span class='ocrx_word' id='word_1_475' title='bbox 2560 5253 2748 5331; x_wconf 80' lang='lat' dir='ltr'><strong>partis</strong></span> <span class='ocrx_word' id='word_1_476' title='bbox 2807 5252 2882 5318; x_wconf 82' lang='lat' dir='ltr'><strong>ds</strong></span> <span class='ocrx_word' id='word_1_477' title='bbox 2927 5255 3283 5334; x_wconf 82' lang='lat' dir='ltr'><strong>aequatione</strong></span> <span class='ocrx_word' id='word_1_478' title='bbox 3340 5254 3600 5349; x_wconf 80' lang='lat' dir='ltr'><strong>maxima</strong></span> 
     </span>
    </p>
   </div>
  </div>
 </body>
</html>
