4459 6275
436 779 500 839 318
933 771 1077 844 lipltoures
1095 773 1290 831 Asuononiae
1331 798 1335 809 ·

435 951 682 1028 perfectissimae,
705 950 918 1029 pulcherrimae
935 959 965 1013 et
979 952 1229 1029 simplicissimae,
1253 968 1329 1029 qnae
1351 953 1482 1029 quinque
1503 968 1626 1030 corpora
1648 950 1794 1028 regularia

397 1058 404 1072 ·
435 1039 586 1113 dicuntur,
618 1054 695 1115 quae
721 1038 784 1114 jam
811 1050 879 1100 ante
907 1040 954 1099 bis
980 1039 1060 1100 mille
1088 1057 1182 1101 annus
1204 1039 1402 1118 Pythagoraei
1432 1037 1568 1100 dixerunt
1595 1057 1663 1100 esse
1685 1038 1792 1117 figuras

434 1126 614 1200 mundanas,
645 1128 857 1201 existimantes,
890 1135 1015 1204 quatuor
1038 1127 1184 1187 elementa
1207 1138 1237 1187 et
1259 1127 1373 1188 coelum
1395 1125 1539 1209 (quintam
1560 1130 1735 1201 essentiam)
1756 1124 1792 1185 ad

435 1214 552 1274 illorum
574 1212 764 1291 archetypum
787 1232 852 1274 εεεε
875 1214 1064 1275 conformata.
1110 1215 1170 1275 Sed
1194 1217 1289 1275 verior
1311 1223 1355 1275 est
1382 1217 1472 1288 ratio,
1500 1225 1533 1275 ut
1562 1215 1631 1275 illae
1666 1217 1792 1291 quinque

433 1301 545 1378 tigurae
574 1299 696 1361 totidem
723 1302 903 1362 conforment
936 1301 1093 1362 intervalla
1115 1303 1243 1376 urbium,
1273 1319 1338 1363 sese
1368 1310 1470 1362 mutuo
1494 1302 1718 1363 includentium.
1762 1300 1791 1360 st

436 1406 505 1466 crgo
529 1396 598 1450 sunt
619 1388 776 1449 intervalla
797 1392 927 1466 quinque
941 1389 1102 1467 sphaerica,
1126 1407 1178 1449 εει
1194 1392 1282 1467 igitur
1304 1406 1424 1451 necesse
1439 1399 1486 1451 εει
1508 1407 1572 1451 εεεε
1592 1391 1697 1451 orbes:
1720 1392 1792 1451 sicat

435 1474 474 1535 ad
502 1476 657 1537 intervalla
679 1485 806 1554 quatuor
828 1477 951 1538 linearia
974 1479 1103 1554 quinque
1127 1493 1245 1537 necesse
1268 1485 1399 1537 estesse
1422 1476 1540 1555 digitos.

526 1565 613 1643 Quae
641 1572 715 1623 suut
744 1565 817 1625 illue
838 1568 974 1642 quinque
1003 1565 1123 1642 figurae
1150 1565 1328 1641 repedaret?
1360 1565 1475 1642 Gubus,
1498 1563 1678 1639 tetraidron,
1701 1562 1791 1625 dode·
1864 1600 1869 1609 ·

434 1650 568 1726 ceddren,
593 1649 773 1725 icosaiidron,
798 1651 966 1713 octaedron.

525 1736 683 1818 Quomodo
704 1737 938 1816 distatquuntur
959 1739 1016 1798 isac
1036 1738 1155 1814 fipurm
1175 1745 1204 1799 et
1223 1740 1259 1799 iu
1281 1757 1361 1816 quoe
1380 1739 1516 1816 pomero?
1548 1737 1661 1813 Cultus,
1685 1743 1792 1799 tetrai-

435 1826 506 1886 drcn
529 1835 558 1887 nt
581 1824 786 1886 dodecaiidrou
808 1836 876 1887 sunt
898 1828 1061 1903 primariae,
1086 1824 1252 1901 octaedrou
1276 1826 1448 1888 icosai'drun
1470 1824 1673 1887 secundariae.

525 1913 630 1992 Quare
652 1914 722 1973 illua
741 1916 820 1993 socia
839 1917 1018 1991 primarias,
1042 1913 1098 1973 ltus
1119 1914 1339 1974 secundarius?
1370 1914 1444 1975 'l'res
1473 1913 1544 1974 illae
1566 1913 1678 1974 lsabem
1700 1922 1793 1975 ortum

434 2001 560 2080 priorem
583 2009 612 2060 ει
634 1999 775 2078 angulum
799 2001 1056 2079 simplicissimum,
1081 1999 1107 2059 lt.
1126 2018 1152 2061 e.
1168 2001 1353 2073 triliucarem,
1377 2011 1407 2062 ει
1421 2000 1542 2080 planum
1558 2000 1712 2079 quaelibet
1725 2019 1793 2079 pro·

435 2090 547 2167 prium3
569 2088 647 2148 duae
670 2091 846 2165 posteriores
869 2088 979 2151 habent
993 2095 1088 2147 ortum
1110 2105 1146 2148 es
1169 2090 1323 2165 primariis,
1346 2097 1376 2149 et
1391 2089 1532 2168 angulum
1549 2089 1677 2166 plurium
1700 2090 1793 2150 linea·

434 2194 499 2237 rum
522 2178 677 2252 magisque
700 2179 906 2255 compositum,
930 2184 960 2237 et
982 2175 1103 2252 planum
1125 2177 1332 2239 mutuatitium.

527 2263 604 2342 Quis
631 2271 673 2323 εει
693 2265 769 2324 ordo
788 2263 1041 2342 primariorum?
1072 2263 1233 2323 Primariae
1260 2266 1336 2325 istae
1365 2263 1501 2325 dicuntur
1522 2268 1637 2324 tautum
1660 2272 1792 2341 respectu

436 2351 691 2425 secundariorum,
715 2353 790 2411 inter
811 2368 843 2413 se
866 2354 942 2413 cuim
965 2350 1076 2411 habent
1097 2349 1195 2410 adbuc
1218 2350 1349 2412 ordinem
1370 2353 1532 2430 prioritatis
1555 2354 1661 2411 istum:
1690 2352 1792 2423 cunm,

437 2437 613 2512 tatra'c’dron,
637 2437 850 2500 dodecaiidron.
894 2439 929 2498 Iu
952 2438 998 2499 iris
1021 2438 1097 2498 enim
1112 2437 1212 2515 liguris
1235 2447 1358 2517 apparet
1373 2442 1466 2516 prima
1488 2440 1618 2499 omnium
1637 2438 1793 2517 metaplty·

438 2528 501 2587 sica
516 2527 673 2603 oppositio,
696 2526 772 2589 inter
793 2524 872 2589 idem
893 2537 923 2588 ει
945 2525 1070 2588 altemm
1093 2525 1141 2587 rel
1163 2524 1321 2587 diversum.
1365 2526 1400 2585 In
1422 2527 1500 2588 cubo
1515 2533 1666 2605 spectatur
1687 2526 1794 2586 identi-

435 2623 499 2690 tas,
530 2616 561 2673 in
587 2612 709 2691 reliquis
737 2613 853 2675 duabus
882 2614 1046 2675 diversitas
1092 2613 1130 2673 lit
1160 2615 1234 2674 inter
1260 2613 1314 2674 has
1342 2612 1461 2691 quidem
1489 2624 1536 2675 est
1556 2615 1654 2690 prima
1675 2624 1793 2675 aunua-

434 2703 524 2762 rietas
550 2702 745 2781 geometrica,
772 2700 835 2763 scil
864 2719 942 2778 quae
971 2707 1017 2762 est
1038 2703 1113 2761 inter
1134 2700 1202 2778 plus
1230 2709 1261 2762 et
1281 2702 1378 2761 minus
1399 2704 1474 2780 ipso.
1520 2699 1623 2761 Cunus
1645 2704 1727 2762 enin
1749 2711 1792 2763 sa

434 2805 481 2851 res
511 2790 594 2869 ipsa,
625 2786 791 2849 tetraidron
813 2797 858 2849 est
883 2792 979 2850 miuus
1002 2789 1094 2862 cubo,
1126 2786 1329 2848 dodecaddron
1351 2788 1419 2866 plus
1439 2788 1529 2859 cubo,
1554 2805 1607 2849 seu
1630 2788 1729 2851 eabae
1749 2796 1794 2849 est

433 2878 529 2954 prlma
549 2878 723 2954 genitarum,
747 2875 913 2939 tetraidron
928 2879 1022 2955 prims
1036 2883 1251 2937 exsectarume
1270 2876 1356 2950 cubo,
1378 2875 1581 2938 dodecaidron
1596 2877 1694 2953 prima
1708 2893 1791 2939 ou·-

433 2966 605 3043 positarum,
627 2972 716 3025 auctu
738 2970 768 3024 ει
791 2970 893 3041 operto
915 2962 1009 3037 cubo;
1032 2979 1109 3041 quae
1129 2962 1200 3023 idea
1220 2965 1339 3023 etiam
1331 2981 1362 3022 ru
1376 2981 1477 3024 earum
1499 2962 1605 3039 planis,
1628 2970 1796 3042 tetragono,

433 3054 560 3129 trigono,
582 3048 751 3130 pentagono
774 3049 957 3112 dominatur.
981 3058 1153 3129 tetragcms
1167 3051 1246 3112 enim
1258 3051 1387 3129 gignitur
1401 3052 1496 3130 primu
1511 3053 1644 3114 omnium
1657 3050 1795 3113 inultas

433 3140 656 3220 simplicissimis
678 3148 709 3200 et
730 3139 988 3218 aequabiliasimis,
1012 3148 1046 3200 ut
1066 3139 1142 3200 libro
1164 3141 1258 3216 primu
1281 3139 1406 3214 dictnm3
1428 3136 1506 3202 idem
1525 3138 1652 3200 soluitur
1672 3140 1706 3198 ln
1728 3141 1796 3202 bina

433 3226 588 3306 triangula,
611 3235 796 3305 pentagonus
820 3244 888 3289 vcro
911 3228 1095 3303 componitur
1118 3227 1269 3287 extribus
1291 3226 1446 3304 triangulis
1468 3225 1591 3290 idoneis.

520 3316 651 3390 Explica
673 3315 742 3375 cubi
754 3318 877 3392 genesin
899 3324 927 3375 et
940 3320 1110 3392 primatum
1134 3322 1162 3373 ct
1182 3316 1318 3390 speciem.
1363 3314 1474 3376 Rectae
1497 3314 1678 3391 quantitates
1701 3321 1796 3374 ortum

436 3402 545 3463 habent
567 3410 665 3463 mente
688 3405 893 3480 conspicuum3
916 3403 1111 3479 sphaericum,
1136 3408 1168 3459 ut
1190 3417 1280 3478 supra
1293 3401 1413 3477 dictum,
1437 3400 1583 3478 quendam
1598 3403 1676 3476 gerit
1697 3411 1795 3462 aeter·

433 3491 535 3550 nitatis
557 3506 611 3550 scu
631 3492 830 3567 generationis
851 3499 989 3551 aeternae
1012 3490 1217 3550 characterem.
1262 3489 1365 3549 Posito
1388 3507 1459 3550 vcro
1481 3488 1654 3566 sphaerico,
1676 3491 1795 3569 ponitur

436 3584 577 3655 punctum
599 3578 630 3636 in
652 3577 717 3652 ejus
738 3576 835 3637 medio
858 3587 887 3637 et
916 3585 1026 3655 puncta
1049 3576 1162 3636 infinita
1184 3578 1212 3634 in
1236 3577 1300 3652 ejus
1322 3577 1484 3653 superficie.
1532 3576 1575 3635 lix
1599 3575 1680 3635 duxu
1705 3579 1794 3654 igitur

433 3665 533 3741 puncti
557 3662 595 3723 ad
618 3672 757 3744 punctum
787 3666 877 3724 oritur
898 3665 992 3737 linea,
1024 3682 1059 3725 ex
1082 3664 1163 3724 fluxu
1185 3662 1282 3725 lineae
1303 3664 1417 3724 laterali
1439 3663 1624 3741 superficies,
1655 3681 1691 3724 ex
1715 3663 1795 3725 uam

433 3750 599 3829 superficiei
626 3751 741 3812 laterali
764 3768 879 3830 eorpus
923 3752 955 3812 Si
985 3752 1081 3812 fluxus
1110 3758 1156 3812 est
1177 3759 1273 3811 rectus
1302 3754 1450 3829 etiamque
1479 3751 1685 3824 brevissimus,
1716 3760 1795 3814 recta

432 3837 500 3899 irinc
530 3840 622 3899 oritur
651 3838 767 3900 duobus
799 3840 955 3901 terminata
983 3841 1114 3918 punctis;
1146 3840 1171 3898 si
1204 3839 1300 3899 tluxns
1326 3839 1422 3900 lineae
1452 3847 1549 3900 rectae
1578 3837 1647 3898 talis
1669 3847 1733 3912 est,
1763 3847 1794 3898 ut

432 3926 596 4004 aequaliter
618 3926 710 3987 fluant
733 3929 832 3988 omnia
853 3928 918 4003 ejus
940 3935 1059 4004 puncta,
1082 3925 1386 4003 parallelogrammum
1409 3928 1512 3998 uritcu,
1543 3932 1671 4003 quatuor
1693 3927 1794 3988 termi-

432 4023 534 4076 uatum
556 4013 653 4090 lineis3
675 4016 701 4074 si
724 4016 766 4076 sic
789 4016 877 4075 etiam
900 4013 1205 4092 parallelogrammum
1218 4013 1299 4087 fluet,
1323 4017 1414 4075 oritur
1428 4013 1723 4090 parallelepipedam,
1744 4029 1793 4074 aer

433 4104 619 4164 terminatum
634 4101 740 4179 planis.
775 4101 904 4162 Rursum
925 4104 950 4161 si
971 4100 1066 4162 lineae
1090 4101 1185 4160 fluxus
1201 4110 1246 4162 εει
1267 4100 1400 4177 aequalis
1414 4109 1512 4162 rectae
1532 4102 1646 4180 liuenti,
1667 4101 1795 4178 angulas

433 4188 538 4262 lineae,
553 4188 714 4250 secundum
729 4207 818 4266 quam
833 4188 865 4248 fit
878 4188 984 4262 fluxus,
1007 4187 1046 4248 ad
1061 4188 1198 4248 fluentem
1214 4188 1426 4265 qualiscunque
1437 4197 1553 4265 praeter
1567 4197 1688 4262 rectum,
1703 4191 1795 4250 oritur

432 4276 579 4354 planities,
601 4276 740 4339 rhombus
763 4277 857 4346 dicta,
880 4276 964 4352 eujus
979 4275 1071 4336 latera
1087 4278 1161 4335 inter
1183 4294 1216 4336 se
1230 4276 1381 4352 aequalia;
1404 4279 1429 4335 si
1445 4275 1572 4352 angulus
1586 4285 1683 4337 rectus
1697 4278 1795 4347 luent,

434 4362 609 4440 quadratum
632 4372 685 4438 est,
710 4364 789 4441 quod
813 4364 918 4439 oritur;
941 4364 967 4423 si
989 4366 1032 4423 sic
1053 4364 1142 4424 etiam
1164 4363 1237 4423 fluat
1258 4363 1442 4439 quadratum,
1470 4366 1561 4424 oritur
1583 4364 1686 4438 cubus,
1711 4364 1795 4440 eujus

433 4467 484 4510 εει
514 4448 605 4527 plana
631 4455 730 4512 omnia
760 4451 905 4529 quadrata
932 4457 962 4510 et
989 4454 1031 4512 sie
1058 4453 1132 4511 inter
1158 4468 1191 4511 se
1224 4451 1370 4528 aequalia
1415 4450 1486 4511 Jam
1509 4452 1716 4511 brevissimum
1738 4469 1794 4512 an·

433 4538 581 4598 lractuoso
615 4540 696 4616 prius
728 4549 787 4614 εει,
825 4537 950 4614 aequale
979 4540 1095 4615 sibique
1126 4537 1221 4600 simile
1252 4537 1401 4615 inaequali
1431 4547 1461 4599 et
1496 4538 1650 4614 dissimili,
1682 4547 1794 4600 rectum

433 4624 565 4702 obliquo.
609 4624 864 4702 Quemadmodum
896 4627 984 4701 igitur
1015 4628 1088 4687 iuter
1110 4625 1203 4686 liucas
1225 4628 1341 4702 genitas
1368 4634 1449 4687 recta
1471 4628 1550 4703 prior
1579 4636 1625 4687 ost
1652 4626 1794 4703 (turmas

433 4713 510 4774 enirn
529 4716 675 4792 posterior
696 4722 741 4777 eat
761 4713 860 4792 plano,
883 4714 1002 4790 planum
1026 4709 1126 4793 recta),
1148 4715 1223 4774 inter
1245 4713 1413 4790 superficies
1435 4713 1628 4792 quadratum,
1651 4716 1698 4774 sle
1720 4716 1793 4776 inter

434 4803 613 4876 quantitates
635 4818 686 4878 ea,
719 4820 795 4879 quae
817 4801 960 4879 perlecta,
994 4800 1051 4862 hoc
1073 4812 1119 4862 est
1140 4803 1217 4861 trina
1238 4800 1418 4863 dimensione
1441 4810 1569 4874 constat,
1592 4818 1699 4878 nempe
1721 4804 1794 4863 tatu

434 4904 566 4968 corpora,
588 4890 714 4965 primum
736 4907 802 4951 esse
824 4889 948 4949 cubus
972 4890 1124 4949 evincitur.

435 5035 438 5042 .
521 4976 653 5053 Explica
682 4980 857 5054 primatiam
887 4977 1030 5036 auncurt·
1052 4979 1132 5036 inter
1159 4982 1253 5035 tectus
1274 4984 1302 5035 et
1322 4976 1449 5037 modum
1469 4979 1609 5037 ammonia
1629 4995 1663 5035 e
1667 4977 1793 5040 mouet

432 5066 569 5138 speeiem.
615 5063 776 5124 Dimiuutis
810 5064 1000 5166 corporibus,
1035 5074 1068 5123 ut
1099 5065 1205 5124 existat
1237 5066 1370 5139 minus,
1401 5063 1498 5125 solent
1527 5065 1653 5125 existere
1683 5063 1793 5142 Quas

433 5149 547 5211 solidae
569 5149 664 5226 aliae,
688 5168 811 5228 quarum
833 5152 927 5228 prima
951 5168 1015 5211 esse
1039 5151 1185 5212 censenda
1206 5161 1251 5211 est
1272 5150 1333 5226 ills,
1357 5169 1433 5228 qnae
1455 5154 1569 5238 existit,
1592 5153 1618 5210 sl
1640 5153 1738 5230 prim
1757 5168 1792 5214 aa

433 5238 551 5314 genitis,
573 5255 615 5300 se.
638 5237 743 5318 cubus,
764 5236 981 5318 simplicissime
1003 5246 1034 5300 et
1052 5239 1259 5316 aequalissime
1279 5247 1377 5302 sertus
1392 5240 1489 5302 inerit
1533 5195 1602 5302 Non
1623 5245 1671 5302 est
1691 5247 1792 5302 aaran
