4459 6275
906 803 990 859 Liber
1007 803 1126 859 Tertius.
1162 802 1229 858 Pars
1248 803 1359 871 Quarta.
1746 805 1810 868 269

453 984 606 1045 circumire
636 988 666 1044 et
693 983 724 1040 in
753 981 815 1041 dies
846 981 980 1058 singulos
1009 983 1075 1040 oriri
1105 986 1134 1041 et
1158 980 1289 1040 occidere
1312 979 1475 1054 videretur,
1507 986 1538 1038 at
1561 979 1642 1038 nulla
1664 987 1741 1040 esset
1765 978 1828 1055 di-¹

453 1073 573 1131 eductio
605 1070 759 1146 eclipticae
788 1069 818 1125 in
848 1069 1037 1142 medietates,
1068 1068 1245 1145 quadrantes
1268 1067 1316 1127 vei
1338 1071 1435 1144 signa,
1467 1065 1548 1125 nulla
1571 1065 1719 1126 distinctio
1742 1069 1811 1127 anni

453 1177 505 1236 per
526 1157 686 1236 qualitates
701 1157 831 1216 diversas
847 1164 946 1217 aestus
963 1164 992 1216 et
1007 1156 1136 1235 trigoris,
1156 1172 1257 1215 omnes
1280 1155 1342 1214 dies
1359 1155 1494 1214 omnibus
1509 1155 1645 1234 noctibus
1660 1154 1811 1230 aequales,

451 1245 537 1306 nulla
558 1245 705 1305 distinctio
731 1246 759 1302 iu
782 1242 871 1319 globo
894 1243 1035 1316 Telluris,
1066 1245 1121 1302 nisi
1145 1242 1306 1302 secundum
1329 1246 1422 1319 magis
1447 1233 1476 1302 ct
1497 1242 1603 1303 minus.
1648 1241 1811 1314 Nemeum

451 1337 496 1393 sic
522 1334 590 1392 axis
619 1331 746 1392 Telluris
769 1330 938 1408 *parallelus
966 1338 1112 1390 statuatur
1147 1332 1194 1388 axi
1227 1331 1394 1406 eclipticae,
1424 1328 1484 1405 poli
1514 1330 1614 1388 mundi
1647 1331 1810 1405 imaginarii

453 1423 545 1482 etiam
568 1418 764 1480 coinciderent
786 1435 851 1477 cum
880 1418 957 1495 polis
981 1418 1142 1494 eclipticae.
1189 1417 1256 1477 Duo
1280 1435 1349 1494 ergo
1378 1424 1487 1494 puncta
1511 1424 1608 1476 essent
1635 1418 1664 1474 in
1687 1416 1813 1476 Telluris

453 1507 627 1584 superficie,
662 1507 769 1584 quibus
799 1504 877 1566 Solis
908 1522 1012 1582 corpus
1044 1504 1227 1564 dimidiatum
1253 1508 1379 1565 aeternis
1409 1504 1602 1563 rotationibus
1633 1504 1813 1563 horizontem

454 1596 632 1675 circumiret,
655 1611 805 1670 nunquam
827 1609 859 1652 se
876 1592 1023 1666 attollens,
1046 1610 1195 1669 nunquam
1212 1609 1360 1668 mergens3
1384 1592 1422 1651 ab
1438 1593 1473 1649 iis
1490 1608 1549 1668 quo
1565 1594 1684 1670 propius
1700 1609 1813 1669 aequu-

454 1692 551 1742 torcm
574 1683 730 1760 veniretur,
753 1681 811 1739 hoe
833 1680 920 1739 altior
936 1683 964 1738 in
987 1680 1108 1739 meridie
1125 1679 1175 1739 Sol
1198 1680 1287 1753 heret,
1310 1679 1361 1741 sed
1384 1696 1498 1757 semper
1512 1685 1575 1738 toto
1598 1695 1676 1737 anno
1699 1682 1727 1736 in
1745 1680 1814 1739 aiti-

455 1769 561 1828 tudiue
593 1770 755 1842 constanti,
785 1766 879 1827 donec
907 1768 962 1826 surb
991 1775 1179 1843 aequalorem
1208 1769 1369 1840 veniretur,
1401 1767 1453 1824 trbi
1476 1765 1527 1826 Sol
1556 1769 1677 1841 pereuni
1700 1767 1811 1825 dierum
1883 1768 1889 1775 ’

454 1860 646 1933 noctiumque
670 1854 872 1915 vicissitudine
894 1873 1008 1931 semper
1039 1859 1067 1912 in
1090 1854 1210 1914 meridie
1238 1857 1376 1914 verticem
1399 1851 1670 1930 supergrederetur,
1701 1871 1815 1913 summa

454 1946 544 2020 igitur
566 1951 596 2004 et
618 1944 707 2004 unica
728 1950 758 2002 et
780 1951 923 2018 perpetuu
946 1942 1006 2002 iilic
1029 1949 1106 2002 essct
1129 1949 1236 2016 aestas,
1260 1960 1373 2001 summu
1395 1949 1425 2001 ct
1447 1943 1533 2002 unica
1549 1947 1578 2000 ct
1600 1949 1742 2019 perpetua
1757 1943 1812 2000 suh

453 2030 535 2109 polis
556 2033 659 2090 hiems.
704 2028 756 2090 Sol
780 2030 868 2090 etiam
891 2032 919 2088 in
944 2031 1051 2106 quovis
1080 2028 1146 2089 loeo
1178 2032 1221 2089 sie
1243 2032 1365 2089 oriretur
1388 2037 1417 2089 ct
1440 2027 1601 2104 occideret,
1631 2031 1707 2089 sicut
1734 2046 1813 2088 naue

455 2105 558 2195 aliqua
580 2117 668 2178 steila
689 2116 764 2190 ihre,
787 2116 906 2179 easdem
928 2125 1069 2194 perpetuo
1091 2116 1195 2196 plagas
1217 2117 1377 2176 horizontis
1400 2117 1571 2177 observans.
1617 2115 1721 2193 ltaque
1744 2125 1813 2175 tan·
1901 2180 1907 2198 Ι

454 2204 608 2266 tummodo
631 2207 743 2264 ratiouc
767 2202 825 2264 diei
848 2210 877 2264 et
898 2207 992 2263 noctis
1017 2212 1096 2265 esset
1118 2204 1219 2280 aliqua
1242 2203 1413 2264 vicissitudo
1438 2206 1466 2262 in
1483 2203 1582 2277 Terra,
1605 2203 1686 2263 nullu
1700 2207 1813 2263 ratione
1836 2204 1838 2209 ’

455 2296 542 2366 suni,
576 2291 696 2370 perinde
719 2293 795 2352 euim
818 2280 917 2364 esset,
945 2309 979 2351 ac
1002 2294 1027 2350 si
1050 2291 1141 2350 Terra
1163 2309 1260 2351 annuo
1285 2302 1365 2353 motu
1388 2309 1446 2359 non
1471 2293 1634 2350 circumiret
1657 2293 1734 2350 eirca
1757 2291 1815 2351 So-

455 2380 531 2454 lem,
559 2381 617 2439 nisi
640 2386 766 2453 tautum,
798 2377 877 2456 quod
900 2378 967 2438 aliis
990 2382 1059 2439 anni
1082 2380 1261 2456 temporibus
1286 2380 1360 2440 alias
1383 2379 1501 2453 stellas,
1531 2386 1565 2438 ut
1586 2396 1664 2439 nunc
1688 2396 1815 2456 quoque,

456 2470 560 2529 visure
581 2474 668 2528 esset.
729 2493 731 2502 ·
1499 2520 1502 2525 .

548 2553 633 2632 Quid
660 2570 758 2627 uero,
777 2557 804 2612 si
830 2554 899 2612 auis
926 2551 1055 2610 Telluris
1076 2553 1209 2612 totaliter
1236 2555 1403 2612 inclinatus
1419 2554 1536 2626 iaceret
1565 2555 1599 2610 irc
1625 2554 1691 2629 ipso
1718 2554 1816 2629 pleno
1870 2583 1886 2607 .

441 2643 624 2719 'eclipticae
653 2643 786 2700 retinens
812 2643 935 2698 inte-rim
957 2639 1033 2698 dum
1059 2639 1156 2699 Terra
1178 2643 1259 2699 circo
1283 2640 1382 2700 Solem
1405 2641 1541 2714 vellitur,
1564 2642 1657 2699 utum
1676 2641 1815 2716 paralle-

456 2730 547 2790 lum?
581 2727 666 2787 Tunc
695 2734 793 2787 essent
822 2744 893 2786 sane
923 2727 1153 2800 vicissitudines,
1185 2745 1242 2787 nou
1275 2736 1387 2787 tantum
1419 2728 1530 2788 dierum
1560 2735 1589 2787 et
1611 2731 1741 2788 noctium
1764 2745 1816 2804 per

458 2817 675 2878 revolutionem
696 2810 824 2874 Telluris
847 2816 925 2882 eirca
947 2830 1048 2888 axem,
1077 2814 1130 2874 sed
1154 2817 1243 2875 etiam
1266 2824 1428 2893 temporum
1452 2817 1521 2876 unni
1543 2832 1594 2893 per
1616 2815 1816 2876 circumlatio-

458 2923 527 2965 nem
549 2902 691 2976 Telluris,
720 2900 772 2961 sed
796 2909 894 2962 essent
916 2901 1134 2962 vicissitudines
1158 2904 1437 2982 improportionatae
1460 2911 1489 2962 ct
1512 2903 1646 2962 omnibus
1677 2910 1817 2962 terrarum

457 2992 533 3053 locis
556 3007 658 3050 omues
681 2989 897 3064 quodammodo
921 3005 1098 3049 communes.
1144 2990 1218 3050 Nam
1241 2991 1302 3066 poli
1327 2990 1478 3066 eclipticas
1502 2989 1669 3050 viderentur
1691 2991 1815 3051 circum-

458 3079 541 3142 volvi
565 3080 596 3138 ln
619 3085 788 3154 aequatore,
811 3076 872 3154 poli
895 3075 995 3135 mundi
1018 3084 1116 3136 essent
1139 3078 1168 3136 in
1191 3078 1335 3156 ecliptica,
1359 3078 1472 3139 scilieet
1492 3081 1521 3135 in
1544 3079 1687 3157 principio
1714 3078 1818 3139 Caneri

459 3177 490 3229 et
513 3167 699 3244 Capricorni,
731 3164 783 3224 Sol
806 3167 894 3242 igitur
916 3172 1029 3225 aestate
1053 3168 1164 3227 veniret
1187 3168 1215 3225 iu
1230 3166 1340 3245 polum
1362 3166 1463 3251 mupdi
1486 3183 1640 3247 superum,
1669 3166 1764 3227 hieme
1787 3170 1816 3224 irr

460 3256 602 3315 interum:
631 3252 691 3311 illic
718 3252 827 3312 laceret
849 3254 894 3325 ils,
918 3255 969 3329 qui
992 3254 1046 3311 sub
1070 3253 1139 3331 poio
1162 3253 1313 3328 habitant,
1338 3254 1415 3314 diem
1438 3257 1524 3314 unius
1548 3256 1697 3314 semestris
1719 3253 1817 3331 lougi-

460 3342 580 3414 tudiue,
614 3348 644 3401 et
675 3342 704 3397 iu
734 3339 813 3398 illius
836 3340 932 3399 medio
957 3339 1091 3400 adureret
1113 3341 1180 3401 illos
1203 3343 1429 3416 violentissime,
1463 3344 1571 3420 quippe
1602 3349 1632 3401 et
1654 3345 1740 3401 rectis
1763 3360 1818 3403 an·
1925 3377 1930 3392 ..

460 3431 549 3507 gulis,
575 3435 608 3487 ut
627 3429 689 3504 jam
713 3427 741 3484 ln
765 3426 887 3500 torrida,
921 3435 950 3486 et
973 3426 1060 3485 simui
1082 3445 1140 3487 non
1166 3429 1317 3502 occidens,
1351 3437 1384 3489 ut
1402 3430 1466 3506 jum
1489 3432 1518 3487 irr
1541 3431 1632 3507 longa
1655 3429 1702 3489 dle
1725 3445 1817 3489 zonae

462 3515 605 3594 frigidae,
635 3518 810 3591 insuperque
839 3531 898 3574 uon
926 3523 1094 3593 permutans
1123 3516 1221 3576 locum
1249 3536 1284 3577 ex
1313 3517 1388 3578 loco.
1433 3517 1539 3577 Hieme
1570 3525 1670 3578 contra
1691 3518 1819 3594 rigerent

459 3605 502 3664 ilii
527 3604 584 3664 sub
608 3600 675 3681 polo
705 3602 869 3679 aequaliter
895 3609 927 3660 ut
954 3619 1045 3677 nunc,
1078 3611 1194 3665 noctem
1218 3623 1288 3664 rere
1319 3622 1428 3665 meram
1451 3600 1766 3682 profundissimumque
1790 3613 1820 3664 et
1905 3595 1909 3608 ’

460 3691 546 3753 nullo
571 3688 753 3768 crepusculo,
776 3697 809 3748 ut
824 3707 910 3764 nunc,
935 3679 1057 3749 ‹liiutarn
1071 3690 1223 3765 haberent,
1248 3694 1289 3751 ita
1305 3710 1355 3770 pcr
1378 3699 1519 3753 aestatem
1536 3692 1660 3752 flammis
1683 3701 1712 3752 et
1727 3709 1820 3769 squa-

459 3780 537 3854 lore,
567 3796 619 3856 per
640 3777 766 3836 hiemem
794 3776 864 3853 gelu
895 3787 923 3836 et
954 3779 1082 3838 tenebris
1114 3788 1319 3840 enecarentur:
1349 3790 1479 3840 extreme
1504 3781 1650 3841 contraria
1677 3782 1819 3838 inunum

458 3866 559 3928 locum
582 3868 757 3941 ingruerent.
1328 3873 1333 3880 ·

550 3948 690 4013 Vicissim
712 3954 763 4027 qni
784 3950 840 4010 sub
863 3960 1022 4028 aequatura
1045 3952 1195 4027 habitant,
1229 3953 1264 4011 iis
1287 3952 1338 4011 Sol
1362 3955 1391 4010 in
1415 3955 1532 4029 punctis
1555 3952 1820 4030 aequinoctialibus

459 4059 515 4120 per
537 4042 696 4111 verticem,
719 4045 752 4098 ut
770 4056 862 4112 nuuc,
886 4041 1036 4111 transiret,
1061 4040 1088 4096 in
1113 4041 1229 4118 punctis
1251 4038 1455 4099 solstitialibus
1479 4040 1643 4100 subsideret
1665 4057 1758 4116 usque
1781 4039 1820 4100 ad
1844 4088 1847 4093 .

461 4131 645 4190 horizontem
675 4127 775 4203 ibique
804 4128 835 4184 in
865 4142 924 4185 uno
956 4126 1115 4198 horizontis
1138 4128 1204 4187 ioco
1238 4127 1321 4186 velut
1344 4129 1374 4184 in
1396 4136 1481 4187 torno
1504 4135 1663 4202 rotaretur,
1694 4127 1769 4187 alius
1792 4135 1822 4187 et

437 4261 439 4266 -
465 4217 541 4278 alias
564 4216 693 4292 corporis
716 4217 761 4273 sui
785 4213 944 4292 particulas
967 4213 1144 4290 spectandus
1167 4214 1315 4275 exhibens.

424 4369 431 4388 Ι
549 4302 597 4363 Ita
619 4301 692 4362 locis
709 4304 790 4363 inter
812 4299 897 4378 polos
921 4309 950 4362 et
972 4309 1162 4378 aequalorem
1186 4302 1523 4362 interrnediisomnibus
1541 4305 1730 4363 convenirent
1752 4317 1821 4362 om·

461 4409 516 4454 nes
540 4391 670 4451 omnium
693 4406 832 4449 zonarum
854 4391 1058 4467 proprietates.
1112 4390 1187 4450 Nam
1212 4396 1241 4450 et
1264 4389 1363 4451 Solem
1387 4390 1555 4450 verticalem
1576 4391 1719 4451 haberent
1746 4390 1823 4450 binis

461 4498 516 4558 per
539 4495 650 4537 aunum
674 4479 846 4549 aestatibus,
871 4483 900 4535 cl
922 4479 1077 4536 continuos
1100 4477 1162 4537 dics
1186 4479 1215 4536 in
1238 4495 1298 4537 una
1320 4495 1439 4537 suarum
1460 4477 1599 4552 hiemum,
1624 4486 1653 4539 et
1667 4480 1822 4539 continuas

462 4573 567 4627 noctes
598 4566 631 4632 in
664 4563 757 4624 altera
787 4565 925 4624 hiemum.
973 4564 1029 4640 Qui
1053 4567 1173 4643 propius
1196 4564 1297 4642 poium
1319 4574 1401 4639 sunt,
1432 4565 1574 4626 haberent
1601 4573 1631 4627 et
1654 4567 1822 4626 continuam

462 4655 543 4715 diem
567 4660 598 4714 et
620 4650 719 4712 Solem
742 4655 879 4712 continue
901 4651 1071 4711 verticalem
1095 4652 1200 4713 codem
1222 4661 1352 4730 ternpore
1377 4670 1472 4730 eoque
1494 4671 1552 4713 non
1575 4653 1702 4714 modico.
1764 4689 1765 4694 κ

552 4740 614 4799 Dic
642 4743 749 4813 elium,
780 4740 856 4817 quid
882 4746 956 4798 tuuc
983 4739 1081 4815 tiam,
1111 4746 1138 4800 si
1164 4745 1347 4818 quacunque
1374 4745 1441 4801 auis
1468 4740 1596 4801 Telluris
1623 4743 1823 4801 inclinatione

462 4830 619 4891 muana
636 4830 754 4903 posito,
787 4831 863 4887 situs
884 4830 952 4886 ucis
973 4844 1037 4887 non
1059 4837 1199 4888 muneret
1216 4829 1388 4906 parallelus
1409 4832 1444 4887 irs
1466 4831 1696 4891 circumlatione
1722 4829 1824 4889 Tellu·
1889 4902 1892 4906 ,

462 4909 522 4991 ris,
553 4915 606 4975 sed
627 4914 727 4976 Solem
749 4918 849 4992 ipsum
870 4921 1017 4990 perpetuo
1038 4916 1218 4990 respiceret?
1251 4915 1330 4992 Quid
1352 4916 1481 4975 futurum
1503 4918 1605 4992 luerit,
1635 4924 1714 4978 recto
1737 4915 1823 4987 inell-

462 5005 594 5065 natiouis
617 5001 726 5079 angulo
746 5004 854 5081 posito,
878 5001 986 5061 dictum
1010 5009 1055 5061 est
1070 5005 1170 5079 initi03
1192 5002 1274 5063 nullu
1297 5012 1375 5064 esset
1389 4997 1572 5065 vicissitudo.
1617 5004 1699 5065 Idem
1714 5020 1824 5080 seque·

464 5099 558 5167 retur,
587 5091 614 5150 si
641 5092 705 5149 axis
734 5093 763 5149 in
786 5089 906 5168 planum
935 5088 1086 5168 eclipticae
1114 5092 1278 5170 proJ'ectus,
1309 5090 1371 5152 Soli
1403 5098 1543 5170 perpetuo
1573 5099 1653 5152 recta
1680 5090 1824 5151 obversus

433 5187 616 5251 maneret,
647 5179 716 5249 nisi,
733 5176 814 5255 quod
845 5176 905 5237 illie
927 5175 987 5256 poli
1019 5177 1121 5237 mundi
1143 5179 1311 5241 coincidunt
1334 5196 1396 5239 eum
1419 5179 1496 5258 polis
1519 5180 1687 5258 eclipticae,
1715 5178 1764 5244 hic
1792 5181 1822 5238 ln

466 5265 532 5346 ipsa
555 5266 691 5345 ecliptica
712 5282 811 5327 muno
833 5271 915 5326 motu
937 5266 1122 5350 circumirent
1143 5273 1173 5328 et
1194 5284 1272 5345 quae
1293 5266 1363 5328 hine
1389 5274 1562 5346 sequuntur.
1592 5265 1737 5328 Inclinato
1751 5283 1822 5329 vero
