4459 6275
846 1835 1046 1985 rum
1089 1756 1371 2007 numu

948 2103 1051 2169 rans
1074 2101 1272 2166 strennus.

716 2274 771 2359 iiE
798 2274 914 2361 llillil
940 2273 1168 2360 Gilliliiliilll
1196 2272 1503 2361 llUNiilNilliUli.

796 2611 818 2670 i.
848 2609 951 2688 Quot
974 2620 1009 2673 et
1031 2610 1163 2690 quales
1186 2615 1267 2673 alut
1288 2618 1419 2673 motus.

521 2750 605 2830 Quid
632 2752 722 2810 sentit
745 2751 930 2827 Cnpemieur
957 2751 994 2811 de
1019 2759 1106 2813 motu
1137 2769 1319 2830 corporum,
1352 2750 1428 2827 quid
1454 2750 1500 2810 illi
1521 2757 1681 2826 movetur,
1715 2748 1787 2828 quid

434 2838 582 2915 nunant?
614 2838 714 2899 Motus
742 2836 847 2897 localis
878 2837 954 2899 dnae
980 2847 1049 2898 sunt
1070 2841 1199 2917 species:
1231 2839 1280 2898 vei
1302 2840 1380 2898 anim
1403 2838 1581 2898 convertitur
1604 2844 1703 2898 totum
1724 2836 1785 2898 loco

434 2943 488 2986 suo
518 2931 655 2999 manens,
687 2926 821 3003 partibus
845 2942 914 2985 vero
945 2927 1072 2986 invicem
1101 2925 1343 3000 succedentibus,
1374 2928 1425 3001 qni
1451 2932 1548 2986 motus
1579 2931 1718 3002 menneo»,-
1736 2940 1786 2985 sen

431 3015 606 3074 tornationis
631 3013 875 3073 turbinationiave
898 3032 918 3073 a
938 3012 1140 3088 similitudine,
1164 3023 1216 3074 aut
1233 3015 1374 3074 versionis
1396 3012 1436 3072 alr
1459 3015 1653 3073 instrumento
1681 3012 1787 3072 vertice

434 3100 491 3162 dici
514 3110 628 3181 potest;
651 3109 703 3162 aut
725 3103 820 3180 ipsum
843 3102 933 3161 etism
957 3108 1049 3161 totum
1073 3100 1109 3162 de
1133 3102 1198 3161 loeo
1223 3104 1250 3161 in
1266 3102 1364 3162 locum
1378 3099 1469 3161 tantm
1483 3099 1680 3174 circulariter,
1704 3115 1787 3177 quera

433 3200 545 3249 motum
569 3188 675 3250 Graeci
698 3212 812 3268 popae,
837 3187 935 3249 Latini
957 3191 1017 3248 tcre
1039 3191 1193 3249 circuitum
1215 3196 1267 3250 aut
1290 3187 1537 3249 circumlationem
1559 3195 1613 3248 aut
1636 3188 1786 3262 ambitum,

433 3285 588 3353 utrumqne
612 3293 681 3336 vero
706 3278 897 3337 communiter
917 3276 1207 3336 revolutionem
1231 3276 1391 3355 appellant.

519 3364 618 3424 Solem
646 3366 737 3440 igitur
759 3364 938 3442 Copemicns
967 3366 1050 3441 ponit
1080 3365 1159 3442 opud
1183 3374 1314 3426 centrum
1344 3362 1444 3423 mnudi
1468 3364 1646 3436 consistere,
1679 3364 1787 3422 ratione

434 3454 540 3529 totius,
569 3458 667 3511 centro
690 3468 732 3510 sc.
756 3460 786 3511 et
808 3469 880 3521 axe,
910 3451 1105 3525 immobilcm;
1136 3469 1223 3528 quern
1251 3461 1349 3511 tamen
1372 3454 1486 3512 ratione
1508 3450 1636 3527 partium
1661 3451 1787 3527 eorporis

434 3542 511 3599 circs
533 3556 618 3597 suum
641 3556 682 3598 sc.
706 3547 836 3599 centrum
860 3547 889 3599 et
911 3557 995 3599 auom
1019 3542 1151 3598 converti
1174 3542 1314 3616 apannis
1330 3541 1414 3598 annis
1431 3536 1677 3615 deprehendimus
1693 3554 1787 3606 mnan,

434 3625 513 3703 quod
537 3626 646 3686 dudum
669 3643 850 3686 asseruernm
875 3627 1055 3699 rationibus;
1079 3625 1229 3687 eeleritate
1253 3624 1370 3703 quidem
1393 3632 1484 3700 tauta,
1509 3634 1540 3685 ut
1562 3628 1660 3701 spatio
1686 3626 1728 3684 tn
1745 3621 1787 3684 vel

435 3715 475 3774 26
500 3712 612 3774 dierum
634 3731 694 3773 una
717 3716 869 3774 conversio
894 3714 1075 3773 absolvatur.
1086 3709 1127 3788 ⁵⁸)

519 3800 589 3861 Jnm
619 3810 652 3861 nt
675 3803 800 3878 quisque
824 3802 1027 3879 primariorum
1049 3810 1094 3861 est
1116 3800 1180 3861 Soli
1202 3800 1334 3877 propior,
1366 3802 1409 3860 lta
1430 3799 1565 3859 breviore
1587 3797 1712 3875 periodo
1736 3800 1788 3857 cir·

434 3906 499 3950 cnm
523 3888 622 3950 Solem
645 3890 748 3957 fertur,
772 3889 827 3948 sub
852 3888 955 3948 eodem
979 3886 1097 3965 quidem
1121 3890 1267 3947 communi
1291 3887 1399 3947 circulo
1421 3887 1543 3946 zodiaco
1567 3894 1596 3945 et
1620 3889 1649 3944 in
1673 3885 1788 3964 plagam

435 3994 536 4039 omnes
563 3975 702 4050 eandem,
733 3978 761 4033 in
794 3993 883 4052 quam
906 3983 1004 4052 partes
1027 3978 1157 4054 corporis
1179 3974 1258 4036 Solis
1280 3973 1476 4051 praecedunt3
1507 3972 1673 4033 Mercurius
1696 3975 1788 4051 spatio

436 4067 455 4124 3
478 4066 631 4138 mensium,
656 4064 757 4124 Venus
781 4059 853 4143 ss'lr·
877 4061 978 4123 Tellus
1002 4080 1067 4123 cum
1091 4061 1174 4123 coelo
1198 4062 1300 4122 Lunae
1326 4064 1376 4133 12,
1400 4061 1481 4120 Mara
1502 4055 1596 4141 22“1,,
1619 4078 1673 4121 sen
1697 4062 1788 4120 minus

435 4169 524 4228 quarn
548 4151 663 4212 dnobus
685 4152 785 4224 aunis,
816 4149 936 4228 Jupiter
963 4153 1013 4224 12,
1037 4150 1181 4211 Saturnus
1205 4151 1246 4209 30
1269 4152 1363 4209 annis.
1408 4149 1547 4207 Fixarum
1570 4165 1641 4208 vero
1665 4148 1788 4226 aplraera

437 4238 599 4317 Gopernico
628 4240 745 4316 penitus
776 4246 822 4297 est
852 4236 1019 4297 immobilis.
1065 4236 1167 4296 Tellus
1196 4237 1311 4296 interim
1334 4239 1411 4296 circa
1432 4253 1518 4295 snum
1543 4237 1632 4296 etiam
1654 4254 1743 4297 axem
1762 4243 1787 4293 rt

438 4328 516 4387 circa
538 4324 657 4386 Terram
680 4325 765 4384 Luna
788 4324 1037 4397 circumvolvitur,
1060 4342 1160 4384 ruraua
1183 4326 1212 4382 in
1234 4324 1353 4400 plagam
1377 4333 1511 4399 utraque,
1536 4324 1562 4381 si
1585 4322 1624 4383 ad
1648 4325 1787 4384 exteriora

436 4412 538 4473 mundi
560 4414 712 4492 respicias,
733 4412 865 4486 eandem,
890 4415 918 4470 in
943 4430 1031 4489 quam
1055 4429 1156 4473 omnes
1178 4413 1318 4488 primarii.

524 4498 633 4562 Omnes
661 4509 760 4560 autom
789 4508 887 4560 motus
910 4499 1072 4577 Copemico
1101 4507 1168 4559 suut
1199 4506 1312 4559 tantum
1339 4500 1368 4557 in
1392 4496 1534 4559 directum
1558 4503 1587 4558 et
1609 4499 1786 4568 continuum,

435 4586 518 4649 nulla
540 4605 631 4666 penas
654 4586 735 4647 illum
758 4589 847 4647 statio
871 4590 899 4646 in
922 4590 964 4647 rei
989 4590 1122 4659 veritate,
1145 4585 1227 4646 nulla
1249 4585 1470 4662 retrogradatio.

529 4675 647 4753 Quibus
676 4678 867 4752 urpumentr'r
891 4675 1056 4753 probatur,
1085 4675 1220 4751 morum
1248 4674 1410 4751 sphaeram
1437 4691 1501 4734 non
1530 4671 1672 4733 moueri?
1708 4666 1786 4747 Quod

437 4762 487 4824 illa
510 4780 567 4822 non
591 4770 779 4824 convertatur
801 4764 877 4823 circs
899 4771 1028 4823 centrum
1052 4770 1081 4823 et
1104 4779 1206 4832 nram,
1231 4759 1461 4821 demonstratum
1484 4765 1528 4821 eat
1550 4760 1626 4820 libro
1649 4759 1674 4820 l.
1719 4759 1785 4819 rim

436 4850 576 4929 quicquid
598 4850 686 4927 hujus
709 4853 738 4908 in
761 4850 864 4910 oculos
887 4852 1015 4922 incurrit,
1039 4856 1132 4910 totum
1155 4848 1184 4907 id
1207 4848 1314 4909 Terrae
1337 4849 1500 4908 tribuimus.
1538 4850 1722 4923 Argumenta
1743 4862 1786 4906 nr·

436 4948 499 4999 tera
520 4934 706 5014 requirantur
729 4937 779 5012 ibi,
802 4937 852 4997 tol.
873 4940 933 4996 168
950 4947 978 4997 et
994 4954 1075 5013 seqq.
1108 4937 1176 4995 Duo
1199 4937 1264 4995 sola
1286 4935 1373 5012 hujus
1396 4935 1453 4995 loci
1476 4937 1594 5012 propria
1616 4943 1785 5012 reparamus

437 5024 533 5085 Unum
556 5045 575 5084 a
599 5023 757 5085 celeritate.
803 5024 878 5083 liam
900 5028 925 5083 si
948 5024 1073 5101 sphaera
1096 5025 1205 5082 extima
1227 5022 1331 5083 saltem
1355 5024 1508 5083 4000000
1532 5022 1693 5082 diametros
1716 5018 1786 5082 Solis

438 5114 466 5169 in
490 5112 658 5172 dimetiente
682 5110 786 5184 habet,
818 5112 1050 5171 circumferentia
1078 5109 1168 5186 longa
1190 5113 1245 5170 erit
1270 5112 1456 5169 innodato:
1485 5127 1562 5186 quae
1584 5112 1610 5169 si
1633 5116 1698 5169 tota
1719 5110 1786 5168 inin

438 5200 478 5256 21
503 5199 590 5260 horas
614 5196 752 5274 volvitur,
777 5200 806 5258 in
828 5215 888 5260 uno
912 5200 1000 5276 igitur
1023 5195 1178 5260 volventur
1202 5198 1349 5274 523600,
1371 5199 1401 5256 iu
1424 5214 1483 5259 uno
1505 5200 1620 5260 minuto
1643 5195 1784 5274 8121,11
