4459 6275
431 762 494 821 514
937 757 1080 828 Epitomes
1097 754 1288 813 astronomiae

776 857 791 893 0

433 943 534 997 nostro
558 934 662 999 seculo
679 935 780 995 Venus
803 933 904 997 Solem
927 936 1067 1012 eclipsata
1090 946 1142 997 aut
1165 934 1380 995 subtercurrero
1401 950 1460 993 neu
1481 939 1590 1009 potest.
1636 931 1784 993 hiereurim

431 1040 511 1097 vero,
541 1025 597 1085 etsi
620 1022 720 1083 erebro
745 1025 821 1083 circa
844 1022 937 1084 nodos
959 1042 1028 1083 suos
1052 1023 1115 1083 Soli
1135 1024 1268 1099 jungitur
1290 1020 1427 1094 interius,
1457 1038 1523 1081 raro
1545 1018 1646 1080 tamen
1668 1018 1707 1079 ad
1727 1030 1785 1081 tan·

436 1122 496 1169 tarn
519 1113 769 1189 propinquitatem
787 1111 877 1183 verrit,
901 1120 933 1169 nt
955 1112 1011 1171 snb
1026 1111 1126 1171 Solem
1150 1113 1285 1182 incurrat,
1310 1110 1348 1169 oh
1372 1116 1468 1168 motus
1484 1108 1725 1185 inaequalitatem
1746 1111 1785 1165 in·

345 1212 349 1223 ·
433 1198 687 1273 clinationumque
710 1215 781 1257 suae
807 1198 919 1258 orbitae
942 1199 1183 1274 magnitudinem.

522 1285 602 1359 Quid
624 1301 721 1343 censeo
743 1302 801 1344 ease
823 1286 961 1345 macules
984 1287 1053 1345 illos
1074 1289 1109 1345 in
1133 1285 1213 1359 Sole,
1246 1300 1381 1359 quorum
1412 1283 1537 1358 aliquae
1556 1299 1619 1357 pro
1643 1280 1788 1343 Mercurio

435 1375 468 1431 in
501 1370 569 1433 Sole
596 1389 762 1447 perperam
792 1381 864 1431 sunt
895 1373 1093 1433 cenditotee?
1126 1371 1252 1431 Rursum
1282 1369 1331 1430 hic
1358 1370 1394 1449 de
1423 1370 1511 1429 rebus
1540 1367 1691 1429 solaribus
1712 1380 1787 1429 tauto

435 1463 530 1518 minus
558 1459 715 1531 habemus,
746 1458 826 1535 quod
856 1477 1077 1533 asseveremus,
1108 1477 1198 1535 quam
1228 1458 1265 1517 dc
1293 1456 1461 1530 lunaribus,
1495 1464 1608 1533 quanto
1634 1455 1689 1517 Sol
1711 1456 1788 1517 Luna

432 1546 586 1607 sublimior
609 1554 653 1607 eet
667 1563 744 1621 aque
767 1547 852 1606 nohis
869 1550 1013 1607 remotior.
1052 1546 1128 1606 Sunt
1144 1554 1240 1605 tamen
1264 1543 1364 1619 aliqua
1380 1543 1503 1603 macrtlia
1526 1542 1609 1603 hisce
1626 1548 1787 1605 commuuio

434 1654 501 1695 eum
523 1636 630 1693 nostrie
652 1633 789 1693 nubibus.
837 1633 964 1693 Primum
987 1637 1074 1694 sicuti
1097 1636 1123 1693 si
1147 1636 1213 1709 quis
1235 1632 1356 1692 'serram
1378 1633 1485 1689 intueri
1508 1639 1611 1707 posset
1634 1650 1672 1692 ex
1695 1632 1788 1709 aliquo

433 1721 491 1781 lixo
514 1722 579 1781 loco
603 1721 729 1781 aetheris
753 1737 854 1780 versus
878 1721 989 1796 Solem,
1020 1721 1069 1781 iile
1093 1721 1207 1781 videret
1228 1720 1322 1780 nubes
1345 1721 1374 1777 in
1398 1717 1477 1776 illius
1499 1719 1582 1778 dheo
1606 1721 1685 1780 intra
1707 1719 1788 1779 dini·

383 1883 387 1890 Ι
433 1809 512 1869 diam
534 1809 610 1869 diem
632 1806 795 1867 naturalem
819 1813 949 1868 converti
973 1811 1010 1868 ah
1035 1826 1086 1869 ora
1109 1806 1246 1869 orientali
1268 1808 1297 1865 in
1321 1804 1549 1877 occidentalem,
1573 1808 1617 1866 sic
1639 1817 1739 1869 tamen
1761 1820 1789 1869 nt

433 1898 554 1957 nubium
577 1896 695 1972 aliquae
718 1895 869 1971 paululum
892 1905 1119 1973 praecurrerent,
1143 1895 1230 1968 aliae,
1254 1912 1378 1969 quarum
1399 1901 1495 1952 motus
1518 1911 1609 1969 super
1627 1894 1788 1955 Terramio

435 1994 530 2044 ortum
553 1992 606 2057 est,
631 1985 657 2039 in
681 1982 737 2041 hoc
757 1983 821 2058 jam
844 1985 1006 2059 uniuersali,
1026 1995 1107 2043 motu
1131 1982 1363 2058 relinquerentur
1386 1979 1535 2039 nonnihil:
1567 1983 1613 2041 sic
1636 1985 1728 2043 etiam
1749 1994 1789 2043 ert

344 2074 347 2089 '
436 2089 502 2133 oum
525 2070 647 2130 maculis
671 2069 759 2131 Solis.
804 2070 981 2147 Plerumque
1011 2089 1138 2147 namque
1167 2077 1285 2129 manent
1316 2071 1345 2127 in
1368 2069 1450 2127 disco
1474 2067 1552 2127 Solis
1581 2086 1634 2145 per
1666 2070 1731 2129 dies
1755 2073 1788 2129 12

435 2168 486 2217 aut
515 2160 560 2229 13,
585 2157 702 2232 aliquae
725 2164 821 2215 tamen
846 2157 1035 2231 diutiuscule,
1068 2160 1145 2219 aliae
1168 2155 1369 2237 brerinecule,
1399 2163 1427 2214 et
1451 2154 1654 2231 ingrediuntur
1679 2156 1790 2232 quidem

434 2247 472 2304 ab
505 2256 583 2317 ortu,
617 2244 709 2303 videri
740 2243 876 2303 desinunt
903 2247 941 2305 ab
964 2263 1081 2305 occasu.
1128 2244 1243 2305 Deinde
1266 2246 1355 2315 sieut,
1387 2245 1438 2319 qui
1461 2242 1588 2301 'l‘ellnris
1619 2247 1790 2305 rotationem

431 2331 645 2409 specularetur,
674 2331 723 2391 ille
753 2332 817 2391 sire
846 2334 939 2392 nubes
967 2334 1030 2392 sire
1057 2332 1224 2393 maculosas
1252 2330 1417 2408 superficiei
1450 2338 1547 2405 partes
1580 2330 1696 2391 videret
1720 2333 1790 2391 circa

433 2434 577 2479 extremes
601 2435 667 2478 oras
691 2417 790 2477 tardos
813 2427 842 2478 et
864 2420 973 2495 figuras
997 2437 1095 2479 earum
1120 2437 1304 2497 compressas
1325 2427 1444 2495 propter
1468 2420 1688 2477 convexitatem
1715 2420 1789 2495 globi

432 2526 450 2565 a
474 2508 539 2565 risu
561 2505 710 2566 reductam
727 2522 850 2581 sursum,
875 2509 904 2565 in
928 2506 1024 2566 medio
1041 2507 1122 2567 diseo
1147 2508 1264 2567 veloces
1279 2514 1307 2566 et
1329 2504 1438 2581 figuras
1455 2503 1633 2581 explicatae,
1658 2508 1703 2564 sic
1719 2506 1789 2567 idem

433 2596 521 2654 etiam
544 2595 687 2670 contingit
712 2592 801 2653 uideri
826 2596 855 2651 in
882 2594 1004 2654 maculis
1028 2594 1114 2655 Solis.
1161 2594 1228 2655 Hoc
1250 2596 1480 2670 experimentum
1504 2592 1614 2651 refutat
1636 2591 1721 2665 illos,
1744 2596 1788 2670 qni

433 2682 691 2741 comminiscuntur
721 2682 820 2741 neseio
851 2698 938 2757 quarn
962 2682 1145 2759 superficiem
1167 2683 1365 2760 sphaericam,
1397 2681 1525 2756 quaein
1549 2678 1788 2739 rnoremloricae

432 2766 598 2844 pellucidae
622 2771 722 2845 opacis
746 2770 925 2844 corpusculis
947 2772 986 2828 sit
1008 2777 1144 2829 contexta
1167 2769 1340 2846 incedatque
1363 2769 1417 2827 sub
1441 2766 1510 2827 Sole
1534 2768 1626 2826 instar
1649 2767 1787 2844 sphaerae

435 2855 614 2933 planetariae
643 2854 808 2915 tardissimo
837 2865 928 2923 motu.
972 2855 1047 2917 Nom
1076 2860 1100 2917 si
1131 2857 1187 2917 hoc
1217 2866 1307 2929 esset,
1344 2855 1478 2915 umculae
1505 2871 1622 2931 semper
1653 2856 1788 2933 aequales

433 2942 552 3002 diurnos
575 2943 715 3003 baberent
739 2946 767 3000 in
791 2943 872 3003 diseo
888 2943 967 3003 Solia
990 2954 1050 3003 tarn
1073 2946 1150 3004 cirea
1172 2962 1247 3017 oras,
1272 2961 1361 3020 quarn
1384 2945 1413 3000 in
1436 2940 1542 3003 medlo.
1589 2941 1694 3003 Tertio
1716 2947 1786 3003 nictu

431 3030 524 3090 nubes
548 3032 687 3105 oriantur,
711 3030 889 3104 dividuntur,
914 3031 1101 3109 dissipantur,
1126 3039 1305 3109 vanescunt,
1327 3033 1370 3090 sic
1388 3032 1477 3090 etiam
1500 3028 1636 3090 videmus
1660 3030 1787 3091 macula·

432 3136 495 3177 rum
519 3117 635 3195 aliquos
659 3118 785 3194 incipere
809 3136 949 3196 apparere
983 3121 1010 3178 in
1038 3120 1134 3180 medio
1167 3118 1239 3180 disci
1262 3118 1339 3180 Solis
1362 3117 1571 3178 minutissimas
1594 3134 1788 3196 successuque

432 3205 544 3265 dierum
566 3204 772 3281 grandescere,
796 3206 869 3265 alias
892 3224 1037 3266 rarescere
1060 3218 1088 3266 et
1112 3224 1286 3267 evanescere
1310 3214 1469 3281 antequam
1490 3204 1528 3266 ad
1551 3208 1715 3280 marginem
1737 3225 1785 3266 ea·

433 3381 512 3438 ticies
536 3379 662 3438 Telluris
685 3379 826 3437 imbribus
849 3379 985 3439 humecto
1013 3383 1100 3440 etiam
1134 3391 1201 3458 post
1232 3380 1378 3439 discussos
1402 3381 1494 3440 nubes
1526 3380 1599 3440 insci
1624 3386 1721 3458 magis
1743 3391 1783 3442 est

435 3466 557 3539 coloris,
588 3466 654 3526 inde
679 3468 805 3538 virescit,
836 3468 878 3525 sic
902 3471 989 3526 etiam
1013 3487 1047 3527 eu
1072 3468 1196 3528 adverso
1220 3476 1317 3544 partes
1340 3467 1435 3540 Solis,
1467 3471 1493 3524 in
1525 3470 1633 3543 quibus
1659 3472 1786 3530 trraculne

439 3552 573 3612 videntur
596 3553 712 3626 discuti,
736 3562 801 3628 post
824 3571 874 3610 eas
897 3554 1042 3613 discussas
1066 3555 1215 3615 lucescunt
1239 3565 1438 3630 apparentque
1462 3559 1547 3630 quasi
1571 3557 1788 3616 dammulaein

438 3640 518 3699 disco
543 3640 609 3700 hinc
633 3640 700 3699 inde
723 3657 856 3717 sparsae,
881 3642 1024 3717 siquidem
1049 3643 1126 3701 bono
1149 3645 1308 3718 tolescopio
1332 3645 1446 3720 species
1467 3642 1544 3702 Solis
1567 3661 1657 3720 snper
1682 3663 1789 3722 papyro

438 3730 583 3802 pingatur.
631 3728 704 3786 l'ide
729 3731 816 3787 etiarn
840 3725 914 3787 libro
938 3728 989 3786 [V.
1014 3728 1062 3787 sol.
1088 3732 1160 3789 343.

527 3814 610 3874 ll'um
637 3835 706 3875 ccco
730 3818 822 3874 etiem
845 3817 908 3875 olio
932 3817 1031 3874 aldene
1053 3820 1094 3874 eie
1117 3837 1136 3874 o
1152 3817 1244 3874 Luna
1272 3816 1465 3874 occultentur
1487 3826 1522 3874 ut
1538 3815 1600 3886 Sol,
1625 3823 1789 3878 autetiam

436 3921 507 3959 ose
531 3903 624 3978 ipsis?
656 3902 764 3962 Stellas
790 3912 848 3960 tarn
878 3904 950 3961 tirus
974 3922 1061 3978 ‹prrrrm
1093 3906 1230 3962 erraticas
1254 3922 1273 3962 a
1298 3904 1381 3962 [rutra
1405 3904 1564 3974 occultari,
1596 3925 1673 3981 pene
1697 3910 1789 3982 quoti·

437 3988 555 4048 dianam
579 4001 632 4050 ost.
678 3991 767 4049 Fixus
793 4009 861 4048 vero
886 4011 904 4049 a
927 3991 1052 4069 planctis
1077 4001 1127 4049 run
1151 3992 1253 4049 lroruur
1278 3994 1441 4066 superiores
1464 3991 1501 4049 ab
1526 3992 1715 4052 inferioribus
1737 3997 1790 4068 tegi

434 4077 725 4148 subtercurrentibus,
751 4077 909 4136 identidem
933 4075 1048 4154 qrridcm
1074 4081 1279 4148 observamus,
1308 4096 1364 4136 non
1389 4088 1485 4136 tamen
1510 4080 1551 4136 ita
1575 4081 1693 4152 crebro,
1724 4092 1791 4139 uta

437 4163 529 4239 Luna,
554 4167 623 4241 quia
647 4181 768 4240 corpora
792 4183 892 4223 corum
915 4177 981 4224 sarit
1005 4165 1100 4239 exilia,
1125 4177 1222 4224 rnotus
1245 4165 1334 4236 tardi,
1366 4164 1476 4224 lumina
1499 4169 1588 4224 etiam
1612 4169 1789 4242 ‹quaerundaur

438 4251 511 4309 adeo
547 4253 640 4322 clara,
676 4262 706 4310 ut
743 4254 854 4311 vicinas
890 4253 989 4311 stellas
1025 4254 1183 4312 hebetioris
1218 4254 1336 4311 luminis
1371 4251 1456 4312 lacilc
1491 4254 1669 4327 opprimant.
1720 4255 1788 4314 l'ide

437 4340 585 4414 rrtriusque
608 4341 724 4413 generis
749 4340 883 4415 excrnpla
907 4344 935 4397 in
959 4342 1164 4400 astronomiae
1180 4341 1266 4398 Parte
1284 4339 1400 4414 Optica,
1424 4341 1472 4399 t'el.
1498 4344 1570 4398 etot.
1610 4350 1651 4402 t11.
1672 4355 1742 4404 :tum

522 4434 604 4500 Quoue
627 4431 709 4485 rotie
732 4434 789 4495 cst,
814 4428 1011 4500 conmutandi
1033 4429 1134 4486 stellae
1157 4429 1289 4496 <alicujus
1312 4429 1541 4486 occultationem
1566 4450 1585 4486 n
1612 4429 1706 4490 lanto
1726 4432 1788 4507 {erc-

434 4513 519 4569 tem?
544 4513 688 4573 Utendum
707 4523 751 4574 cst
774 4515 838 4572 loeo
857 4514 956 4572 Lunae
980 4532 1058 4586 rere,
1082 4533 1118 4573 err
1139 4513 1373 4589 ephemeridibus
1394 4517 1538 4590 exscripto
1556 4525 1608 4574 arnt
1632 4537 1668 4574 er
1687 4516 1787 4575 rabuli¹

436 4613 612 4675 computato,
638 4620 690 4660 nec
714 4620 772 4659 rron
798 4613 826 4661 et
850 4600 990 4676 parallnxi
1017 4601 1116 4660 ertrae
1140 4605 1266 4676 integra,
1291 4619 1348 4659 non
1373 4601 1514 4661 diminuta
1537 4621 1588 4677 per
1612 4606 1786 4663 subtractio-

433 4702 498 4744 ucnr
523 4688 680 4764 parallnris
704 4689 790 4760 Solis,
816 4699 846 4747 ut
870 4691 949 4763 prius
974 4692 999 4745 in
1025 4689 1181 4764 eclipsibus
1203 4688 1288 4748 Solis.
1336 4689 1439 4748 Cetera
1463 4698 1494 4748 ut
1517 4691 1545 4746 in
1569 4691 1675 4767 eclipsi
1707 4691 1748 4771 J

522 4779 594 4849 egreie
625 4785 665 4833 eet
692 4779 877 4851 proecipuus
907 4795 979 4834 aester
1003 4784 1064 4832 tom
1088 4777 1242 4849 cclipeium
1269 4775 1395 4848 Lunae,
1425 4795 1518 4851 quum
1549 4779 1785 4838 occultationem

438 4866 516 4924 Solis
537 4863 752 4937 stellarumque
772 4883 830 4938 per·
854 4865 1107 4937 interpositionem
1132 4868 1265 4938 corporis
1290 4855 1425 4922 Lunae?¹
1463 4868 1485 4921 l.
1518 4863 1569 4921 Est
1594 4865 1650 4924 hoc
1674 4871 1786 4924 unicum

434 4954 491 5011 iere
516 4951 722 5008 adminiculum
750 4951 913 5025 inquirendi
945 4951 1072 5008 locorum
1105 4951 1303 5026 longitudines·
1335 4968 1387 5010 scu
1411 4950 1589 5008 differentias
1614 4953 1786 5012 meridiane·

433 5056 512 5115 rurn,
543 5037 577 5097 de
602 5055 659 5112 qna
683 5037 820 5096 methodo
847 5038 911 5096 ride
935 5037 1040 5094 librum
1064 5037 1118 5096 ΙΙΙ.
1143 5039 1192 5096 iol.
1220 5042 1290 5096 utto.
1337 5039 1380 5097 he
1411 5037 1532 5114 proinde
1562 5039 1600 5097 ad
1625 5040 1786 5116 hydrogra·

433 5125 530 5199 phium
555 5135 580 5184 ct
605 5143 663 5183 rent
688 5128 834 5185 nauticam
859 5135 1008 5200 totarnquc
1032 5125 1106 5185 adeo
1130 5127 1340 5203 geographiam
1369 5136 1413 5186 cst
1443 5127 1575 5202 apprime
1607 5127 1689 5188 utilis
1719 5128 1785 5188 haee
