4459 6275
434 800 498 863 ero
575 874 577 879 ,
842 815 846 824 ·
940 788 1083 861 nemen
1101 789 1292 847 larnano·

432 977 591 1056 physicae,
621 973 677 1033 nisi
701 971 780 1051 qnod
802 968 880 1032 aree'
893 969 1037 1050 prodacta
1059 970 1240 1031 convertitur
1261 972 1291 1029 in
1314 969 1461 1050 scrupula,
1484 970 1617 1048 qualium
1639 972 1671 1031 lu
1692 986 1789 1034 toene

356 1078 359 1085 ·
433 1063 522 1144 pleno
545 1067 610 1140 ipsa
632 1064 702 1121 iacit
727 1063 788 1121 ὅθ’.

521 1147 559 1203 Ut
576 1147 599 1201 si
618 1144 703 1201 centri
720 1143 743 1198 B
762 1141 949 1197 eceentricitas
967 1142 1012 1196 BZ
1032 1147 1174 1196 menstrua
1192 1141 1228 1196 sit
1245 1142 1324 1210 ³529,
1342 1140 1426 1211 liujus
1444 1142 1585 1198 dimidinrn
1605 1144 1713 1215 iiwl,
1729 1145 1790 1202 due

433 1233 493 1281 turn
509 1225 537 1278 iu
555 1224 784 1279 semidiametrum
802 1221 848 1276 ΒΟ
869 1226 943 1277 creat
960 1236 1051 1275 aream
1070 1219 1139 1275 BZO
1160 1221 1325 1278 tiuttotioo.
1362 1223 1393 1277 In
1413 1238 1507 1279 mense
1524 1238 1591 1279 vero
1607 1228 1709 1293 pleno,
1731 1240 1791 1281 αιι

339 1338 344 1349 --
435 1307 458 1361 Β
477 1305 563 1362 estin
583 1304 606 1358 E
626 1312 654 1360 et
671 1309 811 1359 menstrua
829 1302 1016 1357 ecceutricitas
1034 1302 1084 1356 ΑΕ
1103 1298 1186 1368 4362,
1210 1301 1243 1357 fit
1266 1318 1330 1359 area
1352 1303 1458 1360 isthaec
1475 1304 1644 1363 218100000.
1681 1304 1712 1360 Si
1728 1321 1791 1377 nge

434 1385 592 1440 218100000
608 1383 680 1451 valet
698 1382 826 1453 scrupula
844 1383 894 1441 ὅθ’,
913 1396 977 1436 area
995 1396 1125 1451 praesens
1145 1382 1303 1439 175450000
1320 1381 1422 1437 valebit
1438 1382 1483 1440 ὁδ’
1500 1384 1554 1440 bill
1572 1384 1706 1457 scrupulo
1721 1400 1792 1441 rnen·

435 1458 512 1519 suun
529 1476 579 1530 pro
597 1460 650 1516 hoc
667 1477 760 1516 meuse
777 1459 911 1516 technico.

521 1552 689 1613 Notandum
712 1553 768 1625 hic,
792 1555 816 1612 si
839 1556 1055 1613 accuratissime
1078 1553 1247 1611 insistamus
1270 1551 1381 1629 figurae
1403 1556 1495 1633 ipsine
1512 1555 1633 1631 orbitae,
1658 1555 1793 1618 conside·

434 1650 541 1714 reniae,
565 1640 644 1700 illam
661 1640 698 1700 ad
718 1641 882 1718 exemplum
906 1649 1065 1701 ceterorum
1088 1639 1272 1716 planetarum
1288 1658 1352 1701 esse
1369 1641 1537 1720 eilipticam,
1561 1650 1631 1705 tunc
1654 1643 1793 1706 semidia-

435 1737 543 1791 metros
558 1726 621 1801 130,
645 1728 698 1786 BN
713 1728 802 1806 pauiu
819 1746 884 1788 esse
900 1730 1048 1789 breviores
1067 1728 1291 1787 semidiametris
1307 1728 1372 1809 BD,
1395 1730 1456 1803 BF,
1480 1730 1568 1809 idque
1592 1740 1677 1793 tento
1691 1733 1793 1809 megla,

436 1824 545 1895 quanto
569 1817 672 1876 rectior
693 1825 738 1875 est
760 1814 860 1889 DBO,
889 1818 965 1876 circa
987 1814 1187 1891 longitudines
1216 1814 1337 1875 medias.
1383 1817 1445 1878 Nec
1472 1818 1579 1879 desunt
1604 1818 1794 1881 fundamenta

436 1903 623 1982 computandi
654 1903 708 1963 has
737 1903 924 1965 abbreviatas
955 1904 1186 1964 semidiametros
1222 1920 1259 1962 ex
1286 1902 1360 1963 libro
1391 1904 1427 1965 V.
1462 1907 1524 1967 sive
1552 1909 1732 1983 geometrice
1759 1926 1794 1970 er

435 1991 601 2065 schemate,
631 1994 695 2051 sive
719 1991 925 2067 compendiose
956 1999 985 2052 et
1006 2009 1098 2068 prope
1123 2008 1222 2050 rerum
1253 2009 1288 2050 ex
1310 1993 1412 2069 regula
1439 1993 1480 2053 ibi
1503 1994 1618 2057 tradita.
1666 1996 1708 2055 At
1730 2014 1794 2057 curn

435 2087 519 2139 tanta
541 2080 705 2138 subtilitate
728 2095 787 2137 non
810 2081 848 2138 sit
873 2096 962 2155 opus,
994 2086 1125 2156 praesint
1147 2096 1212 2138 carn
1236 2081 1380 2152 omittere,
1414 2099 1502 2157 qnam
1525 2091 1645 2160 captum
1668 2094 1794 2145 novatae

436 2170 645 2245 aequationurn
676 2167 787 2227 formae
815 2166 912 2227 adhuc
940 2168 1133 2227 difficiliorem
1163 2166 1292 2236 reddere,
1346 2167 1475 2228 Maxima
1509 2170 1629 2246 quidem
1666 2176 1794 2233 omniurn

436 2258 560 2317 curiatio
583 2274 635 2315 seu
658 2254 785 2316 latitudo
811 2254 931 2315 lunulae
960 2259 988 2314 in
1012 2255 1133 2316 totalem
1157 2257 1401 2317 eccentricitatem
1430 2257 1521 2318 ducta
1550 2261 1639 2336 inque
1663 2259 1794 2321 denomi-

436 2349 586 2408 nationem
610 2348 835 2406 astronomicam
859 2363 1009 2418 conversa,
1033 2363 1092 2405 non
1116 2345 1204 2405 elficit
1229 2344 1401 2419 iracunda,
1425 2362 1501 2422 quae
1525 2346 1613 2407 ducta
1636 2348 1666 2405 in
1682 2346 1719 2407 2⁰
1734 2350 1794 2421 ὅθ’,

420 2438 641 2511 'aequationem
657 2436 814 2493 maximam
830 2441 1017 2506 menstruam,
1043 2432 1133 2493 eiiicit
1151 2434 1212 2489 l't“
1227 2431 1298 2490 nihil
1315 2432 1399 2492 ultra.
1444 2432 1511 2494 Hoc
1526 2435 1558 2493 iit
1573 2444 1653 2508 tnnc,
1678 2436 1794 2513 quando

437 2524 462 2585 B
487 2526 515 2581 in
540 2524 563 2582 Ε
586 2520 694 2581 incidit.
742 2523 781 2580 At
804 2538 862 2597 qun
885 2521 1003 2597 longius
1028 2521 1052 2579 Β
1076 2521 1114 2579 ab
1138 2521 1161 2578 i:
1185 2518 1322 2590 discedit,
1346 2521 1404 2581 boc
1425 2523 1520 2582 minor
1541 2540 1660 2600 semper
1681 2531 1727 2585 eet
1749 2524 1795 2585 irie

439 2610 613 2683 errorculue,
647 2608 757 2685 duplici
780 2611 907 2683 nomine,
931 2618 960 2669 et
983 2610 1054 2686 quia
1077 2610 1202 2668 curtatio
1225 2609 1319 2666 minor
1344 2611 1466 2686 etquia
1488 2613 1692 2671 eccentricltaa
1713 2631 1794 2674 men·

436 2705 517 2759 strue
538 2699 641 2756 minor.

528 2785 615 2865 Quid·
640 2793 682 2844 eet
710 2792 927 2865 nrqumentum
959 2782 1160 2859 lonqitudiut'a
1186 2784 1402 2844 menstruum?
1445 2784 1498 2844 Est
1526 2801 1611 2845 arem
1642 2788 1794 2847 eecentrici

437 2873 551 2949 Lunae·
578 2874 712 2949 inceptus
741 2888 760 2930 a
790 2869 933 2948 parallelo
960 2870 1057 2932 lineae
1087 2871 1215 2945 apogaei
1238 2873 1377 2930 menstrui
1401 2870 1471 2949 (boc
1493 2884 1539 2932 est
1565 2872 1613 2932 vel
1636 2871 1697 2933 loci
1719 2873 1794 2934 Solis

437 2961 485 3022 vel
509 2961 573 3037 ejus
596 2961 738 3036 oppositi)
761 2961 791 3016 in
815 2959 933 3018 easdem
955 2966 1053 3035 partes
1077 2957 1183 3019 educta
1214 2966 1244 3035 et
1265 2972 1433 3018 numeratus
1456 2962 1485 3018 in
1509 2964 1723 3037 consequentia
1744 2978 1794 3021 us·

439 3067 496 3125 que
526 3047 565 3108 ad
598 3048 706 3108 lineam
736 3047 794 3108 ioci
817 3046 920 3107 Lunae
952 3048 1045 3124 primo
1075 3046 1209 3124 aequati,
1239 3064 1291 3107 seu
1319 3049 1496 3124 aequatione
1519 3048 1653 3109 solitaria
1683 3049 1795 3111 solutes

438 3139 544 3200 affecti.

527 3223 685 3299 Quomodo
707 3225 866 3284 intimatur
888 3229 1107 3301 aequamentum
1135 3222 1348 3284 menstruum?
1391 3222 1540 3283 Distantia
1563 3225 1690 3302 apogaei
1714 3243 1794 3288 aren·

438 3316 510 3374 strui
533 3313 602 3389 (boc
625 3319 669 3371 est
693 3310 740 3372 vel
762 3313 820 3372 loci
843 3311 922 3371 Solis
954 3309 1001 3371 rel
1025 3310 1088 3384 ojus
1112 3311 1252 3387 oppositi)
1276 3312 1313 3370 ab
1335 3328 1469 3389 apogaco
1491 3311 1596 3373 Lunae
1628 3312 1792 3375 anomaliae

438 3400 553 3461 solutae
583 3399 781 3459 subtrahenda
809 3406 855 3472 est
883 3401 920 3459 ab
949 3396 1096 3457 anomalia
1123 3400 1262 3471 ecceutri,
1296 3398 1411 3476 adjecto
1443 3402 1470 3460 ei
1501 3400 1610 3460 circulo
1634 3404 1749 3480 integro
1770 3404 1793 3462 ri

438 3506 511 3565 opus
535 3495 596 3561 est3
620 3490 661 3546 sic
685 3496 814 3546 remanet
836 3494 1040 3563 argumentum
1063 3493 1252 3546 menstruum.

527 3586 558 3640 ln
578 3585 717 3640 schemate
735 3587 778 3642 89.
798 3588 834 3640 sit
852 3587 903 3639 ΑΗ
922 3585 993 3640 linea
1011 3583 1064 3639 loci
1083 3586 1161 3642 Solis.
1181 3587 1230 3640 AD
1249 3586 1321 3641 linea
1340 3587 1453 3655 apouaei
1473 3587 1596 3656 solutae,
1614 3589 1693 3643 Hal)
1712 3590 1794 3644 minor

436 3674 524 3724 recto,
553 3678 640 3732 eoque
658 3663 708 3716 rili
726 3663 799 3717 linea
817 3664 932 3732 apopaei
955 3664 1100 3730 menstrui,
1127 3664 1206 3731 eiquo
1233 3664 1363 3733 parallelo
1383 3666 1428 3719 BP
1451 3665 1479 3719 in
1499 3666 1608 3721 easdem
1626 3677 1721 3737 partes
1739 3669 1793 3734 ar,

437 3754 464 3800 et
482 3746 557 3799 ilai>
578 3741 706 3796 distantia
725 3741 795 3796 Solis
816 3749 845 3795 nt
865 3741 980 3811 apogaei
998 3741 1129 3794 menstrui
1155 3742 1188 3795 ab
1212 3757 1334 3811 apogaeo
1352 3744 1456 3799 Lunae.
1493 3745 1535 3799 Sit
1552 3745 1634 3800 etiam
1656 3747 1703 3801 AL
1727 3748 1793 3802 linea

436 3831 526 3879 motus
544 3824 639 3876 Lunae
657 3820 742 3889 primo
762 3822 879 3888 aequati.
900 3830 927 3874 et
945 3818 993 3873 DL
1012 3819 1054 3873 vel
1074 3821 1143 3874 DBI.
1164 3821 1298 3875 anomalia
1317 3824 1443 3880 eecentri.
1478 3823 1563 3878 Aufer
1580 3826 1666 3892 itan,
1686 3827 1738 3882 hoc
1756 3839 1794 3880 est

436 3903 507 3957 PBli
526 3903 560 3954 ab
578 3902 667 3967 LBl),
686 3901 800 3954 restabit
818 3899 902 3964 uul‘,
929 3906 1115 3968 argumentum
1135 3906 1312 3953 menstruum.
1350 3900 1391 3954 Sit
1405 3900 1464 3953 ἈΜ
1489 3900 1561 3955 linea
1585 3910 1677 3958 motus
1697 3907 1793 3967 Luam,

436 3981 515 4036 DBM
535 3979 668 4033 anomalia
686 3978 817 4044 eccentri,
837 3979 889 4032 erit
907 3979 984 4031 PBM
1002 3983 1191 4043 aroumentnm
1210 3985 1386 4031 menstruum.

527 4070 597 4147 Quo
619 4088 652 4127 re
674 4077 943 4144 repraesentantur
966 4077 993 4127 et
1015 4075 1238 4128 mensurantur
1260 4072 1455 4144 nequotinnee
1480 4070 1589 4129 bunne
1612 4083 1793 4146 menstruae,

437 4165 632 4234 competentes
658 4158 728 4215 locis
752 4157 861 4216 Lunae
881 4157 1065 4230 propositis?
1112 4156 1195 4215 rireis
1225 4155 1436 4232 triangulorum
1467 4175 1554 4234 snper
1577 4160 1659 4232 basi,
1692 4178 1792 4223 eccen-

439 4248 562 4305 tricitatc
585 4246 684 4321 puncti
708 4245 857 4316 menstrui,
882 4246 1030 4317 stantium,
1055 4246 1163 4302 vertice
1186 4246 1215 4299 in
1237 4253 1347 4319 puncto
1371 4245 1485 4305 orbitae
1509 4246 1610 4305 Lunae
1636 4251 1793 4325 proposito.

438 4332 621 4408 liediguntur
649 4339 746 4391 autom
775 4349 860 4390 arcae
890 4332 965 4390 istae
996 4330 1050 4390 hnc
1074 4333 1138 4390 vice
1169 4331 1197 4387 in
1221 4329 1331 4406 gradus
1360 4339 1389 4392 ct
1412 4336 1541 4402 minuta,
1574 4334 1707 4410 qualium
1730 4353 1794 4396 arca

439 4419 529 4478 totius
554 4420 666 4478 orbitae
690 4420 771 4479 valet
792 4436 834 4495 gr.
862 4420 935 4479 360.
1471 4461 1474 4466 .

527 4502 563 4555 Ut
582 4502 647 4568 quia
665 4502 685 4554 C
705 4509 746 4555 est
764 4505 895 4569 punctum
913 4508 1098 4566 menstruum,
1125 4499 1170 4554 CA
1190 4499 1249 4566 ejus
1268 4500 1458 4556 accentricitas
1482 4516 1499 4554 a
1517 4502 1619 4558 Terrae
1645 4513 1740 4560 centro
1757 4507 1793 4566 .t;

439 4579 461 4634 si
481 4595 545 4645 crgo
565 4579 646 4633 irrcrit
664 4580 691 4632 in
710 4579 802 4646 aliquo
820 4587 956 4633 momento
974 4578 1037 4633 talis
1056 4579 1213 4647 dispositio,
1233 4580 1312 4633 Luna
1329 4587 1456 4634 versante
1474 4581 1502 4633 in
1521 4581 1558 4647 L,
1584 4589 1650 4636 tunc
1669 4599 1734 4638 area
1750 4584 1792 4638 tri·

439 4659 531 4726 anguli
556 4658 624 4711 CLA
648 4658 758 4711 metitur
784 4658 972 4725 aequationem
996 4664 1171 4711 menstruam.
1213 4657 1316 4724 Quodsi
1348 4657 1401 4711 alio
1428 4666 1551 4727 tempore
1581 4676 1692 4717 reversa
1718 4663 1794 4718 luerit

439 4738 533 4793 eadem
553 4735 708 4804 dispositio,
732 4735 802 4788 idom
821 4736 926 4791 scilicet
943 4734 1045 4789 mensis
1064 4735 1220 4802 technicns,
1244 4735 1324 4790 Luna
1342 4743 1407 4790 tunc
1431 4739 1457 4791 iu
1476 4738 1506 4792 M
1525 4749 1664 4808 versante,
1692 4756 1793 4796 rursum

440 4833 504 4872 area
523 4816 596 4870 tilii
616 4813 706 4882 prodit
725 4829 878 4868 mensuram
896 4814 1066 4883 aequationis
1084 4823 1248 4870 menstruae.

530 4907 687 4986 Quomodo
717 4915 915 4983 computatur
943 4927 1017 4966 area
1046 4909 1213 4984 triamquli,
1243 4911 1331 4983 cuiue
1353 4909 1431 4968 buain
1454 4916 1495 4966 eat
1516 4914 1721 4970 coemto-icitur
1745 4910 1791 4970 tu

438 5002 545 5071 puncti
571 4995 596 5056 0
616 4996 786 5053 menstrui?
830 4993 988 5070 Quodlibet
1011 4995 1114 5054 horum
1138 4996 1347 5072 triangulorum
1371 4996 1460 5055 lrabct
1475 4999 1597 5069 socium,
1622 5000 1708 5074 cujus
1729 5015 1792 5056 rer·

440 5090 487 5141 ter
512 5084 597 5155 idem,
621 5083 700 5140 basis
725 5100 793 5141 vern
818 5084 867 5141 ΒΖ
891 5086 1089 5143 eccentricitas
1113 5093 1261 5144 menstrua
1285 5086 1374 5144 centri
1396 5086 1549 5145 eecentrici
1578 5085 1611 5154 B,
1636 5087 1793 5146 differentia

439 5173 513 5229 inter
536 5177 759 5256 utrumque'est
784 5171 927 5246 particula
949 5188 1077 5230 ersom·
1108 5172 1191 5231 Prius
1215 5175 1302 5249 igitur
1326 5179 1394 5232 sunt
1424 5171 1621 5248 computanda
1651 5173 1793 5250 triangula

438 5255 514 5320 hacc
534 5260 618 5320 rocla
637 5251 833 5320 situram
851 5251 962 5334 'eurora
986 5267 1055 5321 tuuc
1077 5258 1180 5320 addita
1201 5260 1275 5321 haec
1297 5260 1355 5320 illie
1378 5260 1530 5320 constituit
1552 5277 1639 5322 meae
1661 5263 1791 5340 trians*
