4459 6275
876 741 1107 816 messenum.
1141 746 1211 804 saa
1228 744 1362 805 nemra.
1726 726 1794 829 'eea

439 930 534 988 toturn
563 929 736 1003 argumento
767 925 855 986 tertio
884 923 1065 1003 deiecimus).
1119 924 1233 987 Horum
1262 942 1332 988 vero
1364 932 1410 987 tot
1438 925 1663 1004 phaenomenon
1693 948 1798 995 causas

438 1014 558 1092 penitus
580 1013 711 1090 ignorari
731 1029 853 1075 neeesse
875 1019 930 1088 est,
952 1014 978 1073 si
999 1012 1097 1083 'l'erro¹
1112 1031 1211 1075 annuo
1233 1021 1316 1075 motu
1337 1031 1398 1075 non
1419 1015 1560 1077 circumit.

528 1098 676 1161 Octavum
698 1098 843 1163 dommum
864 1108 1068 1178 argumentum
1091 1109 1154 1162 esto
1176 1119 1195 1162 a
1215 1100 1275 1161 line
1294 1110 1400 1178 motus,
1425 1120 1460 1163 ex
1480 1119 1539 1180 quo
1553 1105 1705 1180 probatur,
1722 1124 1794 1171 mo-

438 1197 503 1251 tum
524 1187 639 1249 Telluri
659 1195 840 1266 competere,
870 1195 1012 1265 tauquam
1043 1189 1289 1265 contemplatrieis
1313 1196 1462 1251 creaturae
1485 1189 1644 1253 domicilio.
1691 1192 1796 1272 Neque

436 1279 517 1339 enim
541 1274 648 1350 decuit,
672 1282 706 1335 nt
726 1276 824 1350 bomo,
848 1275 937 1352 hujus
959 1274 1060 1337 mundi
1082 1276 1181 1337 incola
1204 1283 1234 1337 et
1256 1276 1424 1354 speculator
1445 1277 1570 1354 iuturus,
1594 1282 1625 1339 in
1649 1297 1706 1341 uno
1730 1283 1795 1359 ejus

435 1363 522 1439 loco,
554 1361 637 1425 velen
657 1365 689 1423 in
711 1362 812 1424 clauso
836 1363 972 1425 cubiculo
996 1361 1151 1439 resideret,
1181 1380 1240 1441 qno
1263 1363 1350 1425 modo
1374 1363 1412 1424 ad
1435 1363 1647 1428 dimensionem
1672 1373 1702 1429 et
1723 1386 1797 1430 con-

435 1451 661 1531 templationem
682 1448 811 1511 siderum
833 1458 894 1512 tam
916 1459 1093 1513 remotorum
1116 1469 1266 1528 nunqnam
1288 1454 1479 1531 pervenisset,
1508 1455 1566 1513 nisi
1589 1453 1708 1515 dotibus
1729 1456 1796 1518 aliis

434 1556 529 1619 supra
557 1556 647 1617 quam
678 1538 815 1599 bumauis
844 1539 948 1599 luisset
975 1537 1141 1618 praeditus:
1173 1542 1243 1616 quin
1270 1542 1370 1616 potius
1400 1540 1463 1615 his,
1494 1558 1570 1618 quos
1599 1559 1676 1604 nunc
1697 1543 1796 1620 habet,

435 1626 532 1689 oculis
554 1634 585 1689 et
605 1625 653 1687 bis
675 1628 781 1687 mentis
802 1624 993 1688 facultatibus
1016 1627 1186 1702 instructus,
1208 1629 1238 1686 in
1262 1627 1320 1688 hoc
1334 1627 1468 1689 aedificio
1484 1628 1675 1705 amplissimo,
1694 1640 1796 1692 ‘trans-

433 1715 549 1777 latione
579 1731 679 1775 ιιιιιιιιιι
699 1713 842 1789 Telluris,
876 1712 1014 1775 domicilii
1046 1716 1106 1789 sui,
1140 1713 1416 1793 circumambulare,
1447 1718 1608 1792 stationes,
1638 1724 1670 1777 ut
1698 1716 1797 1780 solent

433 1819 596 1877 mensores,
619 1801 751 1873 diversas
772 1818 885 1879 capere,
909 1801 967 1862 boc
989 1808 1033 1864 est
1055 1804 1177 1878 spatiari
1200 1801 1316 1877 debuit,
1340 1811 1373 1863 ut
1394 1804 1512 1880 singule
1535 1803 1638 1865 domus
1661 1807 1793 1867 membra

434 1898 521 1952 tanto
544 1890 651 1951 rectius
673 1890 779 1950 intueri
801 1896 831 1950 et
852 1889 978 1950 dimetiri
999 1882 1109 1968 posset.
1152 1889 1296 1967 intelligis
1319 1892 1464 1966 nimirum,
1488 1898 1520 1951 nt
1542 1890 1630 1970 hujus
1652 1891 1720 1952 libri
1734 1892 1789 1954 IV.

433 1996 505 2057 pars
532 1979 628 2055 p'rima
657 1978 824 2038 concinnari
857 1985 973 2054 posset,
1009 1978 1181 2057 scriptorem
1219 1977 1283 2053 ejus
1317 1981 1386 2038 nevi
1422 1978 1514 2040 ‘l'erra
1546 1987 1576 2040 et
1607 1981 1795 2057 navigatione

434 2066 502 2144 ιιιι
529 2081 629 2126 annua
658 2066 736 2126 eirea
762 2063 862 2127 Solem
892 2064 1062 2144 indiguisse.
1114 2064 1206 2125 Terra
1237 2081 1305 2126 vero
1339 2074 1441 2141 eunte,
1472 2064 1573 2127 Solem
1602 2083 1722 2129 necesse
1751 2075 1796 2129 est

435 2155 598 2232 quiescere.
1326 2171 1330 2179 ·

435 2292 489 2357 Vl.
525 2292 580 2353 De
608 2289 861 2352 revolutione
892 2291 1066 2368 corporis
1088 2291 1230 2352 'l'errae
1259 2287 1396 2351 dlu'rna
1422 2291 1522 2353 clrca
1553 2308 1662 2353 snum
1684 2248 1807 2355 axem

436 2380 601 2459 ejusque
630 2379 771 2440 ellectu
799 2380 838 2438 in
869 2377 1056 2439 movenda
1078 2378 1199 2453 Luna,
1229 2386 1265 2439 et
1291 2380 1612 2456 proportionibus
1635 2380 1735 2441 inter
1757 2398 1794 2442 se

895 2467 1001 2541 anni,
1024 2468 1168 2527 mensis
1192 2472 1229 2526 et
1252 2464 1341 2526 dlel.

527 2588 610 2667 Quia
635 2586 759 2663 Telluri,
782 2590 836 2665 qui
850 2605 934 2648 unus
948 2595 991 2647 est
1006 2605 1043 2649 aa
1056 2589 1188 2664 planetis
1199 2590 1372 2665 primariae,
1390 2597 1517 2664 praeter
1533 2590 1795 2665 circumlationem

433 2693 580 2740 cernuntur
602 2677 718 2735 ciratm
742 2674 844 2736 Solem
867 2675 1017 2736 tribuitur
1038 2678 1132 2736 ιιιαηι
1153 2679 1265 2736 rotatio
1286 2674 1422 2736 diuma:
1445 2695 1568 2752 quaero,
1591 2694 1668 2736 num
1692 2695 1795 2737 omnes

432 2766 604 2844 primarios
634 2764 784 2823 meismes
813 2765 856 2822 sie
885 2767 1021 2823 converti
1046 2766 1130 2824 circo
1158 2781 1228 2824 euos
1256 2763 1352 2824 uses?
1387 2762 1422 2823 Id
1453 2781 1525 2824 sane
1553 2763 1711 2825 verisimile
1741 2773 1794 2840 est,

433 2855 530 2932 primo
553 2849 590 2911 de
614 2849 745 2924 Venere,
778 2859 810 2910 ut
833 2867 909 2927 quae
931 2850 1063 2911 maculas
1085 2851 1160 2911 alias
1181 2858 1250 2928 post
1272 2850 1346 2910 alias
1368 2848 1513 2928 explicare
1538 2850 1666 2925 videtur,
1698 2850 1794 2913 indice

436 2937 649 3003 scintillatione
681 2935 749 3011 illa,
779 2937 914 2998 diversae
944 2938 1054 2999 lormne
1078 2957 1096 2999 a
1118 2937 1326 3000 scintillatione
1348 2938 1489 3016 lixarum3
1521 2940 1625 2999 iterum
1646 2937 1681 2998 de
1705 2937 1793 3014 Jove,

435 3035 476 3089 ut
492 3027 545 3104 qni
568 3023 651 3086 vehit
673 3032 801 3102 quatuor
821 3025 981 3100 satellites,
1011 3033 1042 3087 et
1064 3025 1101 3087 de
1123 3024 1264 3101 Saturno,
1298 3026 1348 3103 qni
1379 3023 1470 3101 dnos,
1499 3029 1576 3086 sieut
1598 3025 1692 3088 'l'erra
1712 3025 1795 3087 vehit

434 3132 538 3189 unum,
563 3110 677 3175 Lunam
700 3111 824 3175 dictum:
849 3112 884 3175 de
908 3114 1016 3191 quibus
1038 3114 1122 3182 inira.

527 3201 645 3281 Quibus
668 3204 833 3277 principiis
857 3202 1017 3278 perficitur
1044 3203 1117 3264 baec
1143 3205 1265 3279 pyratis
1296 3219 1460 3277 corporum
1491 3206 1574 3264 circo
1601 3220 1670 3264 suos
1699 3202 1792 3264 aues?

434 3290 529 3354 Libro
557 3290 652 3366 primo
683 3287 720 3349 de
742 3289 834 3350 Terra
856 3296 886 3350 et
907 3288 963 3350 boe
985 3289 1060 3350 libro
1083 3289 1138 3351 IV.
1163 3288 1199 3350 de
1221 3288 1291 3351 Sole
1314 3289 1440 3363 dietum,
1472 3288 1555 3367 quod
1574 3288 1648 3351 base
1671 3306 1793 3369 corpora

433 3385 588 3441 tornentur
614 3376 703 3437 insito
731 3377 876 3454 principio
898 3376 1019 3437 animali
1041 3385 1094 3438 ιιιιι
1115 3376 1216 3440 simili.
1258 3377 1294 3438 Id
1318 3394 1388 3439 vero
1411 3379 1441 3437 iu
1464 3376 1556 3438 Terra
1577 3376 1711 3455 gyranda
1733 3394 1792 3438 non

433 3483 501 3530 esse
522 3464 695 3538 solitarium,
717 3463 773 3526 sed
795 3463 930 3541 adjuvari
953 3464 1071 3539 aSolo,
1094 3464 1242 3542 colligitur
1264 3482 1301 3528 ex
1325 3465 1440 3526 duobus
1463 3463 1663 3525 documentis:
1686 3466 1792 3542 primo,

434 3556 508 3633 qnia
529 3568 667 3636 nummus
689 3550 906 3614 revolutionum
921 3552 1029 3614 i'erree
1051 3552 1220 3614 diurnarum
1243 3555 1273 3612 in
1297 3569 1384 3628 anno,
1408 3554 1458 3630 qui
1481 3559 1526 3614 est
1542 3553 1605 3612 365
1629 3569 1696 3613 eum
1718 3569 1794 3630 qua-

434 3640 549 3716 drante,
572 3638 687 3701 excedit
708 3641 838 3700 vieinnm
860 3637 1079 3718 archetypieum
1103 3641 1176 3700 360.
1222 3640 1459 3702 Consentaneum
1482 3647 1527 3699 est
1549 3642 1643 3715 enim,
1666 3642 1724 3701 nisi
1747 3640 1792 3700 vis

433 3731 543 3792 ιιιοιιιι
565 3726 692 3788 Telluris
720 3730 834 3788 interna
861 3735 1048 3805 vegetaretur
1076 3746 1095 3789 a
1117 3730 1283 3804 praesentia
1305 3728 1384 3789 Solis
1407 3735 1562 3805 perpetua,
1592 3726 1712 3788 Terram
1735 3726 1793 3786 ali-

434 3822 548 3895 quanto
578 3815 688 3877 leutius
719 3817 796 3900 circa
821 3832 908 3875 suum
937 3832 1022 3875 mem
1051 3817 1230 3876 incesseram
1259 3816 1366 3888 inisse,
1396 3818 1439 3874 sic
1462 3821 1494 3874 nt
1517 3816 1546 3872 in
1570 3813 1674 3876 eodem
1696 3817 1791 3890 spatio

434 3919 536 3967 muno
558 3903 713 3979 pauciores
734 3902 943 3977 revolutiones,
966 3910 1040 3979 puta
1061 3902 1142 3963 solas
1158 3903 1220 3962 360
1235 3904 1349 3963 lactura
1362 3902 1458 3962 luerit
1496 3901 1563 3962 Hoc
1577 3903 1675 3978 posito
1691 3902 1792 3976 sequi·

434 3999 499 4067 tur,
532 3990 664 4051 residuas
693 3998 723 4051 et
752 3990 843 4052 veluti
870 3991 1138 4067 supernumerarius
1168 3987 1367 4051 revolutiones
1390 3990 1518 4065 quinque
1542 4006 1607 4048 eum
1630 3988 1792 4063 quadrante

435 4077 579 4144 secedere
606 4075 666 4137 illis
689 4078 752 4139 360
778 4085 897 4156 propter
926 4076 1128 4154 adjumentum
1151 4094 1187 4136 ex
1210 4075 1288 4137 Sole.
1335 4075 1467 4135 Alterum
1490 4075 1696 4137 documentum
1719 4090 1791 4135 con·

434 4167 578 4228 ιιιιιιιιιι
601 4164 789 4240 benedicit,
820 4174 853 4226 ut
874 4165 971 4225 locum
991 4165 1100 4226 habeat
1121 4164 1307 4242 aequationis
1329 4165 1468 4240 temporis
1491 4164 1543 4223 illa
1565 4179 1649 4240 pars,
1674 4160 1710 4221 de
1733 4178 1793 4237 qua

434 4255 522 4317 libris
552 4249 797 4331 praecedentibus
830 4254 854 4314 l.
890 4258 919 4313 et
951 4252 1006 4311 111.
1041 4251 1167 4326 dictum,
1202 4269 1291 4328 quam
1325 4250 1428 4330 'l'ycho
1463 4250 1595 4311 Brahens
1629 4247 1792 4310 manifestis

434 4341 591 4421 sclipslnm
622 4342 826 4417 experimentis
847 4342 880 4399 in
899 4340 996 4401 lucem
1017 4339 1175 4418 protulisse
1198 4341 1280 4400 visus
1309 4346 1355 4402 est
1382 4356 1497 4416 egoque
1519 4339 1549 4396 in
1571 4337 1693 4412 formam
1714 4334 1793 4415 phy·

434 4433 531 4493 ninam
551 4426 662 4506 redegi.
706 4427 783 4489 Nem
810 4430 880 4505 quia
906 4426 981 4489 baec
1003 4428 1142 4507 temporis
1163 4429 1302 4504 aequatio
1325 4429 1408 4505 ponit
1430 4426 1642 4487 revolutionem
1666 4422 1792 4484 Telluris

434 4519 582 4579 aestivam
604 4514 694 4593 paulo
716 4514 873 4575 tardiorem
895 4514 1035 4591 hiberna,
1061 4515 1091 4575 id
1114 4513 1250 4593 equidem
1272 4532 1308 4575 ex
1332 4516 1419 4575 insito
1442 4513 1549 4574 Terrae
1573 4512 1716 4591 principio
1738 4529 1793 4574 ne·

436 4607 503 4684 quit
524 4621 600 4677 esse,
623 4610 656 4663 ut
678 4620 756 4680 quae
778 4601 874 4663 solent
897 4620 962 4663 esse
984 4610 1126 4681 perpetuo
1148 4602 1319 4677 uniformia,
1342 4600 1394 4663 sed
1417 4607 1530 4680 oportet
1552 4616 1617 4660 esee
1630 4608 1678 4660 'ex
1699 4601 1792 4660 inter-

435 4691 527 4754 vallis
550 4690 630 4752 Solis
652 4697 682 4756 et
703 4689 826 4764 Terrae,
855 4707 931 4767 quae
958 4697 1027 4752 sunt
1048 4697 1162 4752 aestate
1182 4692 1275 4754 nostri
1297 4689 1502 4767 hemisphaerii
1525 4687 1672 4765 longiora,
1704 4697 1793 4763 qnam

436 4781 544 4844 bieme.

527 4864 670 4928 Fortasse
692 4868 738 4926 vis
758 4869 858 4926 omnis
880 4865 1099 4926 turbinationis
1121 4865 1213 4939 inice
1234 4865 1368 4943 effectrix
1390 4867 1423 4923 irs
1438 4863 1530 4924 unico
1546 4860 1615 4923 Sola
1629 4870 1679 4937 est,
1703 4860 1793 4942 nullu

437 4959 474 5016 ιιι
496 4955 603 5031 aliquo
624 4955 779 5030 principio
801 4961 901 5013 motor
922 4956 1091 5029 ιφαιιιιιηι
1111 4954 1223 5013 Terrae
1245 4956 1343 5013 insito.
1379 4951 1536 5029 Repugnat
1558 4956 1681 5025 unaque
1698 4947 1793 5007 dicta·

437 5060 504 5104 rum
533 5058 697 5103 musarum.
743 5040 820 5101 Nem
850 5043 882 5115 l)
909 5041 935 5104 si
965 5056 1103 5100 numerus
1131 5041 1192 5102 365
1224 5057 1281 5100 non
1311 5046 1389 5100 esset
1417 5038 1597 5115 compositus
1620 5054 1655 5097 ex
1679 5033 1794 5094 duobus

439 5129 595 5193 effectibus
617 5127 741 5189 duarum
764 5145 919 5189 causarum
942 5126 1160 5207 distinctarum,
1191 5145 1281 5189 cansa
1302 5124 1384 5186 nulla
1406 5131 1500 5200 esset,
1529 5141 1580 5185 cur
1602 5120 1651 5183 ille
1673 5138 1732 5181 non
1754 5122 1793 5181 sit

439 5234 518 5290 anos
540 5234 577 5290 aa,
600 5215 810 5301 uebetypicis,
838 5215 870 5282 ιιι
899 5221 945 5278 est
969 5213 1103 5282 remudis
1125 5218 1240 5304 potius,
1269 5231 1359 5302 quatu
1379 5231 1416 5277 ex
1437 5210 1633 5284 inerticuliillt
1655 5216 1685 5270 θι
1705 5203 1793 5288 38⁸⁰·
