4459 6275
836 797 920 857 Liber
935 799 1049 856 Primus.
1084 801 1153 859 Pars
1170 801 1270 859 tertie.
1666 809 1728 870 149

375 996 557 1059 compressa,
589 980 712 1041 sormam
727 980 777 1040 ovi
804 977 1021 1057 quodammodo
1043 980 1169 1041 imitans.
1213 979 1280 1041 Hoc
1309 981 1399 1058 igitur
1431 987 1569 1040 causatur
1590 980 1727 1043 retractio

374 1069 534 1130 radiorum.
578 1068 653 1128 Nam
677 1066 764 1127 docet
787 1069 893 1145 optica,
917 1067 1106 1128 retractiones
1129 1071 1158 1126 in
1180 1072 1288 1146 magna
1302 1067 1380 1129 Solis
1402 1067 1557 1129 altitudine
1580 1085 1645 1144 non,
1662 1086 1727 1129 esse

373 1157 542 1231 sensibiles,
565 1154 617 1227 aed
641 1164 703 1215 tum
725 1154 841 1214 demum
864 1152 1019 1214 sensibiles
1041 1155 1181 1228 evadare,
1206 1173 1271 1215 curn
1293 1155 1344 1216 Sol
1368 1155 1509 1214 horizonti
1533 1158 1649 1216 vicinus
1671 1164 1726 1214 est.

375 1245 484 1321 Itaque
507 1260 565 1319 quo
588 1242 728 1302 humilius
751 1250 795 1301 ost
818 1241 956 1319 quodque
979 1251 1128 1319 punctum,
1153 1243 1210 1301 boe
1231 1246 1325 1319 magis
1347 1243 1512 1318 retringitur
1530 1244 1602 1320 ejus
1617 1242 1726 1314 radius,

373 1332 431 1392 boc
459 1333 548 1392 etiarn
576 1330 721 1391 elevatius
750 1331 832 1405 justo
863 1329 935 1387 illud
965 1339 1094 1406 apparet.
1142 1329 1216 1388 Cum
1246 1332 1334 1406 igitur
1366 1332 1498 1407 superior
1519 1329 1597 1390 Solis
1627 1347 1727 1406 margo

375 1436 482 1496 parum
505 1418 648 1478 elevatior
667 1419 748 1495 justo
772 1425 923 1495 appareat,
946 1419 1022 1476 imus
1045 1417 1170 1475 multum
1193 1418 1335 1477 elevatior
1353 1418 1444 1492 insto,
1469 1419 1544 1476 imus
1566 1419 1655 1492 igitur
1676 1424 1740 1495 per'
1831 1410 1835 1421 ’

373 1507 578 1566 retractionem
601 1506 835 1584 appropinquare
858 1506 1001 1582 superiori
1023 1503 1184 1578 videbitur,
1218 1507 1319 1581 itaque
1343 1504 1483 1564 distantia
1505 1507 1662 1580 superioria
1685 1504 1724 1564 ab

374 1595 521 1666 interiori,
556 1593 614 1652 lroe
636 1600 681 1652 est
710 1592 851 1652 diameter
881 1599 977 1652 erecta
1000 1590 1115 1651 videtur
1144 1599 1306 1668 contrecta,
1336 1600 1502 1651 transversa
1532 1609 1589 1650 non
1617 1591 1726 1665 itidem,

373 1683 445 1758 quia
467 1690 652 1741 transversae
675 1688 805 1741 extrema
827 1679 979 1738 elevantur
1000 1678 1171 1755 aequaliter.

463 1771 498 1845 5)
521 1767 624 1846 Tyebo
651 1766 749 1826 Brahe
776 1766 895 1825 modum
927 1769 1057 1842 apernit,
1089 1766 1276 1826 retractiones
1311 1764 1486 1842 observandi
1514 1765 1662 1841 quotidio,
1695 1765 1725 1822 in

372 1854 467 1916 stellis
500 1857 655 1933 praecipue
678 1854 752 1913 fixis.
798 1854 889 1914 Verbi
911 1871 1015 1920 causa,
1048 1853 1143 1913 cauda
1164 1854 1272 1913 Leonis
1295 1861 1324 1912 et
1346 1853 1435 1930 Spica
1457 1852 1588 1929 Virginis
1610 1869 1726 1929 semper

373 1942 486 2002 distant
508 1945 636 2002 interae
659 1959 727 2001 aren
752 1942 854 2002 eodem
877 1941 976 2001 circuli
999 1943 1106 2016 magui,
1131 1943 1181 2017 qui
1205 1948 1248 2000 est
1272 1938 1329 1998 35ο
1351 1945 1390 2001 2‘.
1436 1939 1502 1998 Hoc
1526 1942 1726 1999 instrumentis

373 2029 638 2108 deprehendimus,
661 2031 776 2106 quoties
799 2028 973 2102 culnrinant,
998 2030 1114 2104 quoties
1137 2038 1166 2088 et
1188 2027 1337 2099 occidunt,
1362 2029 1432 2103 quia
1454 2028 1514 2087 tere
1536 2025 1622 2084 simul
1647 2027 1726 2085 ocei-

373 2117 454 2176 dnut.
502 2118 542 2176 At
565 2134 630 2177 cunr
653 2120 683 2174 iu
700 2116 833 2177 orientali
856 2124 938 2193 parte
953 2114 1025 2175 coeli
1042 2115 1137 2175 cauda
1152 2115 1259 2174 Leonis
1274 2117 1399 2191 acquirit
1413 2113 1596 2173 altitudinem
1614 2108 1725 2193 34¹(20,

371 2205 462 2280 Spica
486 2205 615 2281 Virginis
634 2205 697 2279 jam
720 2204 812 2264 videri
836 2205 938 2282 incipit
958 2205 988 2261 in
1012 2202 1114 2262 eodem
1137 2203 1196 2262 tere
1219 2202 1443 2281 perpendiculo,
1476 2203 1560 2277 quasi
1592 2202 1724 2271 oriuntur,
1833 2236 1837 2243 -

372 2310 439 2352 eum
462 2303 561 2352 tamen
584 2309 614 2350 re
637 2309 708 2350 vera
730 2295 768 2350 sit
791 2291 887 2350 adbuc
909 2291 992 2364 intra,
1017 2292 1087 2366 qnia
1108 2291 1175 2368 plns
1199 2308 1287 2367 quam
1311 2289 1368 2349 34υ
1383 2290 1443 2363 30‘,
1468 2290 1602 2346 nimirum
1620 2284 1676 2345 35⁰
1694 2289 1725 2343 2‘
1779 2336 1787 2355 ,

371 2379 511 2439 aeauda
532 2378 640 2440 Leonis
663 2378 762 2438 distat.
809 2378 905 2437 Causa
936 2395 1048 2436 rursum
1073 2385 1117 2436 est
1143 2377 1228 2449 haee,
1264 2379 1334 2452 qnia
1357 2375 1455 2434 radius
1483 2374 1594 2434 caudae
1617 2372 1728 2432 Leonis
1793 2444 1799 2451 ἱ

370 2484 448 2544 pene
469 2467 542 2526 nibil
567 2468 746 2543 retringitur,
778 2473 894 2544 propter
918 2464 1100 2524 altitudinem
1124 2464 1226 2524 stellae
1249 2466 1321 2523 sotis
1344 2481 1481 2539 magnam
1506 2463 1543 2520 ab
1567 2461 1727 2534 horizonte,

371 2555 480 2631 Spicea
505 2571 573 2615 vero
602 2554 701 2613 radius
723 2548 846 2613 mult'um
869 2553 1049 2628 retringitur,
1084 2553 1155 2627 quia
1178 2554 1273 2610 oriens
1306 2553 1333 2606 in
1356 2550 1510 2627 sphaeram
1533 2550 1609 2608 atris
1632 2542 1728 2606 radiat

371 2642 586 2719 obliquissime,
609 2641 732 2700 multum
755 2643 844 2716 igitur
867 2640 981 2699 videtur
1006 2639 1115 2698 elevari
1138 2656 1227 2714 snpra
1249 2639 1346 2713 locum
1367 2638 1480 2713 justum
1504 2642 1532 2695 et
1555 2638 1598 2694 sie
1613 2633 1729 2694 videtur
1773 2634 1778 2643 '
1820 2686 1823 2690 Α

371 2731 608 2808 appropinquare
631 2728 743 2789 modae
766 2746 854 2805 supra
876 2745 908 2787 se
931 2728 1031 2787 stanti.

442 2828 519 2884 SitA
537 2829 610 2883 visus
628 2829 657 2882 iu
669 2827 760 2892 Terra,
781 2828 852 2882 AEC
864 2826 936 2882 linea
947 2827 995 2881 bo·
1286 2834 1290 2841 ·
1309 2823 1361 2874 Ple·
1376 2821 1409 2864 2⁰·

369 2909 496 2976 riseritis,
520 2908 607 2965 wuda
624 2907 736 2964 Leonis·
748 2907 870 2964 rideatur
886 2923 936 2976 per
953 2921 994 2960 ra·

370 2987 445 3043 dium
473 2986 536 3049 ΔΗ,
562 2988 709 3044 retractum
735 2988 843 3056 quidem
870 2988 898 3041 iu
925 2986 994 3041 airis

370 3069 473 3134 puncto
491 3063 512 3131 1,
532 3062 580 3117 sed
599 3080 702 3133 parum,
721 3071 748 3119 et
762 3072 872 3134 putetur
889 3080 949 3119 esse
967 3065 994 3117 in

369 3144 406 3198 H.
443 3144 466 3196 G
480 3143 569 3212 Spica,
587 3160 657 3213 qnae
668 3160 719 3214 per
732 3145 780 3200 AG
793 3145 898 3201 radium
911 3144 994 3199 rideri

370 3223 474 3291 debuit,
493 3232 522 3277 at
538 3239 593 3278 uon
611 3222 726 3294 videtur,
744 3240 804 3278 cum
822 3224 941 3278 nondum
959 3224 995 3277 sit

370 3308 433 3357 orta
454 3318 538 3371 snper
558 3303 605 3358 Ac
626 3303 808 3364 horizontem,
831 3303 923 3373 itaque
946 3302 995 3356 AG

367 3380 518 3451 impeditur
537 3388 644 3436 tumore
667 3383 768 3438 Terrae
792 3384 851 3439 AN.
893 3383 996 3438 Nihilo·
1095 3379 1107 3386 ’
1216 3419 1221 3423 -
1259 3432 1281 3443 .,

368 3461 459 3515 miuus
478 3458 587 3515 videtur
612 3476 661 3529 per
678 3461 727 3515 ΑΕ
754 3468 782 3516 et
800 3470 912 3531 putatur
929 3464 997 3518 inO
1326 3496 1347 3502 --

368 3554 443 3609 ease,
470 3539 535 3607 quia
554 3538 603 3592 GE
626 3538 784 3609 retringitur
800 3541 829 3595 in
848 3541 885 3609 Ε,
912 3549 940 3596 et
956 3558 997 3596 re·
1099 3560 1114 3567 ··

367 3618 473 3674 tractus
491 3618 542 3673 ΕΑ
559 3617 682 3686 pervenit
707 3617 742 3672 ad
761 3618 869 3673 oculum
886 3621 924 3687 A,
953 3622 999 3688 qni

367 3697 467 3754 ocutus
485 3704 566 3766 putat
578 3697 636 3759 ΑΕ,
655 3695 704 3750 EG
718 3712 779 3752 esse
798 3714 879 3753 unam
897 3707 999 3753 rectam

368 3777 450 3832 ΑΕΘ.
489 3777 585 3844 ltaque
608 3791 658 3845 pro
681 3776 780 3844 angulo
803 3777 879 3830 HAG
903 3776 998 3847 depre-

369 3856 501 3910 henditur
519 3855 635 3925 angulus
653 3855 726 3910 Hac
747 3855 841 3910 minor.

463 3947 548 4007 Unde
576 3950 711 4024 primum
740 3948 875 4014 introtuit
898 3955 997 4009 nstro-

315 4123 317 4127 ·
367 4038 469 4116 mm&
493 4034 623 4094 ΜΗΜΟ
645 4035 747 4092 aare?
769 4036 812 4094 ΕΧ
827 4038 1044 4113 ⁰0fflllaf³fi⁰ne
1068 4052 1242 4124 quantitatis
1265 4053 1470 4114 retractionem
1495 4061 1524 4113 et
1548 4072 1612 4114 eum
1636 4056 1729 4115 oritur

367 4122 450 4182 sidus
475 4129 505 4181 et
528 4141 593 4182 eum
617 4123 646 4178 iu
669 4121 798 4197 aliquam
822 4122 932 4181 tollitur
955 4123 1147 4195 altitudinem,

460 4210 548 4286 Quat
570 4216 642 4310 m}
664 4227 700 4269 ω’
721 4212 825 4286 ⁰P²i⁰f⁸
846 4215 1052 4291 Ptssetct‘mdeu
1076 4232 1111 4282 ut
1126 4225 1280 4285 methodus
1295 4230 1353 4286 utu
1369 4227 1451 4287 tradi
1465 4230 1580 4304 possit?
1616 4228 1725 4303 Primo,

368 4314 428 4375 q¹¹⁰
453 4300 549 4375 ¹11³ng
572 4294 729 4356 lsstlfflaffll
750 4297 849 4356 ladlflt
872 4296 950 4358 Solis
973 4308 1020 4368 vel
1043 4310 1146 4370 stellae
1169 4330 1256 4389 super
1273 4315 1455 4391 superficiem
1474 4318 1559 4391 airis,
1583 4324 1616 4374 ut
1638 4315 1726 4376 rnedii

368 4386 523 4460 densioris,
547 4384 605 4444 hoe
626 4386 720 4460 magis
744 4386 926 4463 retringitnr3
950 4389 1049 4472 itaque
1064 4399 1174 4472 radius,
1197 4403 1246 4477 qur
1263 4402 1418 4478 ,phamm
1433 4404 1509 4462 anfi,
1532 4404 1633 4477 tangit,
1657 4403 1726 4478 plu.

368 4476 473 4532 rimum
498 4475 527 4530 in
551 4478 687 4530 contactu
710 4474 884 4549 retringitur.
929 4477 1015 4541 Rodii
1045 4492 1142 4545 tamen
1166 4489 1194 4544 in
1218 4497 1325 4564 puncto
1356 4490 1535 4549 retractionis
1568 4506 1668 4547 omnes
1693 4507 1725 4549 se

366 4567 472 4619 mutuo
496 4567 598 4619 secant
620 4567 649 4617 et
671 4564 850 4635 superiorum
874 4564 903 4621 in
920 4584 984 4628 raro
1007 4573 1120 4631 retracti
1136 4576 1165 4631 in
1182 4574 1272 4634 denso
1288 4583 1356 4635 sunt
1380 4577 1539 4636 interiores.
1577 4575 1723 4650 Secundo,

366 4649 521 4726 proportio
545 4649 678 4707 binorum
699 4649 879 4709 retractionis
903 4650 1076 4730 angulorum
1099 4665 1281 4739 componitur
1305 4681 1341 4723 ex
1357 4662 1470 4723 duabus
1484 4663 1724 4741 proportionibus

368 4736 445 4808 aliis,
470 4752 594 4811 quarum
617 4751 675 4793 una
699 4745 743 4795 est
766 4739 840 4796 inter
862 4742 986 4818 angulos
1009 4747 1247 4823 inclinationum,
1280 4767 1403 4825 quarum
1425 4758 1494 4809 sunt
1521 4750 1720 4824 retractiones,

368 4824 546 4885 constitutos
575 4826 649 4881 intra
681 4823 809 4883 medinm
844 4827 978 4903 densum,
1013 4827 1105 4894 altera
1138 4839 1211 4895 inter
1242 4853 1341 4896 eornm
1372 4838 1545 4913 angulorum
1576 4844 1721 4901 secantes.

367 4912 476 4987 Itaque
507 4910 578 4970 data
606 4912 777 4992 retractione
800 4907 894 4973 Unius
925 4919 1121 4980 inclinationis
1152 4930 1265 4996 certae,
1298 4922 1404 4983 dautur
1427 4927 1513 4984 etiarn
1538 4925 1725 4985 retractiones

369 5009 534 5059 ceterarum
557 4999 788 5058 inclinationum.
834 5002 943 5077 Tertio,
967 5024 1032 5067 cunr
1056 5012 1131 5068 sitris
1145 5010 1270 5087 sphaera
1292 5009 1450 5070 circumdet
1470 5009 1591 5087 globum
1607 5011 1727 5093 Terrae,

369 5103 445 5145 uuus
469 5088 558 5161 igitur
580 5094 610 5146 et
632 5085 709 5146 idem
732 5087 830 5147 radius
854 5092 884 5148 in
907 5097 973 5153 aire
996 5095 1082 5156 aliter
1101 5090 1191 5174 'super
1204 5098 1323 5157 Terram
1347 5097 1510 5169 inclinatur,
1535 5098 1619 5157 aliter
1635 5116 1723 5176 snper

369 5176 445 5234 adria
469 5190 574 5233 cavam
596 5173 794 5251 superficiem,
821 5185 850 5237 et
872 5182 922 5253 qui
946 5185 1038 5259 tangit
1059 5181 1196 5256 Terram,
1220 5183 1319 5243 radius
1341 5200 1445 5262 nempe
1468 5183 1572 5246 sideris
1596 5188 1725 5263 orientis,

369 5263 393 5323 tr
421 5269 504 5324 secat
535 5264 613 5323 aeris
643 5264 836 5342 superficiem.
881 5266 1018 5347 Quarto,
1038 5286 1104 5337 curn
1135 5271 1325 5338 observamus
1352 5271 1540 5340 retractiones
1568 5273 1725 5353 radiorum,
