4459 6275
526 788 589 851 882
1026 780 1169 851 Epitorsaa
1186 777 1378 837 Ashonomias

527 962 646 1041 apsides
669 957 882 1037 (longitudines
904 958 1033 1034 mediae)
1056 958 1166 1020 habent
1188 957 1318 1036 aliquam
1340 958 1534 1033 latitudinem,
1556 961 1586 1018 ia
1608 957 1690 1019 Jove
1710 956 1878 1033 nullsm,ct

527 1049 566 1110 ad
597 1050 674 1111 hane
704 1047 870 1124 analogiam
901 1045 1017 1107 illorum
1044 1045 1163 1123 apaides
1184 1046 1425 1124 progrediuntur,
1456 1045 1544 1124 baius
1565 1052 1654 1108 aaut.
1700 1044 1776 1107 Cum
1798 1048 1879 1124 iqltnr

527 1137 603 1198 uliae
635 1139 681 1197 vis
707 1134 869 1196 inclinandi
897 1133 1001 1194 libram
1023 1133 1179 1211 planetarii
1202 1139 1330 1211 corporis
1352 1137 1391 1194 sit
1412 1135 1540 1196 maxima
1561 1135 1591 1193 iu
1612 1132 1770 1215 apsidibus
1792 1132 1827 1209 P,
1848 1132 1878 1207 lt

528 1225 580 1285 ubi
601 1225 688 1285 rectis
711 1220 828 1299 augulis
850 1220 923 1281 libra
947 1220 1010 1282 Soli
1034 1222 1184 1298 objicitur,
1219 1220 1357 1281 credibile
1380 1231 1441 1297 est,
1465 1240 1532 1283 eam
1553 1224 1613 1282 vim
1637 1224 1676 1284 ob
1698 1219 1879 1282 latitudinem

529 1330 594 1372 esse
623 1310 713 1389 paulo
741 1309 947 1373 remissiorem.
993 1306 1060 1384 Quo
1090 1310 1187 1368 minna
1209 1307 1286 1369 idem
1310 1309 1448 1369 damnum
1470 1312 1559 1371 etiam
1583 1311 1613 1369 ln
1635 1309 1796 1371 libratione
1817 1326 1879 1369 sen·

527 1401 627 1473 tiator,
651 1406 820 1472 causaest,
845 1399 915 1473 qnia
937 1394 980 1454 ibi
1001 1395 1121 1456 libratio
1143 1413 1195 1473 per
1216 1413 1249 1456 se
1272 1413 1347 1473 pene
1369 1396 1459 1457 nulla.
1507 1398 1646 1459 Vicissim
1668 1398 1699 1456 in
1722 1397 1750 1458 N
1773 1404 1819 1457 est
1839 1397 1879 1456 in·

528 1486 694 1547 clinationia
717 1487 763 1546 vis
785 1501 861 1562 pene
882 1482 973 1557 nulla,
996 1481 1161 1543 librationis
1183 1485 1326 1545 maxima:
1351 1482 1489 1545 damnum
1512 1486 1602 1561 igitar
1623 1487 1653 1544 lu
1676 1484 1736 1546 hae
1754 1484 1878 1557 mann,

527 1576 557 1633 in
585 1573 637 1635 illa
664 1589 738 1647 non,
768 1588 821 1649 pro
852 1569 1015 1630 latitudinis
1047 1570 1183 1645 modulo,
1214 1577 1371 1648 potastqhe
1399 1571 1477 1646 lieri,
1511 1579 1543 1631 ut
1565 1575 1609 1632 sic
1630 1572 1699 1648 plns
1722 1570 1879 1632 retardetur

528 1660 681 1722 inclinatio
703 1661 808 1735 librae3
832 1674 890 1736 qno
914 1657 983 1719 dato
1006 1657 1056 1732 fit,
1079 1657 1158 1735 qnod
1179 1657 1240 1734 jam
1264 1658 1443 1736 explicatum
1466 1667 1520 1734 est,
1543 1667 1577 1719 nt
1597 1659 1671 1720 libra
1695 1659 1877 1733 tudina-m

527 1749 605 1810 ultra
635 1755 730 1809 metas
757 1746 928 1826 quadrantis
957 1748 986 1804 in
1017 1744 1118 1806 Solem
1148 1753 1270 1823 spectet.
1316 1745 1409 1823 Atqui
1437 1753 1508 1806 tunc
1533 1746 1682 1807 transferri
1711 1746 1880 1826 spsidnhr

529 1838 756 1915 consequentia,
787 1835 869 1912 prius
896 1840 941 1893 est
970 1831 1209 1893 demonstratum.
1254 1832 1339 1894 Haec
1365 1836 1454 1910 igitar
1481 1834 1551 1895 dicti
1573 1833 1775 1913 phaenomsni
1796 1836 1881 1912 ponit

529 1941 594 1987 esse
616 1941 723 1998 cansa,
753 1921 979 1983 necomitatibus
1001 1920 1133 2000 physicis
1155 1938 1208 1982 aen
1231 1923 1417 1998 geometricis
1438 1938 1515 1983 nexa
1536 1921 1698 1983 secundum
1721 1922 1881 2000 anteposita

549 2013 683 2089 rlncipia.

529 2030 549 2091 p
616 2102 657 2159 At
679 2116 736 2159 nou
760 2098 874 2157 interim
898 2093 991 2174 rigide
1014 2097 1199 2172 negaverim,
1230 2095 1308 2156 hunc
1334 2096 1468 2157 ellectum
1491 2096 1590 2173 potius
1612 2098 1642 2154 in
1666 2096 1786 2157 consilii
1806 2104 1880 2174 parte

529 2187 636 2262 inisse,
670 2196 704 2246 ut
725 2202 784 2244 noa
806 2187 845 2244 sit
872 2182 920 2244 uel
943 2199 1001 2243 non
1024 2185 1063 2242 sit
1085 2200 1165 2243 mera
1187 2185 1371 2244 necessitatis
1384 2182 1556 2262 appendix,
1587 2187 1657 2261 quic
1680 2184 1773 2261 hujus
1794 2200 1881 2262 qusn-

529 2277 645 2335 titatem
674 2273 771 2334 adbuc
792 2274 971 2350 ignoramus.
1015 2268 1100 2330 'l'unc
1123 2268 1205 2330 locus
1228 2273 1283 2331 erit
1306 2270 1447 2332 dicendae
1470 2288 1576 2332 causae
1597 2271 1710 2345 linaiis,
1740 2271 1802 2333 huo
1822 2278 1880 2332 ten-

531 2361 600 2423 dere
623 2360 920 2439 contemperationem
943 2361 1018 2419 iuter
1039 2375 1072 2418 se
1094 2360 1199 2417 virium
1222 2357 1398 2433 librationis,
1427 2359 1565 2419 librarum
1586 2360 1805 2435 inclinationis,
1831 2360 1881 2419 eir·

531 2449 735 2524 cumlatiouis,
770 2455 849 2509 certa
879 2450 909 2507 in
942 2445 1135 2523 unoquolibet
1167 2448 1369 2523 proportione:
1401 2454 1435 2506 ut
1467 2450 1538 2524 quia
1568 2445 1741 2509 librationes
1772 2444 1881 2525 quidem

532 2545 722 2615 comparatae
743 2542 813 2596 sunt
834 2533 873 2595 ad
896 2532 1117 2596 constituendas
1139 2531 1306 2593 harmonias
1328 2541 1473 2606 motuum,
1497 2534 1716 2595 harmoniarum
1739 2534 1880 2613 quaelibet

531 2632 717 2686 enasceretm
738 2639 797 2684 nou
819 2639 934 2700 semper
955 2625 985 2681 iu
1008 2636 1068 2681 una
1090 2619 1192 2697 aliqua
1212 2621 1349 2682 binorum
1371 2621 1554 2700 planetarum
1570 2621 1816 2700 configuratione,
1836 2620 1879 2683 ssd

531 2728 669 2774 successu
691 2709 857 2774 seculorum
879 2726 980 2770 omnes
1003 2708 1121 2768 omnino
1144 2707 1389 2784 configurationes
1410 2719 1628 2788 pervagaretur,
1651 2718 1744 2789 atque
1761 2710 1807 2770 sic
1820 2708 1879 2769 hrr-

530 2801 648 2861 moniae
676 2807 808 2860 motuum
843 2814 944 2859 omues
972 2797 1061 2875 (quae
1093 2801 1161 2855 sunt
1191 2795 1242 2855 lib.
1270 2795 1308 2857 V.
1341 2795 1597 2876 Harmonicoram)
1631 2812 1698 2859 cum
1729 2796 1879 2859 hermonii

533 2886 797 2969 configurationurn
819 2885 955 2946 omnibns
977 2882 1054 2965 (libri
1076 2882 1131 2943 IV.
1153 2881 1256 2947 Harm.
1278 2883 1412 2966 materia)
1433 2887 1683 2963 permiscerentur.

933 3020 986 3085 1v.
1016 3022 1072 3085 Da
1104 3031 1207 3084 motu
1237 3024 1479 3087 latitudinis.

623 3148 741 3226 οιιῶω
769 3147 883 3224 lapibus
909 3146 1053 3223 planetae
1079 3155 1248 3207 armarant
1276 3150 1311 3206 in
1340 3148 1439 3209 isara
1463 3147 1638 3227 eclipticas?
1670 3147 1803 3210 Rursum
1823 3147 1879 3224 lsgr

531 3235 747 3313 simplicissima
769 3235 837 3313 tali,
861 3241 893 3293 ut
915 3233 1049 3310 planum,
1074 3233 1153 3310 quod
1177 3234 1415 3295 circumscribunt
1437 3244 1536 3297 centro
1559 3237 1688 3314 corporis
1711 3238 1774 3310 sul,
1801 3236 1880 3295 sitin

534 3323 728 3400 unaqualibet
754 3322 875 3399 periodo
904 3329 1007 3381 exacte
1039 3331 1149 3381 rectum
1176 3329 1205 3381 et
1227 3323 1264 3381 ad
1288 3323 1406 3397 planum
1430 3325 1584 3402 eclipticnc
1606 3324 1783 3385 inclinatam
1804 3321 1879 3382 ineli-

533 3414 652 3471 natione
676 3413 822 3469 constanti
845 3417 873 3469 et
896 3409 1079 3481 invariabili3
1103 3417 1308 3491 praeterquam
1333 3412 1362 3469 iu
1385 3411 1478 3473 Luna.

621 3498 726 3556 Plano
747 3497 940 3574 aequabilia,
972 3499 998 3554 si
1019 3499 1080 3553 sini
1101 3495 1144 3554 ad
1165 3500 1295 3555 invicem
1318 3500 1486 3579 inclinata,
1517 3505 1880 3572 constantissimamque

532 3603 562 3643 ae
584 3593 693 3644 mutuo
715 3588 749 3643 in
770 3603 837 3644 una
860 3591 942 3643 reeta
964 3584 1063 3641 linea:
1090 3602 1222 3660 quaero,
1247 3604 1325 3660 quus
1346 3592 1384 3646 ait
1406 3590 1460 3647 illo
1482 3590 1651 3650 communis
1673 3587 1775 3657 linea,
1799 3601 1880 3660 super

535 3690 599 3749 qao
621 3672 790 3732 inclinatur
813 3671 856 3730 ad
876 3672 1044 3746 eclipticam
1065 3672 1209 3746 planetae
1230 3672 1339 3732 orbita.
1363 3675 1497 3735 'Transit
1520 3676 1571 3734 illa
1591 3693 1643 3753 per
1665 3683 1798 3733 centrum
1812 3670 1881 3731 Solis

533 3761 563 3818 in
588 3760 722 3819 omnibus
745 3759 871 3836 planetis
894 3766 923 3819 et
946 3755 1110 3817 extenditur
1133 3759 1275 3835 cujusque
1298 3760 1434 3837 planetae
1456 3761 1535 3824 linea
1557 3764 1587 3821 in
1608 3780 1663 3821 saa
1688 3757 1881 3838 proprialoes

534 3846 695 3924 eclipticae,
721 3849 845 3907 invicem
870 3864 906 3905 ex
928 3853 1026 3906 centro
1050 3844 1129 3905 Solia
1152 3848 1296 3923 opposita.

1333 3934 1417 3995 Unde
1433 3939 1488 3999 hoc
1506 3936 1646 3998 constat?
1668 3935 1795 3995 Constat
1811 3931 1880 4005 iude,

1264 4025 1334 4096 quia
1357 4042 1422 4084 eum
1445 4027 1565 4103 planeta
1586 4028 1615 4081 in
1631 4023 1749 4083 duabus
1764 4022 1881 4081 dirersis

1263 4110 1373 4171 reditus
1392 4114 1437 4171 sui
1454 4114 1595 4190 partibus,
1619 4121 1651 4170 ut
1666 4110 1817 4170 schemate
1836 4108 1889 4180 ld.

1264 4200 1293 4254 in
1310 4198 1333 4258 O
1356 4207 1385 4259 et
1402 4200 1439 4274 D,
1466 4201 1580 4260 videtur
1594 4199 1649 4258 sub
1664 4198 1813 4274 ecliptica,
1835 4211 1882 4254 os·

1262 4303 1330 4345 rens
1351 4285 1515 4362 latitudine,
1540 4287 1597 4345 duo
1620 4287 1695 4345 haec
1716 4284 1798 4344 iliius
1822 4284 1881 4342 locs

1263 4390 1315 4448 per
1336 4372 1480 4434 calculum
1511 4377 1700 4433 inveniuntur
1727 4388 1796 4431 cum
1818 4368 1881 4430 Sole

1263 4459 1289 4519 A
1322 4462 1351 4518 in
1380 4462 1482 4523 eadem
1512 4470 1590 4522 recta
1617 4460 1697 4520 linea
1726 4459 1881 4518 calizus

1261 4550 1287 4606 si
1318 4548 1403 4609 ΛΟΜ
1421 4553 1533 4611 veniret
1555 4552 1584 4608 in
1609 4546 1662 4608 17ο
1684 4546 1788 4614 Tauri.
1811 4555 1880 4605 tem·

1261 4637 1341 4712 poris
1370 4637 1574 4711 intervallum,
1603 4652 1696 4712 usque
1727 4634 1799 4694 dum
1820 4631 1882 4710 pls·

1261 4732 1330 4784 neta
1357 4742 1470 4784 ruraum
1493 4729 1521 4783 in
1546 4723 1681 4798 ecliptica
1712 4724 1797 4783 risus
1823 4721 1882 4784 inii.

1261 4812 1450 4886 coniunctum
1470 4830 1534 4873 curn
1549 4811 1707 4889 hypothesi
1722 4808 1881 4876 ecoenhicl.

1260 4898 1378 4958 exhibet
1410 4899 1517 4960 lineam
1549 4896 1651 4972 ADO,
1682 4899 1805 4958 citemus
1828 4894 1882 4954 loci

1261 4988 1423 5060 eccentrici,
1448 4991 1477 5048 in
1504 4983 1558 5045 ll⁰
1580 4986 1768 5063 Scorpionis,
1792 5001 1833 5045 se.
1853 4983 1881 5040 in

1261 5076 1397 5150 opposito
1424 5073 1481 5135 17⁰
1501 5074 1600 5136 Tauri.

1330 5161 1414 5242 Quid
1434 5163 1506 5222 ltine
1525 5162 1700 5238 oollipitur?
1720 5159 1806 5222 idem
1827 5159 1882 5218 sci·

1255 5247 1342 5326 liat,
1372 5247 1453 5328 quod
1481 5267 1573 5331 supra
1594 5249 1667 5312 iolio
1692 5249 1767 5310 dil.
1813 5245 1881 5308 cu
