4459 6275
437 789 499 850 m
934 786 1075 857 Epitomes
1092 787 1284 844 astronomiae

436 973 481 1027 eet
502 969 528 1025 si
551 968 639 1025 etiem
661 980 730 1025 suos
759 964 808 1025 ille
831 967 938 1026 limites
961 965 1149 1026 latitudinum
1171 966 1280 1027 habeat
1295 957 1431 1046 ¹suosque
1451 968 1564 1045 nodos,
1593 978 1626 1031 et
1646 988 1697 1032 eos
1717 974 1775 1051 qui·

436 1054 510 1129 dem,
535 1065 567 1113 ut
589 1063 757 1128 ceterorum,
781 1055 913 1114 mobiles.
958 1054 1034 1115 Vide
1056 1056 1162 1113 librum
1186 1054 1238 1114 lll.
1262 1053 1311 1114 iol.
1338 1058 1408 1116 dbtl.

524 1145 618 1219 Atqui
638 1144 740 1201 cetera
760 1143 891 1216 planetis
912 1143 1020 1201 limites
1041 1151 1070 1202 et
1090 1143 1165 1202 nodi
1183 1150 1353 1219 potueruut
1373 1146 1528 1220 uesipnari
1540 1152 1681 1221 respectu
1699 1147 1778 1223 eclip-

435 1233 527 1304 ticac,
560 1248 581 1287 a
610 1248 674 1304 qua
700 1230 901 1289 crarrrebant
928 1230 973 1288 illi
1000 1233 1034 1289 in
1062 1231 1171 1291 limites
1198 1247 1268 1289 tuoe
1289 1237 1317 1289 ct
1348 1248 1442 1306 quam
1465 1232 1612 1292 accubant
1633 1237 1669 1291 iu
1689 1234 1779 1293 nediu

439 1318 549 1376 Terrae
571 1334 642 1378 vcro
663 1324 800 1375 centrum
822 1320 923 1393 ipsum
945 1335 1000 1378 auo
1022 1325 1108 1377 motu
1129 1322 1212 1377 circa
1234 1317 1334 1377 Solem
1355 1318 1494 1379 describit
1518 1320 1578 1379 rub
1602 1320 1676 1397 fleis
1700 1322 1780 1397 cuip-

434 1408 535 1478 tieam,
558 1422 622 1464 nou
644 1406 778 1464 excurrit
799 1405 853 1464 illa
876 1408 972 1481 ipitur
994 1406 1032 1465 ab
1055 1407 1120 1477 bac,
1143 1413 1179 1463 ut
1200 1423 1280 1480 quae
1301 1413 1421 1465 euntem
1443 1410 1597 1484 requitur,
1622 1416 1660 1468 ut
1680 1410 1781 1469 umbra

435 1510 552 1569 eorpus.
591 1491 735 1569 Equidem
758 1507 841 1550 suam
856 1495 947 1569 ipsius
970 1495 1049 1551 viam
1065 1493 1156 1552 Terre
1179 1508 1232 1551 neo
1247 1501 1329 1551 secat
1344 1510 1397 1552 nec
1413 1492 1528 1567 deserit,
1554 1494 1625 1554 ideo
1639 1504 1673 1555 ut
1687 1497 1782 1555 limites

435 1592 463 1640 et
494 1579 587 1639 nodos
616 1580 723 1639 habere
750 1583 859 1655 possit,
891 1587 1005 1656 oportet
1032 1580 1121 1640 eliam
1153 1579 1299 1656 quandam
1326 1579 1414 1640 liram
1444 1582 1614 1659 eclipticam
1638 1602 1694 1645 eeu
1714 1589 1781 1645 riam

433 1670 543 1746 regiam
565 1672 700 1741 statuere,
724 1666 762 1726 ad
786 1684 874 1743 quem
898 1675 927 1727 et
948 1667 1075 1727 Telluris
1098 1669 1194 1726 orbita
1216 1669 1300 1744 eique
1324 1677 1494 1745 superstans
1518 1669 1662 1747 ecliptica
1677 1680 1782 1752 tempo·

433 1759 511 1816 rarie
533 1763 562 1814 et
583 1756 762 1833 reliquorum
786 1758 915 1814 omnium
937 1757 1040 1814 itinera
1065 1754 1146 1815 varie
1170 1754 1355 1814 inclinentur.

526 1841 610 1902 Unde
631 1846 730 1902 existit
751 1843 806 1900 iila
831 1847 881 1902 uia
902 1845 988 1918 repta
1002 1845 1125 1919 ejusque
1137 1843 1209 1918 poli,
1228 1850 1256 1901 et
1279 1843 1433 1919 quidest?
1456 1844 1503 1904 Ab
1518 1864 1586 1921 axe,
1611 1848 1693 1907 eirca
1706 1866 1782 1926 qoem

434 1948 538 2007 comus
561 1929 640 1989 Solle
662 1930 841 2004 turbinetur,
872 1933 1008 2007 utrinque
1031 1932 1201 1990 continuato
1230 1945 1322 2007 usque
1349 1932 1403 1990 sub
1433 1930 1520 2007 lixas,
1549 1936 1708 2011 signantur
1734 1936 1783 1995 duo

433 2018 503 2096 poli,
527 2036 601 2095 quos
623 2021 697 2077 inter
720 2017 843 2077 circulus
865 2017 1070 2093 parallelorum
1094 2018 1206 2076 modius
1229 2026 1259 2077 et
1281 2020 1426 2077 maximus
1449 2027 1494 2080 est
1515 2020 1568 2081 via
1588 2024 1684 2099 regia.

522 2116 558 2172 Ut
576 2118 603 2171 iu
622 2117 759 2171 schemate
776 2117 939 2186 praemisso,
964 2119 986 2171 si
1005 2117 1084 2186 polus
1103 2116 1193 2185 regius
1211 2116 1247 2171 sit
1265 2116 1290 2170 A
1308 2124 1336 2170 et
1354 2116 1426 2171 cirea
1441 2118 1518 2173 illam
1545 2121 1572 2175 in
1591 2120 1669 2190 Qui>
1687 2122 1782 2179 emens

433 2205 573 2252 moveatur
590 2197 670 2266 polus
690 2197 830 2265 ecliptieae
855 2198 1034 2266 temporariae
1051 2197 1087 2259 P,
1115 2197 1204 2266 sitque
1222 2197 1294 2251 circa
1319 2197 1371 2252 boc
1394 2213 1490 2253 aerum
1513 2200 1588 2255 iuter
1605 2202 1781 2259 Ptolemaeum

433 2284 461 2330 et
478 2291 528 2330 uos
546 2278 572 2331 io
591 2275 693 2331 circulo
712 2276 770 2343 Ab,
789 2284 863 2329 recto
882 2274 940 2329 iere
958 2277 993 2331 ad
1012 2275 1133 2329 colurum
1153 2275 1329 2330 solemiorum
1347 2276 1468 2330 usualem
1487 2278 1548 2345 PF,
1572 2280 1691 2334 accedet
1712 2282 1783 2351 igitur

433 2353 513 2424 polus
531 2355 671 2424 eclipticae
689 2355 710 2409 P
728 2353 763 2408 ad
781 2352 874 2408 stellas
892 2353 962 2410 fixas
980 2355 1008 2408 in
1027 2354 1073 2408 PF
1092 2369 1179 2422 nsque
1197 2354 1232 2409 ad
1250 2354 1402 2423 eclipticam
1418 2356 1506 2424 ipsam
1525 2357 1604 2423 sitas,
1623 2358 1744 2413 discedet
1753 2360 1782 2413 ab

432 2432 527 2488 iisdem
546 2432 672 2501 ecliptica
688 2435 748 2503 ipse
766 2439 838 2494 eirca
855 2447 898 2505 Π,
916 2445 958 2506 Ξ,
979 2440 1079 2508 quippo
1098 2453 1205 2507 semper
1223 2438 1328 2493 distans
1340 2437 1493 2507 quadrante
1510 2440 1607 2509 apolo
1626 2456 1679 2495 suo
1691 2441 1782 2495 mobili.

526 2530 679 2606 quertipa
700 2536 792 2593 titum
815 2534 967 2608 eclipticae
987 2535 1089 2607 rapine
1110 2538 1246 2605 respectu
1267 2535 1480 2606 temporariae,
1504 2550 1558 2591 sete
1578 2532 1781 2608 polluebatur

433 2625 568 2692 respectu
582 2618 675 2678 illiue.
719 2620 857 2696 Primum,
882 2622 951 2697 quia
971 2620 1039 2679 nodi
1065 2619 1166 2677 Lunae
1188 2624 1218 2678 et
1234 2607 1394 2679 ceterorum
1416 2619 1475 2679 sere
1490 2619 1681 2696 planetarum
1698 2630 1782 2681 rouo·

389 2720 398 2731 ⁸
433 2704 556 2779 eadum,
589 2706 772 2768 retrocedant
804 2717 833 2769 et
863 2706 987 2767 Telluris
1017 2707 1130 2766 orbitae
1158 2707 1304 2766 sectiones
1335 2722 1402 2765 eum
1430 2709 1528 2782 regia,
1560 2716 1721 2768 moveatur
1746 2722 1781 2767 sa

432 2791 518 2869 polus
552 2791 704 2869 eclipticas
736 2798 765 2855 in
799 2795 902 2874 plagas
935 2792 1024 2869 QOP.
1092 2793 1139 2853 Sit
1177 2802 1276 2853 autem
1309 2794 1396 2870 polus
1428 2794 1527 2852 mundi
1561 2794 1723 2855 hodiernus
1750 2795 1779 2853 Ρ.

434 2878 511 2954 Quia
533 2882 621 2955 igitur
649 2882 724 2944 lixae
755 2886 832 2944 eirea
861 2890 890 2944 et
919 2882 994 2941 inira
1021 2882 1044 2940 l*
1079 2880 1168 2941 hodio
1202 2884 1299 2941 miuus
1334 2879 1444 2941 distant
1476 2899 1495 2941 a
1524 2882 1596 2959 polo
1626 2882 1781 2960 ecliptiesa

434 2967 582 3027 deseendit
604 2970 692 3044 igitur
713 2971 737 3029 l'
758 2971 845 3048 polus
869 2969 1025 3045 'ecliptieae
1053 2985 1155 3029 versus
1185 2968 1258 3027 lixas
1282 2969 1316 3029 l‘.
1360 2968 1435 3028 Nodi
1459 2970 1549 3046 igitur
1570 2986 1625 3029 seu
1647 2974 1782 3031 teutones

433 3055 631 3131 ecliptlearum
661 3061 830 3135 contingent
859 3061 935 3117 circa
963 3057 1094 3116 colurum
1121 3055 1183 3125 PE,
1216 3059 1292 3115 eirea
1317 3053 1374 3136 ὓ,
1406 3056 1443 3135 ,ὅ
1476 3056 1522 3115 vel
1547 3056 1641 3133 paulo
1663 3059 1781 3117 aureius

433 3162 534 3204 stersus
563 3143 680 3221 plagam
708 3148 783 3218 All,
816 3148 866 3207 ubi
890 3145 1000 3205 scilieet
1023 3145 1072 3203 PF
1095 3152 1125 3204 et
1147 3144 1199 3201 AF
1220 3144 1376 3220 aequales,
1407 3144 1514 3204 limites
1537 3145 1631 3223 igitur
1657 3147 1782 3206 emutio

432 3231 505 3290 locis
532 3231 691 3306 quadratis,
715 3235 827 3293 scilicet
849 3237 877 3291 in
904 3234 951 3305 Υ,
978 3236 1029 3302 st
1055 3233 1182 3302 circiter3
1206 3240 1238 3289 ut
1261 3234 1286 3290 si
1309 3231 1391 3288 FAl)
1415 3233 1453 3290 sit
1475 3249 1553 3308 pene
1575 3240 1684 3306 rectus,
1708 3245 1780 3293 erunt

433 3319 500 3377 nodi
525 3321 636 3378 orbitae
663 3321 788 3380 Telluris
820 3325 847 3378 in
881 3319 988 3380 circulo
1012 3320 1093 3379 cll)
1125 3321 1259 3394 utrinque
1289 3319 1448 3395 producto,
1481 3329 1510 3379 et
1541 3322 1650 3379 boreus
1675 3321 1783 3397 quidem

432 3408 515 3467 limes
539 3407 593 3466 erit
615 3408 643 3463 in
666 3409 784 3485 plagam
814 3409 888 3482 AD,
920 3411 990 3484 quia
1012 3408 1097 3485 polus
1121 3406 1274 3481 eclipticao
1304 3407 1497 3482 temporariae
1520 3409 1620 3466 estin
1644 3411 1781 3466 corrtrarir

434 3494 522 3571 plaga
547 3493 606 3565 AC,
631 3513 671 3553 se.
697 3498 725 3552 in
748 3497 782 3554 P.

522 3581 646 3657 Propter
669 3584 744 3643 hune
767 3584 998 3660 dispositionem,
1022 3599 1098 3658 qnae
1122 3582 1235 3640 obtinet
1257 3581 1314 3640 hou
1336 3582 1452 3655 seculo,
1477 3595 1595 3658 propter
1620 3584 1683 3642 scil.
1708 3587 1785 3642 roeti-

434 3667 563 3726 tudinem
586 3670 686 3745 enguli
711 3671 797 3744 nel,
821 3689 909 3746 supra
932 3671 1006 3729 libro
1031 3670 1081 3727 lV.
1105 3669 1155 3727 iol.
1181 3670 1253 3727 385.
1277 3668 1433 3728 verisimile
1457 3687 1521 3728 csse
1545 3671 1685 3742 diuinum,
1709 3670 1785 3729 ineli-

434 3757 582 3814 nationem
606 3758 742 3832 plnuetae
766 3759 959 3816 administrari
983 3776 1034 3834 per
1057 3773 1141 3815 axem
1171 3758 1375 3816 turbinationls
1399 3759 1537 3832 corporis.
1584 3757 1661 3815 Nam
1692 3759 1784 3816 sulil'

435 3851 478 3903 cst
503 3842 550 3902 ille
574 3847 646 3917 axis,
672 3848 747 3905 cirea
771 3865 856 3921 quern
881 3848 1044 3904 turbinatur
1058 3845 1159 3914 Terra,
1184 3852 1213 3902 et
1229 3845 1278 3902 Pu
1301 3845 1458 3919 porrigitur
1481 3861 1585 3902 sersus
1608 3847 1704 3905 norloa
1719 3846 1784 3904 Ter·

433 3948 490 3990 rue.
537 3932 577 3989 lle
599 3933 623 3989 si
647 3950 704 3990 non
728 3944 846 3993 marceat
869 3936 1003 3993 onmibus
1026 3932 1134 3992 seculis
1157 3931 1232 3990 idern
1256 3934 1330 3989 situs
1352 3943 1525 4007 punctorum
1554 3934 1587 4002 l,
1615 3932 1648 4004 Ρ,
1675 3935 1707 4006 l',
1729 3943 1785 3990 tur·

431 4020 517 4078 batur
540 4020 613 4079 haee
636 4021 870 4081 verisimilitudo.

518 4107 572 4164 ltu
595 4109 693 4182 itaque
717 4108 812 4167 nodus
836 4109 962 4168 Telluris
986 4105 1146 4165 asscendens
1170 4104 1257 4163 hodie
1280 4108 1356 4165 circa
1385 4107 1440 4184 ᾗ,
1473 4105 1556 4163 limes
1580 4106 1690 4165 boreus
1717 4110 1784 4165 circa

437 4196 491 4265 Υ,
521 4193 615 4252 nodus
643 4196 823 4255 descendens
847 4199 922 4255 cirea
947 4192 1004 4275 ὓ,
1029 4204 1058 4252 et
1080 4200 1180 4251 eontra
1205 4195 1251 4250 ria
1275 4197 1370 4269 regia,
1395 4210 1482 4267 quarn
1506 4195 1687 4268 quaerimus,
1711 4214 1729 4253 a
1750 4190 1784 4246 ’ἶ

433 4284 560 4357 assurgit
590 4284 618 4337 in
647 4281 765 4341 boream
796 4304 814 4342 a
844 4293 944 4342 nostra
968 4283 1102 4357 ecliptica
1125 4296 1217 4354 usque
1244 4282 1269 4335 in
1301 4283 1350 4359 ᾗ,
1382 4283 1624 4356 appropinquans
1654 4282 1784 4357 nplseliis:

433 4369 535 4425 blattis
564 4370 591 4424 in
624 4368 681 4427 ‘29⁰
710 4383 751 4440 μ,
780 4371 867 4429 loris
898 4374 926 4427 ln
960 4369 994 4426 ‘1⁰
1019 4372 1090 4438 :Q
1122 4367 1257 4426 Mercurii
1282 4370 1310 4424 in
1341 4371 1375 4425 lli
1401 4372 1442 4432 ὃ,
1473 4371 1591 4426 Saturni
1623 4371 1653 4425 in
1680 4367 1736 4426 25⁰

434 4457 566 4513 omnibus
597 4456 773 4515 borealibus.
828 4461 851 4515 Α
884 4461 918 4536 v13
952 4458 984 4514 tit
1011 4454 1148 4514 artstralis
1181 4474 1198 4513 a
1233 4462 1331 4513 nostra
1367 4454 1516 4530 ecliptica,
1551 4460 1785 4532 aprpropinquans

433 4542 551 4616 npltelio
576 4544 697 4602 Verteris
728 4547 756 4601 in
781 4543 816 4601 2⁰
850 4556 885 4608 ιτς
920 4543 1054 4615 australi3
1084 4546 1192 4617 quippe
1222 4542 1310 4617 hujus
1340 4541 1423 4600 limes
1452 4545 1599 4601 eilstrinus
1630 4555 1675 4602 est
1706 4548 1734 4600 in
1758 4561 1786 4600 a.

434 4630 479 4686 ltu
506 4631 569 4703 ipsu
596 4631 662 4689 loca
691 4633 872 4709 aplteliorum
908 4634 1035 4689 onmium
1068 4630 1251 4704 planetarum
1285 4648 1350 4687 curn
1378 4630 1473 4704 plagis
1506 4632 1567 4687 stris
1601 4648 1692 4706 qunnr
1723 4649 1785 4706 pro·

434 4720 508 4775 xinto
539 4715 692 4792 designent
721 4721 796 4778 hane
821 4723 898 4778 riam
921 4722 1045 4794 regiam,
1075 4717 1221 4776 declinant
1252 4726 1349 4775 tarmen
1383 4719 1470 4774 etiam
1500 4719 1538 4774 nl)
1571 4716 1630 4778 hac
1653 4717 1784 4775 nonnihil.

434 4806 492 4862 alin
515 4802 608 4863 aliter.

523 4892 676 4965 ttuomodo
707 4911 743 4952 ea
772 4895 829 4951 lrnc
863 4894 1015 4969 ltppotbcei
1051 4895 1187 4968 sequitur
1226 4893 1413 4967 obliquitatis
1448 4893 1599 4966 eclipticuc
1641 4895 1786 4950 variatio?

434 4978 568 5037 Nondum
593 4979 699 5036 suflicit
732 4982 803 5039 ltaee
832 4982 1016 5057 hypothesis,
1048 4987 1148 5056 pumat
1178 4983 1254 5038 enim
1278 4979 1385 5054 aliquis
1415 4979 1526 5046 dicere,
1558 4996 1647 5037 axem
1670 4978 1786 5038 Telluris

435 5069 556 5125 retinere
580 5076 760 5126 constantem
784 5068 1001 5127 inclinationem
1025 5070 1061 5126 ad
1086 5067 1204 5144 plenum
1220 5084 1292 5125 arrae
1315 5066 1469 5140 ecliptieae
1496 5069 1693 5142 temporariae.
1715 5085 1784 5124 ecat-

435 5170 542 5227 pcrqne
572 5171 688 5212 innitere
718 5172 815 5214 areum
847 5156 1002 5214 distantiae
1031 5157 1163 5231 polorum
1187 5155 1236 5213 Fl’
1266 5155 1400 5212 eurtdem.
1447 5155 1572 5229 Oportet
1605 5157 1694 5230 igitur
1721 5153 1785 5210 isaer

436 5243 551 5315 insuper
574 5242 695 5302 addere:
725 5240 753 5321 1)
776 5243 854 5318 quod
879 5246 942 5303 axis
965 5244 1171 5305 turbinationis
1187 5242 1315 5304 'Telluris
1337 5244 1483 5304 constanti
1506 5242 1619 5318 augme
1641 5242 1784 5300 inclinetur
