4459 6275
855 2041 1326 2129 PROOEMIUM.

1022 2268 1172 2279 *-

503 2380 633 2515 Kepleri
657 2437 754 2498 studia
776 2440 983 2513 astronomica,
1007 2458 1084 2500 anne
1111 2443 1203 2502 1596.
1236 2445 1360 2518 primum
1392 2444 1509 2519 incepta
1540 2449 1569 2502 et
1599 2444 1775 2503 astronomis

412 2525 544 2603 publicis
566 2527 657 2587 literis
681 2525 807 2603 tradita,
838 2544 890 2602 per
916 2545 1010 2587 annos
1038 2537 1194 2605 sequentes
1218 2534 1258 2589 22
1281 2549 1340 2589 non
1363 2533 1528 2590 intermissa
1550 2532 1624 2590 serie
1647 2532 1774 2592 invicem

412 2633 447 2674 se
477 2615 635 2674 subsecuta
663 2622 741 2677 sunt.
786 2611 872 2689 Quod
895 2614 1040 2691 Keplerus
1071 2619 1100 2675 tn
1130 2617 1272 2695 Mysterio
1296 2617 1544 2696 cosmographiae
1567 2620 1711 2690 tentavit,
1740 2626 1774 2679 ut

411 2710 512 2761 motus
535 2703 718 2779 planetarum
742 2717 900 2778 eorumque
924 2701 1077 2763 distantias
1101 2705 1204 2765 aSole
1228 2705 1265 2764 sd
1288 2723 1419 2766 normam
1434 2707 1636 2782 principiaque
1651 2718 1773 2780 geome-

411 2793 487 2850 triae
505 2790 695 2866 conjungeret
711 2797 739 2850 et
755 2791 797 2848 sic
809 2789 999 2850 fundamenta
1019 2791 1130 2867 jaceret
1150 2799 1328 2853 restauratae
1352 2795 1564 2861 astronomiae,
1596 2810 1775 2870 quamquam

410 2895 472 2937 non
504 2878 591 2954 plane
624 2876 663 2936 ad
693 2883 794 2937 votnm
816 2881 972 2952 suecessit,
1006 2897 1058 2955 per
1089 2887 1180 2940 totam
1214 2889 1311 2940 tamen
1345 2883 1435 2941 vitam
1459 2883 1543 2958 quasi
1567 2883 1684 2939 unicum
1707 2889 1773 2940 stu·

413 2966 529 3025 diorum
552 2981 672 3025 snorum
693 2964 781 3024 finem
802 2964 907 3024 habuit
928 2970 1119 3043 propositum.
1166 2969 1332 3029 Extremam
1354 2987 1471 3029 menum
1496 2970 1637 3044 imposuit
1658 2969 1703 3029 his
1719 2985 1773 3029 co·
1881 2972 1887 2981 '

411 3054 532 3113 natibus
555 3051 683 3113 condens
707 3052 918 3129 „Harmoniam
930 3053 1062 3128 Murrdi,“
1088 3073 1176 3132 quarn
1199 3074 1276 3116 anuo
1296 3059 1387 3116 1619.
1404 3058 1482 3134 typis
1497 3055 1657 3115 mandavit.
1692 3056 1772 3116 Dum

413 3161 461 3203 res
484 3142 523 3200 ad
547 3145 714 3202 universam
736 3146 943 3201 astronomiam
966 3150 1133 3220 spectantes
1156 3153 1252 3205 mente
1275 3147 1416 3221 agitabat,
1441 3146 1556 3220 singula
1579 3154 1663 3205 erant
1677 3146 1774 3222 respi-

414 3229 529 3304 cienda,
555 3229 731 3290 observandi
753 3228 880 3290 siderum
903 3239 1017 3304 motus,
1041 3231 1165 3309 eclipses
1189 3232 1267 3292 Solis
1290 3233 1449 3308 Lunaeque
1478 3250 1537 3292 non
1567 3231 1772 3309 negligendae,

413 3319 514 3394 optica
537 3317 693 3394 disciplina
715 3320 744 3376 in
766 3316 872 3377 melius
895 3319 1044 3393 vertenda,
1067 3329 1101 3379 ut
1122 3323 1196 3379 ratio
1220 3320 1300 3380 reddi
1323 3329 1423 3398 posset
1438 3321 1618 3380 retractionis
1635 3328 1772 3380 astrono-

412 3408 522 3479 micae,
553 3405 671 3481 aliaque
703 3404 813 3479 multa,
846 3423 921 3481 quac
951 3406 989 3466 ad
1019 3407 1189 3467 mandatum
1219 3426 1325 3468 munus
1353 3410 1513 3467 astronomi
1537 3408 1597 3488 (vel
1620 3404 1772 3488 astrologi)

411 3494 548 3553 Caesaris
581 3495 784 3569 pertinebant,
816 3492 965 3569 agitanda.
1010 3494 1172 3555 Plurimum
1205 3496 1386 3556 lacesserunt
1416 3498 1525 3573 negotii
1548 3504 1646 3554 motus
1669 3495 1771 3556 Lunae

414 3581 597 3657 inaequales,
621 3592 651 3641 et
672 3584 830 3640 immanem
851 3581 992 3658 impendit
1015 3599 1134 3659 operam
1145 3583 1299 3659 Keplerus,
1324 3591 1357 3643 ut
1378 3583 1486 3643 Terrae
1510 3585 1623 3643 comitis
1645 3583 1772 3643 orbitam

415 3668 533 3745 legibus
565 3687 584 3727 a
611 3686 643 3729 se
671 3671 800 3729 incentis
828 3669 990 3746 adaptaret.
1037 3670 1124 3745 Quod
1152 3689 1241 3747 quum
1269 3674 1444 3732 successisse
1468 3671 1605 3748 illiusque
1628 3670 1772 3731 theoriam

412 3766 575 3816 ceterorum
597 3758 781 3833 planetarum
803 3756 923 3817 theoriis
946 3758 1197 3818 accommodatam
1220 3767 1367 3835 putasset,
1391 3776 1436 3832 ea,
1459 3777 1535 3836 qnae
1558 3758 1770 3834 evigilavisset,
1862 3745 1869 3762 ’

412 3843 488 3903 111110
513 3844 667 3920 complecti
695 3847 815 3917 statuit,
848 3862 935 3922 quem
965 3845 1128 3907 Ptolemaei
1159 3846 1330 3923 Almagesto
1359 3864 1531 3924 comparans
1556 3848 1772 3921 Hipparchum

414 3934 572 4008 inscripsit.
617 3932 705 3992 Hune
726 3933 832 3993 librum
854 3951 924 3993 vero
948 3950 1006 3993 non
1029 3936 1198 3994 absolutum
1220 3934 1346 4011 reliquit,
1370 3938 1475 3995 iterum
1497 3937 1659 4009 iterumque
1674 3951 1692 3992 a
1706 3933 1770 3993 Lu·

413 4037 469 4079 nae
492 4020 698 4097 inaequalibus
720 4020 857 4095 motibus,
881 4038 940 4098 quo
963 4024 1058 4081 minus
1080 4022 1317 4099 progrederetur,
1340 4022 1516 4099 impeditus;
1541 4039 1616 4097 qnae
1640 4023 1771 4082 eontinet

412 4107 485 4166 illud
509 4125 584 4184 opus
607 4111 637 4166 in
659 4108 789 4169 ordinem
811 4107 930 4168 redacta
953 4109 1175 4186 inordinateque
1198 4128 1233 4170 oa
1249 4128 1284 4170 ex
1299 4113 1502 4186 manuscriptis
1518 4109 1768 4169 Pulkoviensihus

414 4195 549 4255 desumta
571 4196 721 4255 retulimus
744 4198 774 4254 in
796 4197 934 4257 volumen
958 4198 1073 4261 tertium
1095 4207 1213 4258 nostrae
1241 4198 1386 4257 editionis.
1432 4196 1576 4273 Keplerus
1600 4214 1690 4273 quum
1715 4195 1770 4256 de-

412 4291 543 4358 speraret
564 4302 625 4344 rem
648 4283 686 4344 ad
711 4283 819 4344 calcem
840 4284 959 4360 perduci
981 4302 1089 4362 posse,
1118 4293 1230 4346 mutato
1256 4286 1378 4346 consilio
1400 4294 1512 4361 partem
1545 4302 1661 4353 eorum,
1691 4299 1770 4359 qnae

412 4369 601 4447 Hipparchus
617 4373 794 4446 continebat,
817 4371 855 4431 ad
880 4373 1029 4448 ,Tabulas
1044 4373 1268 4450 Rndolphinas“
1293 4372 1499 4434 reservandam
1522 4374 1634 4446 statuit,
1658 4379 1772 4449 partem

413 4458 462 4517 alii
485 4459 563 4518 libro
584 4459 783 4535 inserendam,
808 4477 867 4536 quo
891 4460 1024 4536 populari
1047 4478 1178 4521 serrnone
1202 4464 1369 4521 universam
1392 4462 1598 4521 astronomiam
1622 4458 1771 4535 complec-

416 4554 535 4608 teretur.
581 4547 673 4625 'lypis
703 4546 921 4624 exprimendum
953 4551 1067 4608 curavit
1096 4550 1174 4609 hunc
1200 4549 1320 4625 librum,
1349 4566 1436 4624 quern
1459 4550 1607 4625 inscripsit
1629 4548 1772 4629 Epitonso

414 4637 628 4694 Aaronomioc
652 4635 896 4711 Ceperaieonue,
928 4639 1012 4696 annis
1039 4638 1134 4711 1618,
1168 4639 1250 4696 1620
1281 4644 1310 4697 et
1337 4638 1429 4697 1621.
1475 4636 1556 4695 Libri
1578 4644 1636 4695 tres
1659 4636 1771 4711 priores

413 4722 551 4782 exhibent
583 4721 774 4797 ,Doctrinam
796 4723 1007 4799 sphaericam,“
1033 4724 1099 4783 libri
1123 4733 1248 4801 quatuor
1270 4726 1445 4801 posteriores
1470 4712 1661 4799 ,Doctrinam
1683 4722 1770 4781 theo-

412 4812 532 4869 ricam.“
579 4810 729 4871 Maestlini
751 4820 869 4871 secutus
893 4812 1057 4888 exemplum
1081 4815 1252 4889 conseripsit
1274 4812 1331 4871 hoc
1354 4828 1428 4888 opus
1452 4811 1544 4871 torma
1567 4812 1772 4886 quaestionum

412 4906 441 4957 et
462 4901 702 4975 responsionum,
727 4917 803 4976 qnae
826 4900 919 4959 torma
941 4907 971 4959 et
993 4903 1022 4957 in
1045 4898 1110 4959 aliis
1133 4901 1229 4974 libris,
1254 4901 1360 4975 quibus
1383 4906 1459 4960 artes
1483 4900 1559 4959 aliae
1582 4895 1693 4958 sciendi
1716 4912 1770 4955 cn·

411 4986 489 5062 pidis
518 4986 725 5061 tradebantur,
760 4995 822 5047 tum
855 4990 993 5063 temporis
1015 4990 1125 5048 usitata
1148 4996 1227 5060 erat,
1266 5004 1360 5063 eoque
1383 4986 1520 5063 collegit,
1556 5003 1631 5062 quae
1653 4986 1717 5060 ipse
1739 4985 1771 5041 in

412 5077 617 5135 astronomicis
639 5078 791 5136 invenerat
814 5092 948 5151 quaeque
971 5074 1021 5134 alii
1050 5093 1114 5135 eum
1142 5079 1252 5153 priores
1269 5083 1331 5135 tum
1354 5076 1492 5151 aequales
1517 5076 1546 5132 in
1568 5069 1776 5149 promovenda

412 5165 592 5223 astronomia
613 5165 828 5240 praestiterant.
873 5162 994 5222 innixus
1017 5163 1171 5241 (lopernici
1200 5164 1236 5223 de
1258 5162 1367 5222 mundo
1390 5162 1547 5241 hypothesi
1570 5168 1600 5220 et
1621 5158 1771 5236 Tychonis

364 5311 367 5316 .
413 5250 670 5314 observationibus
696 5253 752 5314 rita
779 5251 833 5313 tlla
855 5251 1007 5328 conjunxit
1028 5253 1075 5330 iis,
1098 5268 1176 5328 quae
1197 5254 1228 5311 in
1251 5248 1366 5329 Optiea,
1389 5253 1419 5310 in
1440 5250 1515 5312 libro
1538 5246 1691 5309 dehlartis
1706 5262 1773 5307 mo·

1521 5336 1564 5397 qe
