4459 6275
917 785 1088 843 Prooemium
1100 785 1231 843 Editoris.
1717 797 1754 856 η

395 979 518 1037 aunum,
541 965 592 1042 qul
615 966 765 1026 mensibus
789 971 909 1026 utuntur
931 965 1139 1025 intercalariis.¹
1176 964 1232 1023 His
1254 966 1397 1025 accedant
1419 967 1564 1043 quaedam
1586 966 1624 1026 ad
1647 967 1756 1029 Calen-

397 1052 473 1110 darii
496 1069 588 1112 usum·
605 1056 789 1130 pertinentia,
813 1060 846 1112 ut
868 1070 974 1113 amens
996 1070 1135 1115 numerus
1158 1060 1187 1111 ct
1211 1053 1311 1128 cyclus
1334 1054 1443 1115 Lunae.
1490 1053 1521 1134 5)
1544 1057 1590 1115 De
1613 1057 1755 1131 conjunc-

395 1140 526 1197 tionibus
551 1140 734 1218 plsuutarum
749 1141 864 1218 Martis,
886 1140 973 1200 Jouis
989 1148 1019 1198 ct
1032 1139 1160 1212 Saturni,
1184 1158 1259 1215 quae
1276 1140 1410 1201 dicuntur
1424 1161 1564 1218 maguae.
1612 1145 1645 1215 6)
1655 1142 1755 1203 Thoo-

396 1226 442 1285 ria
464 1227 618 1304 eclipsium
639 1229 742 1288 Lutuae
766 1238 796 1287 et
817 1227 905 1287 Solis.
950 1226 1034 1307 (Pars
1057 1227 1132 1299 libri,
1156 1244 1241 1303 quem
1264 1229 1412 1305 inscripsit
1434 1228 1578 1305 Keplerus
1604 1229 1755 1307 ,Hippar-

395 1314 513 1372 chum.“
538 1315 596 1376 Gir.
605 1316 672 1396 Vol.
682 1316 736 1375 111.
746 1334 774 1393 p.
795 1316 857 1374 520
872 1312 924 1395 ss.)
955 1315 1057 1373 Pauca
1079 1313 1226 1373 adduntur
1249 1315 1285 1374 de
1301 1318 1417 1376 incursu
1434 1317 1557 1377 Veneris
1573 1324 1602 1377 ct
1617 1318 1756 1377 Mercurii

395 1401 452 1460 sub
475 1401 586 1462 Solem.
633 1402 663 1483 i)
687 1404 732 1462 De
754 1403 882 1477 motibus
910 1402 1094 1479 planetarum
1124 1401 1314 1479 harmonicis3
1344 1422 1458 1464 summa
1479 1403 1563 1464 libri:
1593 1403 1756 1466 Harmonia

394 1488 511 1547 Mundi.
813 1519 815 1523 ·
1600 1504 1602 1508 ⁴

482 1574 575 1636 Liber
595 1579 747 1651 sesamae.
792 1576 839 1637 De
862 1583 944 1636 motu
966 1593 1061 1636 nonae
1077 1584 1107 1636 et
1123 1582 1246 1636 octavae
1262 1578 1406 1653 sphaerae
1422 1578 1469 1639 vel
1483 1577 1616 1639 fixarum.
1647 1579 1755 1641 Terrae

395 1665 497 1722 insuat
520 1672 578 1723 tres
600 1673 716 1723 motas:
740 1667 831 1724 centri
853 1666 930 1723 eirca
944 1663 1052 1734 Solem,
1075 1665 1140 1723 axis
1162 1663 1312 1724 inclinatio
1336 1666 1476 1727 secularis
1499 1676 1529 1726 et
1551 1675 1647 1726 motus
1671 1666 1752 1726 diur-

395 1768 474 1825 nos,
499 1769 623 1828 quorum
652 1751 800 1811 secundus
828 1761 1031 1827 argumentum
1059 1761 1104 1824 est
1133 1751 1221 1828 hujus
1245 1752 1319 1811 libri.
1364 1753 1447 1813 Hace
1464 1754 1621 1831 inclinatio
1645 1754 1750 1814 deduci

395 1847 494 1914 potest
515 1837 565 1898 uel
587 1859 606 1898 a
627 1838 766 1899 facultate
789 1839 917 1914 animali,
942 1857 1018 1915 qnae
1041 1839 1162 1914 glebam
1177 1839 1285 1899 Terrae
1307 1842 1385 1900 circa
1406 1859 1492 1900 suum
1514 1859 1599 1901 arem
1622 1849 1748 1918 torquet,

396 1926 444 1984 sel
467 1943 486 1984 a
509 1942 653 1985 concursu
675 1943 827 1986 causarum
849 1926 1037 2004 physicarum
1060 1944 1126 1985 eum
1149 1934 1351 1986 extranearum
1362 1925 1401 2009 (v.
1418 1947 1443 1989 c.
1459 1928 1512 1989 Sol
1527 1930 1671 2007 movens),
1688 1938 1750 1991 tum

315 2029 321 2041 ’
395 2017 575 2073 internarum
598 2015 642 2088 (v.
665 2030 691 2073 c.
715 2013 869 2090 dispositio
892 2014 1029 2072 librarum
1052 2016 1180 2090 corporis
1202 2012 1330 2095 Terrae).

482 2101 516 2158 Si
543 2118 647 2175 uem,
684 2101 760 2160 circa
789 2104 875 2176 quern
899 2103 1061 2160 turbinatur
1083 2118 1188 2178 corpas
1217 2097 1319 2175 Solis,
1357 2104 1572 2163 continuaveris
1602 2103 1640 2163 ad
1670 2103 1752 2179 lixas,

394 2190 549 2264 signantur
577 2189 635 2247 duo
665 2183 740 2264 poli,
769 2190 846 2248 circa
868 2205 942 2265 quos
969 2188 1120 2264 ecliptieae
1153 2188 1214 2264 poli
1241 2199 1395 2249 moveatur
1417 2193 1447 2248 in
1471 2191 1586 2251 duobus
1610 2191 1753 2268 circellis;

395 2276 451 2334 hoc
472 2284 556 2335 motu
578 2275 699 2336 efficitur
722 2276 838 2336 libratio
861 2278 929 2335 axis
947 2273 1082 2348 Telluris,
1105 2279 1221 2335 uariata
1242 2276 1365 2336 rixarum
1387 2273 1513 2338 latitudo
1536 2287 1565 2338 et
1587 2281 1753 2356 praecessio

393 2365 648 2439 aequinoctiarum
671 2362 734 2437 (cfr.
759 2363 825 2422 Vol.
851 2363 905 2422 lll.
928 2381 958 2439 p.
983 2363 1121 2438 12611).
1165 2363 1249 2424 Haec
1272 2365 1403 2442 pluribus
1426 2367 1584 2443 explicans,
1610 2368 1753 2427 observa·

393 2452 489 2510 tiones
513 2459 548 2510 et·
565 2450 744 2527 hypotheses
769 2459 899 2515 ueterum
923 2467 988 2509 eum
1011 2452 1222 2517 recentioribus
1238 2469 1411 2528 comparans
1426 2457 1612 2529 numerisque
1629 2454 1753 2515 demon·

394 2547 491 2597 strare
521 2543 664 2610 costatus,
697 2538 742 2596 his
770 2546 866 2597 tanum
896 2538 983 2597 finem
1013 2538 1084 2598 iacit
1106 2538 1193 2612 hujus
1217 2535 1425 2616 disputationis
1448 2549 1476 2600 et
1499 2536 1565 2600 libri
1587 2543 1651 2600 sui:
1681 2543 1754 2602 haee

311 2618 313 2623 ’
393 2643 596 2701 nequaquam
617 2625 773 2702 sufficiant
793 2626 836 2683 ad
856 2626 1060 2684 uniueraalcm
1082 2629 1303 2686 astronomiam
1326 2627 1530 2702 medendam,
1565 2629 1637 2687 hacc
1660 2631 1755 2689 lateat

391 2716 427 2770 in
444 2713 607 2788 pandectis
634 2716 703 2771 aeci
731 2717 896 2788 sequentia,
924 2730 989 2773 aare
1011 2721 1103 2773 antea
1126 2712 1283 2789 discendo,
1312 2732 1407 2790 qaam
1430 2716 1544 2775 libram
1565 2719 1648 2775 luae
1670 2716 1754 2778 Deua

390 2801 550 2859 recluserit
570 2800 751 2861 homiuibus.

972 2972 1180 2987 ..ιι-...ὀ

464 3109 522 3175 liis,
542 3113 635 3177 quibus
653 3123 703 3177 qua
720 3114 849 3177 potuimus
875 3111 1005 3174 diligentia
1024 3118 1048 3163 ct
1066 3113 1141 3163 simul
1160 3113 1283 3163 brevitate
1302 3126 1423 3164 summam
1441 3114 1499 3164 librl
1518 3115 1647 3196 sequentis
1658 3131 1752 3182 propo·

395 3184 508 3247 salmas,
537 3183 623 3232 eadem
642 3191 694 3248 qua
711 3186 781 3247 prius
799 3186 894 3231 ratione
912 3184 1027 3232 addimus
1045 3199 1089 3245 sa,
1112 3198 1175 3249 quae
1194 3184 1224 3232 de
1243 3191 1371 3251 tempore,
1394 3199 1444 3250 qun
1464 3188 1611 3249 conscripsit
1629 3185 1754 3251 Kepl'eru's

398 3256 467 3301 itanc
485 3255 588 3315 librum,
606 3261 631 3302 et
649 3254 679 3302 ds
697 3253 796 3313 studiis,
814 3267 878 3318 quae
896 3261 1082 3316 praecesserant
1100 3256 1193 3303 librum
1211 3257 1388 3318 couscriptum,
1406 3260 1575 3317 luuotueruut,
1595 3271 1640 3306 uec
1653 3272 1702 3307 uou
1716 3274 1753 3321 su,

394 3338 462 3387 quae
482 3338 540 3372 cum
558 3325 646 3372 amieis
663 3339 708 3386 par
724 3326 814 3373 literas
832 3325 892 3389 egit,
912 3324 970 3372 dum
990 3325 1015 3372 lu
1029 3330 1111 3373 moute
1129 3326 1241 3387 agitabat
1258 3326 1391 3388 Epitomeu
1403 3327 1534 3389 Keplerus,
1554 3325 1591 3374 rel
1608 3330 1746 3391 perlectum

394 3409 408 3441 c
429 3409 458 3442 us
476 3395 565 3441 amicis
583 3394 694 3444 tradidit.

408 3409 426 3458 P
464 3464 503 3511 De
521 3469 646 3525 tempore,
664 3479 714 3528 quo
733 3463 828 3527 incepit
847 3463 970 3526 Koplarus
988 3464 1035 3513 hoe
1054 3479 1130 3529 opus,
1155 3479 1236 3529 aeque
1254 3466 1280 3514 iu
1300 3466 1413 3530 epistolis
1432 3480 1513 3531 neque
1531 3468 1557 3514 iu
1577 3468 1752 3531 manuscriptis

394 3535 456 3583 certi
475 3533 613 3597 quidquam
632 3533 847 3596 deprehendimus.
883 3534 1037 3599 ldaestliuus,
1056 3549 1130 3600 quem
1149 3535 1279 3598 lieplsrus,
1297 3547 1365 3584 aona
1381 3536 1419 3585 vei
1439 3538 1540 3584 insolita
1559 3539 1751 3600 conscripturas,

394 3618 492 3666 semper
509 3605 590 3651 literis
608 3603 716 3665 adierat,
740 3606 848 3652 consilia
865 3610 890 3651 et
907 3604 1051 3665 adjumenta
1068 3618 1085 3652 a
1102 3610 1261 3667 praeceptore
1279 3611 1381 3671 petens,
1406 3608 1437 3655 ab
1461 3620 1526 3655 anuo
1546 3610 1612 3655 1614
1631 3608 1664 3655 ad
1685 3611 1751 3658 teto

394 3676 459 3723 nihil
480 3674 554 3734 plane
566 3674 676 3735 liepleru
688 3677 781 3737 patenti
795 3676 929 3737 rescripsit,
948 3688 1027 3738 quare
1045 3688 1095 3723 nou
1113 3677 1213 3739 mirum,
1225 3677 1299 3724 illum
1317 3679 1455 3737 segniorem
1474 3677 1595 3726 tamesin
1614 3678 1752 3728 scribendis

394 3745 511 3807 epistolis
529 3744 561 3791 ad
579 3745 660 3792 virum
679 3747 754 3792 nimis
772 3746 934 3809 taciturnum,
953 3747 1081 3793 literarum
1101 3748 1274 3794 commercium
1293 3761 1348 3794 cum
1368 3747 1496 3796 llerwarto
1516 3753 1541 3794 et
1552 3747 1650 3796 Davide
1662 3748 1751 3797 Fabri·

394 3817 434 3863 cio
453 3814 500 3862 illo
519 3819 628 3878 tempore
648 3815 814 3863 intermissum
833 3819 885 3878 est3
904 3816 1025 3875 epistolae
1045 3815 1153 3879 detrlqus
1170 3816 1271 3877 Keplcri
1291 3817 1324 3864 ad
1342 3818 1413 3883 alios,
1432 3831 1496 3881 quos
1514 3811 1636 3866 inlocum
1656 3833 1750 3885 eornm,
1835 3810 1837 3814 ’

397 3898 461 3947 qnos
481 3884 599 3946 diximus,
617 3885 723 3950 sadech,
741 3887 854 3933 maxima
871 3898 901 3933 ex
920 3888 989 3946 parte
1006 3887 1142 3946 perierunt.
1179 3885 1291 3934 Primum
1307 3890 1459 3936 mentionem
1477 3885 1540 3935 lacit
1552 3887 1676 3949 Keplerus
1690 3902 1750 3951 ope·

395 3959 429 4003 ris
448 3956 490 4003 his
508 3955 541 4003 ad
558 3954 719 4003 blaestliuum
737 3955 827 4006 datis:¹

486 4113 653 4174 Clarissima
676 4108 736 4174 virt
759 4113 820 4172 Dia
838 4113 901 4190 jam
922 4115 1086 4174 intermisso
1110 4116 1184 4174 inter
1206 4132 1260 4175 nos
1283 4116 1428 4188 scribendi
1451 4114 1557 4190 oliicio,
1580 4132 1645 4177 seeo
1670 4118 1753 4178 offert

401 4202 478 4263 lator
498 4204 716 4279 praesentium,
736 4201 791 4259 ti.
815 4200 969 4261 lohannes
991 4201 1109 4261 Strauss
1132 4202 1347 4277 Dantiseauus,
1380 4205 1431 4280 qui
1454 4203 1636 4279 aliquamdiu
1659 4205 1752 4265 colle·

397 4295 466 4368 gam
488 4289 537 4349 hie
558 4293 620 4366 egit
642 4293 670 4347 in
695 4288 797 4349 schola
818 4289 999 4366 prouinciali,
1023 4289 1233 4350 mathematunr
1256 4309 1357 4356 amaus
1381 4299 1410 4351 et
1432 4291 1534 4351 calculi
1549 4295 1672 4367 peritus3
1697 4296 1753 4353 etsi

397 4373 540 4455 quamdiu
563 4378 612 4437 hic
634 4378 697 4452 istit,
720 4395 824 4453 parum
844 4395 890 4436 me
910 4377 1014 4451 juvare
1037 4380 1141 4454 potuit.
1188 4379 1223 4437 Ei
1244 4396 1317 4455 rogo
1341 4378 1462 4439 consilio
1485 4385 1574 4455 atquc
1597 4397 1653 4457 ope
1670 4380 1749 4441 adsis

396 4466 433 4526 ad
454 4465 556 4524 studia
579 4460 786 4525 mathematica
808 4461 1014 4527 continuanda
1061 4460 1224 4525 Consilium
1246 4461 1326 4543 cepit
1347 4465 1504 4538 laudabile,
1529 4461 1675 4542 siquidem
1699 4488 1753 4529 er-

394 4553 495 4631 pedita
517 4570 564 4612 res
586 4556 633 4625 sit,
657 4552 785 4612 abeundi
809 4547 907 4611 ludias
929 4548 1030 4628 ibique
1053 4549 1231 4616 observandi
1253 4554 1377 4631 eclipses
1400 4563 1430 4614 et
1444 4554 1517 4613 fixas
1533 4554 1749 4617 meridionales.

395 4643 439 4701 De
463 4636 539 4700 meis
561 4635 667 4700 studiis
688 4636 816 4701 scribam
836 4639 986 4700 nonnulla
1031 4636 1182 4716 Superiori
1203 4658 1280 4701 auno
1295 4641 1531 4702 Stcreomctriam
1554 4637 1611 4718 egi,
1636 4651 1668 4702 ut
1687 4661 1752 4703 ma·

395 4724 469 4789 teria
492 4728 628 4804 populari
651 4728 874 4805 typographum,
900 4723 949 4803 qui
972 4735 1034 4786 tum
1056 4727 1112 4787 hae
1135 4740 1264 4803 venerat,
1285 4729 1437 4804 juvarem,
1461 4746 1498 4788 ne
1522 4746 1558 4788 ex
1579 4730 1649 4790 aula
1674 4730 1752 4791 an-

395 4835 481 4876 sarea
502 4814 685 4877 resisteretur
708 4816 771 4891 ejus
793 4810 850 4874 arti
872 4811 920 4875 hie
941 4810 1140 4876 instituendae
1164 4857 1301 4876 .....
1347 4817 1525 4896 Scr'qtsaram
1544 4825 1612 4878 ante
1634 4820 1752 4894 sesqui·

394 4921 505 4964 anuum
527 4902 565 4964 ad
590 4906 609 4962 6
631 4906 753 4980 paginas
776 4921 842 4963 cum
864 4912 967 4979 typum
989 4905 1099 4980 incepi,
1129 4922 1231 4965 reram
1260 4903 1335 4963 adeo
1365 4893 1435 4963 mihi
1466 4921 1525 4964 uon
1546 4907 1752 4968 satisfecerunt

395 4993 454 5066 illa,
479 4998 512 5051 ut
535 5009 651 5064 noveru,
674 5009 726 5067 pro
750 4990 841 5064 dolor,
866 4992 994 5066 integros
1018 5007 1132 5050 meuses
1155 4986 1372 5065 consumserim,
1396 4991 1556 5067 augendis,
1583 4996 1750 5071 germanice

395 5074 553 5151 semendis,
578 5077 759 5138 emendando
783 5085 863 5155 typo,
888 5074 1070 5139 doliucaudis
1093 5074 1215 5139 rudibus
1238 5080 1306 5138 licet
1327 5080 1532 5139 schematibus.
1625 5154 1629 5162 .

482 5169 571 5227 Anao
597 5169 690 5226 1614.
712 5184 764 5244 per
778 5173 920 5225 aestatem
941 5160 1082 5227 successit
1104 5162 1135 5225 in
1149 5162 1272 5226 Veneris
1294 5162 1416 5242 theoria,
1436 5183 1512 5225 anno
1539 5167 1631 5227 1615.
1655 5167 1751 5231 hicme

397 5258 427 5314 iu
450 5249 614 5331 Mercurio;
636 5249 710 5314 nihil
731 5255 841 5315 habeut
863 5271 933 5332 prae
955 5250 989 5332 l),
1012 5254 1052 5329 ⁰4,
1075 5260 1099 5323 ὁ
1122 5250 1286 5333 peculiare;
1313 5258 1413 5316 omnia
1433 5249 1528 5315 eiticio
1552 5255 1621 5316 orbe
1643 5274 1751 5335 magno
