4459 6275
898 756 983 813 Liber
999 756 1115 813 Primus.
1152 757 1218 814 Pars
1237 758 1336 817 Prima.
1727 768 1788 829 135

497 937 575 997 Num
591 940 617 997 i.
629 955 682 1015 pro
697 935 975 1017 numerorgraduuus
991 934 1181 1013 longitudinis
1193 943 1222 997 et
1233 936 1396 998 latitudinis
1408 938 1515 1000 Terras
1531 941 1680 1000 variantur
1695 940 1788 1017 plice-

433 1042 562 1087 nomeua
591 1024 733 1087 eoelestia
761 1026 791 1083 in
822 1021 946 1083 diversis
976 1023 1130 1084 Terrarum
1161 1023 1243 1084 locis.
1296 1024 1339 1085 Ex
1371 1025 1510 1085 distantia
1539 1044 1609 1087 vero
1640 1030 1788 1089 itineraria

433 1130 573 1175 numerus
595 1112 739 1191 graduum
762 1110 955 1189 longitudinis
978 1119 1007 1171 et
1029 1109 1193 1172 latitudiuis
1217 1110 1315 1188 colligi
1331 1120 1436 1190 potest,
1461 1115 1485 1172 si
1505 1116 1651 1191 cognitam
1674 1114 1787 1176 habea-

432 1218 498 1259 mus
521 1202 553 1257 in
576 1218 612 1261 ea
635 1216 772 1261 mensura
792 1206 885 1259 totam
908 1198 1028 1259 Terreni
1050 1198 1150 1260 circuli
1173 1201 1291 1258 maximi
1315 1201 1584 1261 circumferentiam.

521 1292 552 1345 2.
577 1288 651 1347 Cum
674 1287 765 1347 Terra
787 1293 917 1345 nostrum
944 1286 982 1344 sit
1005 1285 1198 1359 domicilium,
1230 1288 1337 1346 utimur
1365 1286 1582 1349 semidiametro
1605 1288 1712 1349 Terrae
1734 1307 1786 1365 pro

433 1374 616 1452 decempeda
644 1373 682 1434 ad
714 1371 892 1435 dimetienda
921 1389 1044 1451 corpora
1073 1373 1213 1434 coelestia
1249 1390 1407 1451 corumque
1438 1374 1608 1435 distantiam
1640 1396 1658 1436 a
1687 1376 1786 1435 Terra.

433 1462 604 1523 lleusuram
634 1462 722 1539 igitur
743 1466 874 1521 nostram
903 1478 958 1538 par
979 1466 1025 1521 est
1053 1461 1138 1521 nobis
1168 1477 1232 1520 esse
1255 1463 1416 1537 cognitam,
1448 1460 1477 1521 id
1501 1470 1545 1522 est
1568 1480 1726 1540 expensam
1749 1462 1786 1523 ad

432 1548 664 1627 magnitudinem
680 1554 821 1623 staturae,
845 1564 963 1626 orgyae,
986 1547 1086 1621 cubiti,
1110 1546 1202 1623 pedis,
1226 1549 1400 1625 spithamas,
1424 1548 1523 1626 palmi,
1546 1550 1678 1627 pollicis,
1702 1549 1786 1627 digiti
1894 1620 1898 1631 Ι

434 1640 462 1695 in
486 1636 669 1713 corpusculis
691 1638 807 1696 nostris.

521 1726 551 1784 3.
575 1722 643 1784 Hoc
664 1726 729 1800 ipso
752 1738 822 1783 vero
845 1722 911 1781 loco
933 1720 1022 1783 inseri
1044 1720 1121 1781 hauc
1142 1722 1280 1782 metiendi
1304 1724 1446 1783 rationem
1460 1718 1631 1799 'postulavit
1647 1724 1712 1800 ipsa
1734 1722 1786 1785 de-

433 1812 653 1871 monstrationis
675 1808 848 1883 methodus,
870 1807 941 1884 quia
962 1825 1014 1886 per
1035 1826 1099 1869 cam
1123 1810 1290 1871 examinate
1313 1818 1341 1870 et
1364 1810 1556 1886 comprobata
1581 1809 1634 1870 luit
1657 1810 1786 1887 perfecta

434 1899 543 1959 Terrae
565 1897 738 1959 rotunditas.
