4459 6275
459 737 535 817 ‘078
938 728 1105 798 Tabularum
1122 725 1356 796 liudolpbiuarum

350 885 366 913 ²
446 926 581 969 morem
604 908 792 981 Ptolemaeus
822 916 855 968 ut
884 907 1040 986 plurimum
1066 907 1198 967 serravit
1226 906 1255 965 in
1282 904 1592 970 demonstrationibus.
1638 904 1723 982 Ergo
1751 909 1824 967 valet

404 1009 420 1077 ²
469 989 1349 1161 1551131311)(ΐὸΡἪοὲῃΞ)(11ᾶὶ1ξί8ῗῖὸῖ
1363 990 1629 1160 lllttlll‘at
1650 990 1823 1161 ‘elffii

470 1098 961 1249 ao‘Je·(ueun1)aa‘,‹’epa05,p
1117 1124 1124 1154 ’
1332 1124 1340 1155 ’
1630 1123 1638 1155 ’

452 1337 455 1344 ,
559 1273 667 1333 Addidi
695 1274 768 1333 lucis
799 1291 888 1333 causa
918 1276 1006 1333 ctiam
1036 1260 1175 1331 sonarum
1202 1271 1405 1332 distinctiones
1438 1287 1598 1346 earumque
1632 1275 1823 1348 proprietates

468 1364 679 1422 astronomicas
703 1369 732 1421 et
755 1363 894 1420 annotavi
909 1360 1007 1420 media
1029 1359 1179 1419 climatum
1194 1362 1223 1417 in
1238 1360 1332 1418 fronte
1354 1356 1583 1429 columellarum,
1608 1358 1823 1437 parallelosque

365 1461 369 1467 '
442 1452 459 1504 ’.
473 1442 574 1514 eorum
597 1450 627 1507 in
651 1449 730 1507 calce
754 1466 788 1506 ex
812 1449 999 1525 usurpatione
1021 1446 1184 1506 Ptolemaei
1207 1445 1294 1523 idque
1316 1447 1346 1503 in
1368 1461 1443 1504 eona
1458 1452 1634 1521 temperata.
1678 1446 1715 1503 In
1739 1466 1823 1507 sonae

470 1528 743 1616 to'rridaesemisse
767 1538 1001 1617 septterminos
1023 1537 1153 1607 arcuum,
1176 1534 1283 1608 quibua
1300 1533 1459 1592 orientibus
1480 1535 1700 1607 nonagesimus
1724 1535 1754 1591 iu
1775 1537 1823 1593 bo-

367 1652 371 1662 ·
453 1617 547 1683 'ream
572 1624 757 1698 vergit,‚eeu
781 1625 809 1680 in
831 1638 953 1697 quorum
976 1623 1164 1682 terminorum
1186 1622 1382 1696 nonagesimie
1409 1617 1656 1679 antecedentibus
1681 1619 1736 1679 Sol
1759 1639 1822 1680 con·

365 1773 370 1782 ,
467 1698 588 1781 obtutus
610 1709 644 1768 lit
665 1711 694 1766 in
718 1698 837 1768 meridie
861 1707 1018 1781 verticalis,
1041 1708 1238 1783 bosinquam
1260 1710 1399 1767 terminos
1422 1709 1452 1764 in
1476 1705 1556 1765 calce
1580 1710 1730 1785 expressi.
1756 1710 1822 1767 'Vr-

367 1847 371 1855 .
468 1799 565 1858 cissim
593 1799 622 1854 in
651 1795 857 1872 aona-trigida
885 1798 934 1871 qui
964 1812 1048 1854 arcus
1077 1802 1219 1875 perpetuo
1241 1803 1309 1853 sunt
1338 1810 1426 1870 supra
1448 1792 1667 1854 horisontalem
1700 1799 1821 1854 terminis

366 1924 370 1931 -
471 1878 534 1960 e'uis
556 1882 721 2033 ingicantur
743 1885 772 1942 ln
788 1899 898 1943 vacuas
921 1899 1005 1942 mess
1020 1884 1183 1941 sinisterius
1199 1884 1313 1942 insertis
1317 1922 1451 1942 .....
1460 1912 1463 1918 ·
1476 1888 1558 1954 (Quas
1581 1876 1733 1955 aquantur
1756 1907 1779 1942 v.
1804 1908 1821 1942 s.

460 1968 512 2034 tol,
531 1971 593 2020 546.

439 2055 441 2059 ’
555 2056 681 2116 Praec
706 2058 756 2116 39.
804 2057 957 2134 lixcerptio
979 2057 1073 2116 facilis
1095 2063 1156 2116 est:
1180 2054 1280 2114 datum
1295 2055 1448 2134 eclipticae
1462 2058 1724 2131 punctumnriene
1739 2074 1820 2132 quae·

471 2145 544 2203 ritur
566 2145 596 2201 in
619 2134 759 2204 alterutro
782 2147 959 2220 marginum,
982 2143 1032 2203 alt
1055 2141 1118 2220 poli
1140 2143 1188 2202 vel
1211 2143 1356 2202 intrante
1379 2142 1435 2202 vel.
1450 2144 1480 2200 in
1503 2141 1585 2201 calce
1608 2146 1820 2221 promlameet

470 2249 507 2292 ex
530 2248 599 2291 area
621 2230 826 2292 exscribuntur
845 2231 953 2309 gradus
972 2249 1037 2291 cum
1059 2237 1129 2290 nota
1148 2229 1320 2307 appendice.
1378 2304 1381 2309 .
1486 2284 1488 2289 .

422 2316 431 2370 ¹·
462 2329 466 2337 '
518 2326 524 2339 '
557 2333 681 2394 Praec.
706 2335 757 2394 tc.
814 2333 925 2410 Quodsi
956 2335 1053 2413 placet
1084 2337 1207 2413 experiri
1237 2332 1325 2393 fidem
1357 2331 1477 2394 tabulae
1509 2341 1538 2393 et
1571 2333 1720 2411 angulum
1752 2335 1819 2397 nme

471 2421 807 2497 accurate'computare,
830 2423 954 2500 primum
977 2440 1014 2482 ex
1035 2423 1095 2482 tab.
1120 2439 1178 2481 asc.
1196 2427 1337 2481 rectarum
1359 2438 1411 2498 par
1430 2419 1530 2480 datum
1552 2421 1715 2499 eclipticas
1738 2440 1820 2500 punc-

363 2558 366 2561 .
461 2516 533 2568 ‘tum
557 2507 652 2568 oriens
676 2525 797 2584 excerpe
820 2510 959 2590 angulum
983 2519 1013 2569 et
1035 2508 1259 2569 declinationem
1282 2508 1467 2593 adscriptam,
1494 2508 1585 2584 hujus
1609 2526 1684 2570 vero
1708 2511 1819 2586 antilog.

380 2673 384 2681 ι
459 2596 554 2656 'auter
575 2614 595 2654 a
616 2594 675 2671 log.
698 2596 753 2654 alt)
774 2588 850 2672 poli,
867 2598 988 2657 restabit
1011 2597 1069 2672 lag.
1092 2595 1193 2672 anguli
1215 2595 1405 2656 subtrahendi
1427 2596 1465 2654 ab
1488 2591 1642 2674 excerpto,
1679 2605 1714 2656 ut
1735 2617 1820 2658 rema·

470 2691 540 2743 neat
562 2682 686 2758 angulus
709 2678 838 2743 orientis.
935 2697 939 2727 ⁷
1148 2725 1151 2733 ,
1519 2705 1523 2715 -

460 2795 466 2819 -·
559 2786 626 2834 Huic
640 2791 783 2848 praecepto
807 2785 941 2847 adscripsit
958 2785 1136 2835 Bacbmalerus
1162 2783 1194 2850 (v.
1213 2800 1233 2837 s.
1254 2800 1278 2847 p.
1297 2787 1379 2844 aaut:
1403 2785 1484 2833 Tener
1510 2786 1586 2846 hujus
1610 2790 1745 2850 praecepti
1762 2787 1819 2836 relat

426 2866 438 2898 ¹.
472 2855 630 2905 solummodo
649 2857 787 2903 orientibus
806 2856 883 2915 signis
901 2855 1110 2918 ascendentibus3-
1131 2857 1269 2904 orientibus
1290 2861 1375 2904 autem
1397 2854 1609 2904 descendentibus
1633 2871 1710 2905 arcus
1728 2857 1769 2906 illa
1786 2861 1819 2907 iu·

473 2915 563 2974 ventui
585 2925 733 2973 auferendus
757 2931 795 2973 est
817 2939 833 2972 a
856 2923 946 2986 compl.
970 2925 1053 2986 anguli
1072 2926 1202 2987 eclipticas
1226 2927 1343 2987 exscripti
1361 2925 1393 2973 ad
1411 2927 1427 2974 2
1446 2930 1526 2973 rectos
1552 2929 1578 2974 et
1600 2926 1733 2976 residuum
1760 2928 1820 2976 dabit

446 3031 450 3039 .
471 2992 629 3049 altitudinem
647 3009 690 3047 seu
708 2994 825 3054 angulum
844 2996 946 3043 orientis
964 2995 1054 3055 gradus
1072 2997 1221 3059 quaesitum.

557 3099 680 3159 Praec.
705 3101 756 3158 41.
802 3099 833 3160 Si
863 3101 946 3161 detur
975 3118 1033 3160 nou
1063 3104 1158 3180 ipsum
1184 3109 1325 3182 punctum
1355 3101 1507 3178 eclipticas
1535 3102 1648 3175 oriens,
1685 3101 1738 3163 sed
1763 3105 1819 3180 ejus

393 3253 395 3258 ,
472 3205 531 3248 esc.
555 3183 693 3262 obliqua,
724 3193 754 3245 et
775 3187 962 3248 nihilominus
992 3197 1148 3265 quaeratur
1177 3191 1213 3251 de
1237 3188 1344 3266 angulo
1376 3189 1494 3249 orientis
1522 3190 1616 3265 ignoti
1646 3193 1765 3266 puncti,
1795 3195 1819 3249 iu

471 3276 528 3334 hoc
551 3290 620 3333 casu
643 3275 763 3334 abutere
786 3292 854 3333 arcu
878 3279 1044 3351 sequuturis
1060 3277 1139 3352 dato,
1164 3295 1199 3337 ac
1221 3281 1246 3337 si
1267 3285 1343 3337 esset
1365 3293 1449 3336 arcus
1467 3273 1628 3353 eclipticas,
1654 3289 1821 3337 convertens

474 3381 540 3420 eum
564 3363 592 3417 in
616 3363 701 3435 signa
723 3367 752 3419 et
774 3362 900 3436 gradus3
933 3364 1038 3438 quibus
1061 3367 1090 3422 in
1113 3368 1243 3440 margine
1266 3365 1325 3424 tab.
1350 3382 1407 3425 asc.
1430 3370 1575 3422 rectarum
1599 3368 1753 3439 quaesitis,
1776 3386 1821 3425 ex·

473 3466 557 3525 cerpe
586 3448 676 3507 veluti
709 3447 932 3508 declinationem
962 3459 990 3510 et
1021 3452 1170 3527 angulum.
1215 3452 1292 3510 Huic
1324 3450 1431 3526 angulo
1463 3452 1491 3506 in
1525 3452 1617 3528 primo
1648 3452 1767 3527 quidem
1797 3465 1821 3511 et

472 3543 576 3611 quarto
599 3553 667 3594 arcu
691 3538 858 3610 aequaberis
881 3537 956 3597 adde
979 3537 1029 3599 alt.
1054 3541 1229 3615 sequuturis,
1254 3542 1282 3596 in
1305 3539 1434 3598 secundo
1458 3546 1487 3596 et
1503 3541 1588 3596 tertio
1612 3538 1723 3612 adime,
1748 3560 1821 3599 com·

471 3624 559 3700 positi
588 3622 636 3682 vel
660 3623 766 3681 residui
797 3624 855 3699 log.
880 3624 954 3684 adde
978 3626 1098 3701 antilog.
1129 3637 1281 3704 excerptae
1305 3626 1506 3685 declinationis
1536 3622 1583 3683 v'el
1613 3631 1720 3700 quasi,
1756 3646 1819 3686 con·

472 3711 584 3769 ficietur
605 3710 726 3785 antilog.
751 3710 850 3786 anguli
874 3714 1001 3771 orientis.

559 3814 709 3890 Exceptio.
752 3814 837 3873 Haec
865 3827 1021 3892 praecepta
1048 3836 1117 3876 suaa
1147 3821 1296 3894 patiuntur
1325 3818 1509 3892 exceptiones
1541 3818 1570 3872 in
1602 3834 1679 3876 zona
1714 3819 1818 3894 frigida.

475 3917 548 3976 quas
571 3901 729 3960 calculator
752 3905 882 3960 curiosus
907 3903 1039 3963 adbibita
1061 3906 1186 3980 sphaera
1208 3905 1294 3964 facilc
1318 3922 1370 3962 sue
1394 3904 1489 3962 Marte
1513 3902 1723 3978 deprehendet.

556 4005 653 4063 Prae
664 4024 688 4063 c.
714 4008 765 4066 ta.
804 4008 872 4065 Alia
887 4008 1008 4065 faciliori
1025 4011 1089 4066 via:
1114 4026 1166 4084 pro
1182 4011 1291 4084 puncto'
1306 4012 1471 4083 aequatoris
1486 4011 1597 4067 oriente
1610 4027 1695 4069 sume
1714 4012 1818 4069 coelum

472 4090 604 4151 medians
626 4110 679 4150 scu
702 4109 760 4150 asc.
786 4104 854 4152 rect.
878 4095 919 4152 M.
945 4095 976 4154 C.
1000 4097 1155 4154 subtractis
1180 4086 1236 4154 90⁰
1259 4097 1295 4154 ab
1320 4114 1378 4155 aaa.
1404 4097 1523 4171 obliqua
1547 4093 1616 4153 data
1649 4107 1679 4156 ct
1703 4102 1729 4157 ei
1753 4101 1819 4155 inter

474 4196 532 4237 asc.
562 4187 657 4237 rectas
686 4184 836 4253 quaesitae
864 4182 1038 4257 adscriptam
1071 4183 1294 4242 declinationem
1325 4184 1520 4258 angulumque
1552 4199 1693 4259 excerpc3
1726 4186 1818 4243 ablata

472 4283 541 4325 vcro
566 4264 758 4325 declinatione
781 4278 854 4342 scpt.
881 4270 917 4326 ab
941 4269 990 4327 alt.
1019 4269 1080 4346 poli
1110 4269 1158 4328 vcl
1181 4269 1280 4328 additu
1303 4270 1498 4342 meridionali,
1530 4268 1639 4327 residui
1674 4271 1722 4331 vei
1745 4290 1818 4329 corn·

475 4354 562 4428 positi
578 4352 752 4427 logarithmo
776 4354 850 4436 addc
874 4354 931 4431 log.
948 4357 1047 4431 anguli
1062 4360 1207 4435 exscripti,
1231 4357 1279 4416 fiet
1296 4357 1416 4433 antilog.
1433 4356 1531 4433 anguli
1549 4359 1671 4416 orientis
1689 4362 1815 4434 quaesiti.

559 4456 685 4515 Pracc.
711 4457 761 4515 43.
791 4459 869 4517 Dato
885 4459 993 4535 punctu
1008 4460 1160 4536 eclipticae
1177 4464 1295 4535 oriente,
1320 4479 1371 4539 per
1386 4463 1449 4537 ejus
1466 4478 1529 4519 cum
1545 4461 1701 4521 horizonte
1717 4466 1818 4521 consti-

471 4549 565 4599 tutum
588 4543 725 4618 angulum
750 4545 887 4621 indagare
910 4550 1108 4606 ascensionem
1133 4548 1290 4623 obliquam.
1336 4550 1463 4621 Puncto,
1487 4547 1564 4623 qued
1583 4558 1627 4606 est
1652 4551 1692 4607 ab
1717 4554 1817 4608 oriente

470 4632 689 4703 nonagesimum
714 4649 765 4689 scu
789 4633 948 4708 quadrante
972 4635 1069 4694 circuli
1094 4635 1213 4708 distans,
1238 4639 1357 4696 abutere
1381 4645 1518 4710 tanquam
1541 4645 1652 4709 puncto
1678 4650 1817 4712 aequato·

470 4719 518 4788 ris,
543 4720 691 4775 conversis
714 4721 805 4793 signis
828 4723 855 4777 in
879 4725 1126 4797 temporalisque
1149 4727 1289 4799 quaesitis
1312 4727 1384 4783 inter
1407 4740 1465 4781 asc.
1489 4732 1584 4781 rectas
1608 4723 1747 4795 tabulae,
1771 4743 1817 4781 ex·

471 4804 565 4862 scribe
590 4803 813 4865 declinationem
842 4816 871 4866 at
893 4827 990 4868 arcum
1014 4809 1165 4885 eclipticas
1194 4829 1229 4870 ex
1251 4811 1347 4869 limbis
1378 4819 1406 4869 ct
1429 4812 1557 4884 margine
1581 4812 1816 4886 respondentem:

471 4890 576 4964 quodsi
599 4894 834 4966 septentrionalis
857 4896 941 4954 luerit
964 4896 1130 4969 declinatio,
1155 4899 1234 4957 auser
1257 4916 1321 4956 cum
1343 4898 1380 4955 ab
1404 4899 1511 4972 angulo
1529 4899 1661 4968 orientis,
1687 4902 1713 4956 si
1736 4900 1816 4956 meri-

472 4977 568 5050 diana,
594 4977 687 5052 adde;
719 4998 736 5038 a
761 4982 866 5039 residui
891 4984 937 5042 vel
961 4987 1114 5061 compositi
1137 5002 1219 5043 arcus
1243 4984 1415 5060 legarithmo
1448 4984 1527 5061 auter
1550 4983 1608 5058 leg.
1633 4983 1686 5042 alt.
1712 5004 1817 5060 aequa·

470 5066 554 5136 toris3
577 5067 697 5124 restabit
721 5067 778 5141 leg.
801 5086 884 5128 arcus
908 5074 1090 5146 aequaturis,
1124 5074 1208 5130 ortivi
1232 5073 1364 5147 quidem,
1387 5075 1411 5130 si
1434 5089 1538 5144 nonag.
1564 5081 1608 5130 cst
1633 5075 1663 5127 in
1690 5071 1818 5131 orientali

471 5150 641 5226 quadrante,
674 5153 786 5215 occidui
815 5175 901 5227 vero,
929 5160 955 5217 ai
985 5161 1013 5216 iu
1043 5159 1226 5220 occidentali.
1272 5160 1325 5220 llle
1352 5163 1440 5236 igitur
1470 5160 1598 5232 ortivus,
1632 5159 1753 5219 additus
1784 5158 1817 5218 ad
