4459 6275
759 774 843 835 Liber
860 776 1011 836 Secundus.
1048 778 1090 835 De
1108 777 1234 849 Sphasrs
1250 782 1280 833 et
1297 775 1404 835 circulis
1422 778 1493 849 ejus.
1741 786 1804 848 199

534 957 618 1038 (inid
637 960 763 1019 metitus·
785 958 938 1034 copulam
959 958 1167 1035 sphaericum,
1191 964 1228 1017 ut
1249 959 1275 1015 is
1297 974 1367 1017 mam
1381 958 1476 1017 lutere
1493 963 1589 1035 possit
1605 962 1807 1036 comparari?

441 1046 638 1126 Sphaericum
660 1043 801 1122 angulum
824 1047 942 1105 metitur
965 1046 1089 1107 circulus
1111 1045 1213 1106 itidem
1236 1045 1381 1105 maximus
1411 1043 1478 1122 (aut
1508 1049 1597 1108 etiarn
1621 1050 1714 1108 minor
1736 1051 1805 1126 qui·

441 1130 576 1216 cunque)
608 1152 643 1193 cx
667 1132 777 1209 angulo
801 1149 855 1192 ceu
886 1132 955 1211 polo
979 1133 1153 1210 descriptus.
1199 1133 1236 1191 Et
1255 1140 1366 1191 rectum
1389 1132 1508 1209 quidem
1531 1132 1671 1211 angulum
1694 1136 1806 1213 sphae-

443 1224 538 1282 ricum
561 1239 621 1282 non
644 1223 739 1280 minus
768 1238 857 1297 quam
887 1220 1069 1282 rectilineum
1092 1227 1210 1281 metitur
1233 1218 1380 1297 quadrans
1404 1219 1515 1283 circuli.
1560 1222 1665 1298 ltaque
1687 1226 1711 1283 si
1735 1225 1806 1284 hina

439 1308 544 1387 anguli
576 1326 660 1370 crura
682 1306 861 1385 quadrantes
890 1307 1011 1381 luerint,
1041 1307 1121 1369 latus
1153 1306 1261 1383 angulo
1284 1308 1456 1368 subtensum
1479 1317 1524 1369 est
1547 1311 1643 1386 ipsum
1666 1328 1806 1373 mensura

441 1396 523 1457 iliius
546 1396 665 1475 anguli3
688 1398 733 1457 sin
756 1395 815 1455 duo
837 1395 978 1473 trianguli
1000 1394 1093 1456 latera
1115 1411 1174 1455 uon
1197 1394 1305 1454 tuerint
1328 1395 1506 1471 quadrantes
1528 1414 1648 1457 suorum
1677 1399 1804 1459 circulo-

439 1502 514 1559 rum,
538 1487 656 1544 omuiuo
679 1501 731 1544 sex
754 1481 869 1542 circulis
891 1484 1026 1543 maximis
1053 1482 1091 1543 sd
1115 1481 1146 1542 id
1169 1499 1243 1561 opus
1266 1482 1337 1558 erit,
1361 1483 1454 1544 tribus
1478 1482 1613 1561 quidem,
1638 1488 1688 1563 qui
1711 1485 1805 1547 latera

443 1571 597 1648 praebent,
621 1572 713 1631 trihus
736 1568 812 1644 aliis,
836 1572 887 1647 qui
910 1587 1062 1631 mensuras
1084 1568 1276 1651 angulorum,

529 1657 580 1720 Sic
603 1660 692 1736 igitur
706 1658 831 1733 ungulos
858 1658 1085 1735 comprehensor
1108 1660 1182 1717 inter
1197 1657 1330 1731 circulos,
1355 1660 1406 1734 qui
1421 1676 1475 1736 per
1489 1661 1628 1720 verticem
1644 1669 1803 1739 transeunt,

442 1748 563 1807 metitur
584 1746 720 1820 horinon,
744 1744 868 1821 angulos
891 1763 1001 1820 eorum,
1026 1748 1076 1822 qni
1099 1762 1151 1824 per
1172 1745 1257 1824 polos
1279 1746 1390 1820 mundi,
1414 1756 1557 1823 aequatos
1578 1757 1630 1809 sut
1644 1749 1804 1828 parallelo·

441 1851 507 1893 rum
529 1851 614 1908 unus,
639 1832 763 1910 angulos
788 1850 898 1908 eorum,
921 1837 972 1911 qui
996 1851 1047 1912 per
1070 1832 1155 1910 polos
1180 1831 1343 1912 eclipticas,
1365 1834 1431 1912 ipsa
1447 1834 1594 1915 ecliptica.

515 1933 556 1989 Sit
579 1932 745 2002 tmangulum
764 1932 841 1999 ctu,
860 1933 939 2002 cujus
956 1934 1046 1988 omnia
1064 1932 1118 1987 tria
1134 1931 1221 1987 latera
1240 1946 1305 2000 qus-

439 2012 537 2068 drsnte
555 2012 671 2081 minors;
698 2012 722 2067 si
740 2025 805 2079 ergo
824 2010 879 2065 sint
897 2012 957 2080 GE,
982 2012 1028 2067 ci)
1047 2010 1225 2081 quadrantes,
1248 2010 1299 2064 El)

438 2090 490 2145 erit
506 2105 634 2145 mensura
651 2089 744 2157 anguli
761 2089 839 2156 ΑΕΒ,
859 2089 924 2159 quia
943 2087 1061 2144 circulus
1075 2090 1126 2143 ΕΙ)
1146 2091 1215 2145 exc
1233 2091 1298 2161 polo

436 2167 592 2238 descriptus
611 2174 661 2222 est.
698 2167 740 2221 ltn
758 2168 782 2223 si
799 2168 860 2237 BF,
879 2168 929 2222 BH
947 2165 1127 2237 quadrantes,
1151 2169 1202 2223 ΕΗ
1218 2185 1297 2225 arcus

437 2248 489 2303 erit
507 2247 601 2318 anguli
618 2247 688 2302 Aac
706 2262 841 2302 mensura.
877 2246 920 2300 lta
938 2246 961 2300 si
980 2244 1028 2313 ΑΙ,
1051 2244 1101 2298 AG
1120 2244 1295 2313 quadrantes,

438 2326 476 2383 Gl
494 2326 623 2381 metietur
640 2324 769 2395 angulum
789 2325 866 2379 CAB.

528 2416 614 2495 Quae
645 2423 686 2475 cot
717 2432 840 2475 sumnm
869 2414 1024 2475 doctrinae
1065 2415 1295 2491 triangulorum

435 2502 692 2581 sphaericorum?
713 2501 744 2562 Si
756 2503 862 2563 luerint
874 2520 910 2563 ex
926 2518 977 2561 sex
994 2499 1081 2561 rebus
1093 2501 1295 2578 cujuscunque
1320 2518 1340 2559 r

436 2590 576 2667 trianguli
597 2593 654 2650 tria
675 2598 754 2663 nota,
779 2608 815 2651 ex
837 2591 873 2648 iis
896 2589 1074 2664 investigare
1096 2587 1294 2666 quodcunque

437 2680 590 2739 extribus
612 2676 731 2753 reliquis
761 2677 903 2737 beneficio
926 2682 1068 2736 rectarum
1092 2675 1201 2735 circuli.
1247 2677 1292 2736 lie

436 2766 492 2826 hac
515 2764 647 2826 doctrina
669 2771 785 2825 exstant
806 2765 968 2842 peculiares
990 2760 1067 2821 libri.

524 2852 653 2913 Rcccusc
674 2859 772 2911 rectos
794 2854 940 2928 majusque
954 2867 1054 2924 orcua,
1077 2852 1166 2910 utiles
1181 2851 1223 2911 ud
1242 2870 1292 2913 so-

435 2940 584 3001 lationem
599 2940 829 3016 triangulorum
843 2939 1079 3016 sphaericorum.
1127 2938 1174 2998 hb
1194 2942 1427 3019 uniuscujusque
1450 2964 1535 3007 arcus
1559 2947 1721 3025 quadrante
1743 2954 1804 3013 mi·

436 3029 517 3087 noris
539 3030 662 3089 termino
685 3043 743 3086 uno
768 3024 912 3086 ducuntur
935 3025 1027 3099 duae,
1058 3025 1151 3085 altera
1173 3028 1203 3084 iu
1228 3036 1373 3104 centrum,
1405 3050 1481 3109 quae
1505 3035 1611 3096 dicitur
1632 3038 1732 3101 radius
1753 3043 1804 3105 sel

436 3116 519 3176 sinus
541 3122 637 3189 totus,
667 3113 758 3176 altera
780 3122 918 3191 tangens,
948 3115 977 3172 in
1000 3112 1119 3190 plagam
1134 3130 1237 3191 arcus,
1265 3117 1303 3177 ab
1326 3118 1419 3180 attero
1442 3140 1527 3184 arcus
1550 3128 1674 3188 termino
1702 3128 1802 3192 itidem

436 3203 529 3278 duae,
563 3203 656 3263 altera
682 3202 929 3281 perpendicularis
953 3204 981 3260 in
1005 3201 1135 3276 radium,
1168 3220 1221 3263 seu
1245 3206 1388 3281 parallela
1412 3214 1574 3287 tangentis,
1598 3232 1675 3290 quae
1697 3216 1802 3278 dicitur

435 3293 527 3368 sinus,
552 3288 714 3367 dividitque
737 3289 852 3350 radium
867 3292 896 3348 in
918 3289 1014 3349 sinum
1030 3290 1234 3368 complementi
1259 3301 1289 3352 et
1311 3295 1450 3370 sagittam
1470 3317 1522 3359 seu
1545 3302 1642 3362 sinum
1665 3323 1799 3380 reram

435 3378 530 3439 altera
552 3379 708 3438 introrsum
732 3376 851 3454 quidem
874 3394 967 3453 usque
990 3377 1028 3436 ad
1052 3385 1192 3452 centrum,
1217 3389 1379 3441 extrorsum
1402 3403 1472 3445 vero
1497 3404 1590 3466 usque
1613 3389 1651 3450 ad
1673 3399 1795 3472 tangen-

436 3474 504 3540 tem,
528 3467 686 3526 terminans
700 3483 766 3526 eam
789 3467 978 3542 vicissimque
1002 3467 1158 3525 terminata
1179 3466 1218 3525 ab
1240 3467 1302 3541 iila,
1325 3486 1401 3546 quac
1425 3472 1531 3534 dicitur
1553 3493 1666 3554 secatum
1689 3483 1732 3540 sic
1748 3499 1797 3544 ree

434 3557 586 3614 certiores.
620 3554 846 3614 Antecessorum
865 3551 915 3613 alii
938 3553 1051 3628 graecis
1075 3558 1196 3611 utuntur
1211 3555 1470 3633 appellationibus,
1493 3580 1547 3640 pro
1562 3565 1644 3627 radio
1658 3567 1793 3628 snitu-

434 3649 560 3703 metrum
583 3639 631 3702 rel
652 3642 747 3713 basin,
771 3658 823 3717 pro
847 3646 986 3717 tangente
1008 3639 1158 3700 cathetum
1181 3641 1287 3708 (latino
1310 3647 1577 3731 perpendiculum),
1605 3671 1658 3733 pro
1677 3669 1791 3716 seu

434 3729 652 3807 hypotenusam
667 3727 858 3811 (subtensam,
881 3736 954 3805 puta
967 3725 1076 3804 angulo
1092 3726 1183 3806 recto)
1207 3727 1352 3806 dicentem
1375 3734 1426 3793 alii
1442 3735 1480 3795 ad
1501 3755 1585 3799 usum
1598 3745 1786 3820 respic-s

435 3824 592 3894 tangentes
615 3833 668 3876 seu
690 3818 790 3893 potius
812 3832 912 3876 earum
935 3832 1071 3874 numeros
1094 3813 1246 3893 appellant
1268 3817 1439 3880 foecundos.

504 3917 593 3971 Arcus
611 3915 663 3983 BC,
682 3917 854 3978 Aoentrum,
872 3915 919 3969 BA
932 3914 1031 3972 rudius.
1050 3915 1126 3968 sinus
1145 3920 1227 3970 totus.
1247 3930 1289 3969 se·
1497 3929 1546 3980 teg.
1560 3930 1592 3973 st.

433 3994 604 4051 midicmeter
615 3993 753 4064 selbasis3
772 3995 820 4048 Bu
839 4000 963 4062 tangens,
982 3991 1106 4047 cathetus
1121 3991 1163 4046 vel
1179 3990 1290 4046 foecun-

432 4071 475 4142 de,
495 4072 544 4128 GE
559 4069 644 4141 sinus,
662 4073 713 4127 EA
726 4071 801 4127 sinus
819 4070 1020 4142 complementi,
1039 4070 1085 4124 Es
1100 4070 1176 4126 ainus
1196 4087 1289 4127 versus
1349 4042 1624 4292 'N
1693 4027 1741 4104 f

431 4151 475 4210 rel
494 4151 604 4221 sagitta,
624 4151 675 4206 AD
693 4166 792 4207 secans
808 4151 852 4207 rel
870 4150 1050 4219 hypotenusa.

524 4251 607 4329 Quid
636 4251 771 4326 amplius
798 4251 1024 4311 obserandum
1053 4250 1291 4312 decoctionibus
1369 4237 1373 4318 f

432 4345 514 4401 inter
535 4357 565 4399 se
586 4340 818 4401 maximorum?
845 4340 918 4400 Cum
943 4357 1018 4399 unus
1041 4342 1147 4399 transit
1168 4357 1220 4416 pcr
1242 4337 1289 4397 al·
1368 4335 1372 4426 Ι

433 4429 526 4490 torius
548 4425 644 4504 polos,
668 4427 798 4486 vicissim
822 4429 910 4487 etiam
934 4428 1008 4488 alter
1029 4445 1080 4507 pcr
1102 4428 1188 4505 primi
1203 4424 1289 4502 polos
1367 4441 1371 4458 ·

432 4517 555 4589 transit,
587 4522 617 4574 ct
644 4530 697 4589 per
725 4531 923 4591 consequens,
949 4533 1014 4575 curn
1038 4531 1114 4574 unus
1137 4531 1190 4590 per
1212 4513 1288 4573 duo·

431 4622 497 4664 rum
520 4600 607 4681 polos
630 4602 751 4676 transit,
782 4602 906 4662 habehit
934 4601 1019 4681 polos
1041 4620 1112 4662 suos
1135 4605 1165 4660 in
1188 4617 1288 4661 eorum

433 4690 639 4753 communibus
673 4691 871 4764 sectionibus;
907 4699 936 4749 et
963 4707 1049 4749 orcus
1082 4689 1163 4766 ejus,
1197 4689 1287 4749 inter·

432 4785 537 4857 ceptus
561 4779 636 4837 inter
658 4777 753 4855 polos,
776 4776 912 4855 aequalis
932 4785 976 4837 est
999 4778 1079 4837 arcui
1095 4777 1170 4835 inter
1193 4777 1286 4838 circu·
1343 4765 1721 4838 ιμ’-ΤΞ

435 4865 483 4926 los
506 4881 616 4926 eornm.

504 4963 548 5020 lta
565 4963 594 5018 in
613 4962 752 5019 schemate
774 4963 815 5020 28.
836 4961 893 5032 poli
911 4963 1068 5029 aequatoris
1088 4962 1118 5025 B,
1138 4961 1158 5016 O
1179 4961 1208 5018 in
1223 4963 1364 5020 nid-
1381 4969 1458 5012 ar-
1479 4969 1527 5006 ιε
1550 4965 1639 5004 ms
1669 4963 1690 4996 ε
1711 4949 1764 5044 :j

432 5045 583 5102 horizontis
603 5045 634 5108 F,
652 5044 684 5113 G,
710 5043 737 5098 id
757 5051 799 5099 est
815 5044 907 5100 zenith
926 5053 954 5098 ot
975 5043 1066 5108 uadir,
1091 5059 1155 5112 ergo
1178 5047 1256 5102 etin
1273 5043 1329 5116 put
1348 5035 1491 5096 necin
1506 5033 1541 5086 1
1562 5030 1587 5084 5
1623 5043 1655 5078 f·-
1674 5029 1757 5116 ³⁷²*

432 5123 478 5178 illc
496 5122 582 5179 veluti
601 5121 754 5191 descriptus
772 5123 945 5194 intelligitur)
971 5131 1035 5178 sunt
1058 5123 1085 5176 in
1104 5123 1260 5182 secuunt-
1277 5117 1433 5190 np-n'!
1450 5129 1478 5168 ε
1496 5113 1640 5170 '1⁴:2³⁵
1658 5099 1750 5198 ἴῃ,

433 5201 525 5270 Quare
546 5199 687 5256 meridiani
713 5217 793 5257 arcus
811 5203 863 5257 Dii
881 5202 991 5258 metitur
1015 5201 1143 5272 angulum
1164 5203 1252 5262 m.
1271 5217 1347 5276 μ
1367 5199 1441 5252 'n
1460 5197 1536 5250 'ac-3
1554 5205 1571 5238 -·
1591 5177 1644 5222 ³³

434 5286 504 5336 tore.
541 5278 587 5336 Sic
603 5279 653 5335 Li)
673 5285 702 5336 ct
719 5279 766 5336 ΒΟ
784 5287 849 5337 sunt
866 5278 1003 5351 aequales.
1047 5277 1157 5352 Reliqua
1168 5281 1329 5342 ἰώ
1342 5275 1428 5350 mi
1446 5273 1595 5348 gemeret*
