4459 6275
870 762 1007 819 Praefatio
1025 766 1055 818 et
1070 762 1224 835 Epistolaa.
1659 772 1723 835 689

358 933 451 1001 ιοιιι,
480 942 511 991 ιιι
528 950 613 1007 supra
629 934 735 1001 monui,
760 952 841 1009 quan
859 938 998 995 celerrime
1017 937 1176 1009 significato.
1212 939 1300 1008 Apum
1318 938 1389 995 euim
1415 944 1481 997 tuno
1498 940 1592 997 statim
1608 956 1670 998 cum
1687 942 1721 1001 D.

362 1012 485 1069 Consule
505 1013 607 1070 Craiuo
627 1013 687 1085 (ubi
705 1014 775 1071 enim
793 1014 960 1086 aliquamdiu
979 1034 1041 1072 cum
1059 1013 1163 1077 οἱκειοις
1189 1010 1331 1071 ¹nobiscum
1348 1015 1438 1071 vivere
1457 1016 1614 1089 destinaris,
1641 1020 1723 1090 mapi-

359 1096 470 1147 stratus
489 1092 668 1164 appellandas
687 1101 837 1164 occurret),
866 1111 926 1152 cum
943 1093 1051 1151 Merkio
1070 1099 1117 1148 aut
1136 1109 1196 1147 cum
1215 1093 1323 1148 domino
1345 1092 1452 1150 aedium
1476 1096 1548 1167 typis
1566 1098 1723 1156 vicinarum.

302 1228 309 1242 ι
467 1170 519 1227 Βιι
531 1170 571 1228 13.
580 1172 698 1243 Augusti
710 1172 791 1228 1525:
806 1174 888 1228 Binas
898 1181 960 1228 tuas
970 1172 1071 1241 accepi,
1082 1170 1183 1227 alteras
1193 1187 1227 1225 ex
1238 1171 1304 1227 urbe
1317 1173 1427 1243 Norica,
1442 1172 1541 1230 alteras
1552 1191 1569 1230 a
1580 1176 1724 1231 tabellario

359 1255 490 1304 vestrate.
527 1251 654 1306 Noricam
673 1250 807 1307 actionem
820 1268 873 1306 uon
888 1252 1053 1307 successisse
1071 1250 1120 1304 tihi
1139 1250 1227 1320 doleo,
1246 1251 1293 1306 sed
1308 1251 1365 1305 dies
1384 1251 1499 1307 forsitan
1512 1254 1623 1309 meliora
1642 1254 1724 1310 dabit.

361 1326 535 1384 Sarcinulam
558 1336 632 1384 tuam
651 1331 783 1385 maturrius
802 1332 910 1399 quidem
934 1330 1128 1400 asportandam
1154 1344 1306 1398 curassem,
1333 1329 1385 1383 nisi
1407 1329 1536 1387 ferrarius
1555 1333 1632 1387 saber
1649 1347 1726 1402 spem

357 1402 474 1462 iecisset
492 1406 660 1477 adjungendi
677 1411 777 1478 operis,
795 1411 867 1480 qaod
886 1417 986 1476 minen,
1005 1416 1035 1463 nt
1053 1407 1134 1463 modo
1152 1407 1225 1462 tilius
1243 1408 1335 1478 refert,
1354 1414 1417 1462 ante
1434 1409 1574 1466 octiduum
1592 1427 1646 1467 non
1664 1427 1725 1481 per·

357 1484 478 1542 ficietur.
514 1487 566 1541 llio
589 1503 654 1558 erpo
672 1495 763 1543 cetera
788 1496 836 1544 tna
854 1490 972 1558 accipies
996 1495 1025 1543 et
1042 1490 1115 1543 inter
1132 1502 1165 1542 ea
1189 1503 1250 1542 cum
1268 1487 1374 1544 thecam
1394 1488 1537 1557 canariam,
1556 1496 1614 1543 tum
1632 1489 1725 1545 literas

357 1570 388 1617 et
416 1565 557 1635 exemplar
577 1566 640 1622 libri
662 1567 819 1624 hat-italici
844 1583 861 1623 a
884 1568 1050 1638 Tampaehio
1075 1566 1324 1638 (hyperaspisten).
1379 1566 1408 1622 Si
1431 1568 1497 1636 quid
1519 1567 1724 1650 desideraveris,

360 1643 438 1711 qnod
461 1660 513 1699 nce
531 1660 628 1716 spero,
653 1662 814 1716 nouenos,
839 1655 888 1701 tna
905 1653 1048 1703 curaturos
1072 1662 1128 1715 qua
1144 1661 1195 1715 par
1213 1652 1256 1701 est
1274 1646 1337 1703 fide.
1357 1688 1364 1701 .
1386 1690 1393 1700 .
1413 1686 1421 1702 .
1448 1646 1515 1702 Vale
1540 1663 1638 1716 meque
1655 1663 1725 1715 ιιιο,

359 1721 410 1791 qui
428 1726 510 1793 cupio
529 1731 558 1779 et
575 1733 639 1795 opto
657 1735 817 1797 perpetuam
835 1725 922 1780 nostri
934 1726 1161 1795 conjunctionem,
1180 1725 1260 1780 modo
1278 1726 1419 1781 commodo
1439 1724 1509 1781 istuc
1521 1733 1569 1783 tuo
1587 1726 1676 1781 fieret.
1691 1757 1723 1765 -

355 1801 413 1857 Die
432 1803 477 1859 17.
495 1802 633 1860 Octobris:
660 1804 820 1861 Chattorum
838 1803 926 1858 fasces
945 1803 1050 1873 aliquot
1067 1804 1241 1871 advolarunt;
1268 1804 1313 1859 ubi
1338 1804 1446 1860 debitus
1465 1820 1593 1860 numerus
1612 1804 1724 1874 venerit,

358 1882 436 1953 quod
452 1882 561 1952 jussisti
580 1882 732 1954 expediam,
751 1899 802 1938 uec
820 1882 878 1937 siue
897 1882 1068 1953 typographo
1087 1890 1201 1953 nostro‚.
1215 1883 1262 1953 qui
1280 1899 1324 1939 rue
1341 1883 1370 1937 iu
1387 1882 1468 1937 rebus
1487 1880 1643 1952 hujusmodi
1661 1882 1725 1937 doc·

354 1962 421 2018 tior.
458 1964 501 2017 De
514 1963 609 2018 Tacito
629 1962 775 2029 (nunciavit
788 1963 1005 2018 Hebenstreitius
1019 1962 1147 2032 Keplcro,
1167 1962 1305 2031 accepisse
1324 1977 1354 2017 se
1375 1961 1424 2026 ,ts
1442 1960 1569 2016 Tacitos‘
1586 1960 1635 2016 tilii
1648 1962 1733 2033 Kep-.

354 2042 410 2098 leri
428 2049 457 2097 et
475 2041 582 2096 dedisse
606 2041 777 2111 bibliopegae
796 2058 846 2097 suo
866 2042 882 2097 6
901 2041 1077 2110 exemplaria)
1100 2042 1124 2095 si
1144 2040 1208 2109 qnid
1232 2038 1383 2108 mandaris,
1409 2038 1557 2095 adscribito
1575 2040 1656 2097 modo
1675 2056 1723 2096 no·

355 2122 441 2189 mina,
461 2137 530 2191 quos
541 2120 708 2190 campiduni,
727 2121 908 2189 Memminpae
926 2119 1024 2175 alibive
1037 2120 1103 2174 velis
1116 2121 1282 2176 honoratos:
1300 2121 1405 2174 mittam
1419 2127 1485 2174 tum.
1505 2159 1513 2173 .
1531 2161 1538 2176 .
1559 2158 1567 2174 .
1585 2119 1639 2174 Sed
1658 2117 1724 2189 qnid
1838 2143 1842 2153 ¹

357 2198 395 2253 de
414 2198 487 2269 vino,
506 2201 580 2269 quod
599 2200 673 2269 apud
692 2215 742 2254 nos
761 2201 901 2254 coemisti?
924 2230 948 2239 -
978 2201 1020 2254 De
1038 2216 1141 2269 papyro
1160 2199 1229 2255 haec
1246 2198 1358 2267 insuper
1376 2197 1470 2254 scribit
1488 2198 1721 2255 Hebenst-reitius:

356 2278 471 2333 Interea
489 2280 569 2334 etiam
587 2278 693 2347 papyrii
710 2279 799 2333 iasces
818 2277 852 2331 ad
871 2291 922 2331 nos
940 2276 1088 2345 devenere,
1115 2277 1228 2331 chartae
1246 2292 1307 2331 cum
1325 2276 1443 2345 purioris
1460 2284 1519 2331 tum
1536 2278 1571 2333 da
1589 2293 1680 2334 massa
1696 2280 1725 2337 P

358 2356 407 2423 (ut
431 2357 541 2427 rocas),
564 2359 706 2427 utriusque
732 2359 837 2426 penoris
855 2359 933 2427 polae
956 2357 1046 2425 (vulgo
1069 2354 1168 2416 hallae)
1195 2354 1283 2409 binae.
1320 2354 1410 2411 Cados
1427 2356 1455 2410 iu
1475 2355 1634 2427 libripendis
1659 2375 1724 2429 apo·

354 2434 442 2490 theca
464 2437 634 2504 aperuimus;
660 2437 767 2506 singula
792 2452 848 2491 noa
871 2435 1008 2490 incurioso
1033 2433 1112 2489 oculo
1129 2432 1313 2500 inspeximus,
1337 2432 1396 2488 scil.
1415 2433 1488 2501 quod
1510 2450 1571 2490 mes
1593 2436 1724 2497 timiditas

355 2512 465 2579 ιμμαιιι
482 2536 584 2583 sapsas
604 2516 655 2571 sibi
674 2517 770 2572 deesse
788 2518 929 2583 sensisset,
948 2516 1029 2570 etiam
1047 2511 1250 2582 typographum
1263 2517 1386 2567 nochum
1403 2512 1470 2566 mihi
1487 2512 1608 2585 amausi,
1626 2518 1724 2574 scitum

306 2608 309 2612 ·
355 2608 385 2649 n.
403 2594 547 2664 ἐξιπαοιηι.
583 2594 719 2650 Laudavit
736 2594 759 2648 is
773 2611 838 2657 sane
851 2601 994 2661 utramque
1012 2593 1134 2657 sormam,
1152 2589 1313 2661 praesertim
1330 2590 1443 2647 alteram
1463 2591 1549 2661 deP,
1569 2608 1724 2664 quanquam

353 2686 409 2725 nee
427 2670 456 2725 in
474 2671 561 2727 altera
581 2666 746 2738 desiderauit
764 2673 918 2741 quicquam,
937 2682 1046 2742 praeter
1064 2672 1228 2727 laevitatem.
1265 2668 1344 2738 Quod
1369 2671 1462 2739 itaque
1484 2686 1608 2727 nummos
1627 2675 1725 2731 attinet

357 2750 436 2819 apud
454 2750 662 2806 Burckhardum
682 2751 833 2820 depositos,
857 2750 962 2805 etiamsi
981 2751 1104 2821 adesset,
1132 2750 1179 2820 qui
1197 2749 1356 2818 chartopoei
1379 2749 1488 2804 nomine
1511 2751 1652 2819 pecaniam
1672 2756 1724 2812 sihi

357 2830 537 2884 annumerari
554 2828 699 2900 flagitaret,
722 2835 811 2884 ιιιιιοιι
831 2845 887 2883 reni
906 2828 1012 2898 distuli,
1032 2831 1119 2885 donec
1136 2828 1253 2884 formula
1271 2834 1319 2883 tus
1336 2843 1417 2882 mauu
1436 2828 1453 2881 t
1471 2827 1579 2897 angulis
1597 2830 1725 2901 insignita

356 2912 386 2962 et
405 2906 520 2964 delinita
539 2914 577 2978 et,
603 2906 676 2977 quod
695 2907 850 2976 glabriciem
870 2908 981 2978 attinet,
1006 2907 1092 2964 solida
1112 2908 1255 2964 offcrretur
1277 2906 1410 2977 apologia
1445 2906 1597 2977 Utrumque
1619 2909 1723 2967 iactam

356 2993 417 3051 est,
444 2992 476 3040 ut
494 2986 583 3042 disces
601 3002 636 3041 ex
654 2984 770 3055 epistola
789 2985 898 3042 inserta.
935 2988 1031 3057 Neque
1049 2994 1140 3044 tamen
1163 2989 1203 3044 sic
1219 3004 1281 3056 περι
1298 3004 1401 3041 παντων
1418 2984 1626 3054 Memminpensi
1645 2991 1724 3046 satis·

355 3064 424 3133 ieci,
444 3065 518 3133 qaod
536 3071 594 3119 tam
613 3064 721 3118 demum
738 3062 798 3133 fiet,
817 3064 864 3119 ubi
881 3073 944 3134 post
962 3067 1088 3136 inspecta
1106 3072 1230 3135 διιγμοια
1248 3067 1392 3140 utriusque
1409 3065 1515 3135 iactus,
1541 3074 1571 3120 tu
1590 3083 1633 3125 me
1650 3068 1723 3138 qaod

323 3193 328 3204 .
355 3160 478 3214 aequum
496 3144 579 3200 inerit
595 3144 686 3199 iacere
699 3143 825 3211 jusseris.
845 3173 875 3183 -
1552 3177 1575 3207 ,

447 3236 483 3295 In
507 3235 651 3296 tabulario
675 3234 807 3294 ordinum
833 3237 969 3296 Austriae
991 3239 1151 3314 superioris
1179 3237 1297 3318 (hiacii)
1325 3236 1490 3316 complures
1513 3249 1724 3300 conservantur

353 3324 482 3402 Kopleri
513 3323 656 3400 epistolae
680 3321 717 3382 ad
743 3321 908 3398 „Ordines“
933 3341 1092 3402 eorumque
1115 3329 1336 3404 responsiones,
1367 3328 1497 3385 maxima
1520 3342 1556 3385 ex
1578 3334 1661 3402 parta
1683 3327 1723 3388 ad

354 3431 418 3475 rem
444 3413 644 3489 pecuniariam
668 3412 860 3489 pertinentes,
885 3413 991 3488 partim
1014 3415 1103 3473 etiam
1127 3431 1218 3491 opera
1239 3414 1359 3491 Kepleri
1388 3420 1564 3490 spectantes.
1609 3415 1653 3474 Ex
1676 3415 1722 3476 his

358 3515 492 3578 sequens
514 3498 637 3575 Keplerl
662 3497 803 3574 epistola,
830 3500 858 3557 in
882 3515 942 3575 qua
965 3516 1055 3577 opera
1077 3503 1275 3561 astronomica
1297 3511 1326 3561 et
1349 3501 1562 3578 geographica,
1585 3503 1723 3564 mandata

354 3590 415 3666 ipsi
440 3587 480 3646 ab
501 3586 660 3660 ordinibus,
684 3587 779 3662 tangit
801 3593 831 3645 et
852 3586 969 3647 labores
992 3590 1022 3645 in
1037 3587 1170 3649 Tabulas
1185 3586 1392 3667 Radolphinas
1413 3597 1582 3649 consumtos
1606 3598 1635 3649 et
1650 3607 1722 3651 coo·

354 3673 522 3738 sumendos
545 3681 686 3748 recenset,
707 3673 820 3749 justum
843 3691 928 3733 saum
951 3675 1049 3736 locum
1071 3676 1120 3736 hic
1141 3676 1272 3737 habehit.

517 3795 720 3870 Ehneatrdipe
748 3794 948 3872 Wolpebomc
978 3796 1115 3872 Horren,
1152 3793 1332 3875 Geatrcope,
1367 3795 1456 3871 sule,
1492 3793 1630 3874 Goddipc
1659 3799 1724 3858 vad

612 3883 796 3960 pcpicttcadc
819 3883 949 3948 Horren.

450 3979 483 4039 E.
515 3978 570 4038 Ga.
604 3981 708 4039 missen
739 3979 801 4039 sich
829 3979 974 4040 Zweivels
1006 3979 1065 4040 ohn
1095 3979 1173 4041 noch
1202 3980 1260 4040 mol
1290 3995 1326 4039 su
1358 3981 1508 4054 erinnern,
1541 3997 1721 4042 wasmasaon

352 4066 519 4129 denselben
542 4066 594 4126 Ich
617 4068 675 4144 bey
696 4066 846 4138 neullcher
869 4067 919 4130 der
943 4066 1028 4127 Liibl.
1051 4066 1162 4128 Stiinde
1185 4065 1458 4128 Zusammeukuniit
1481 4067 1586 4132 etliche
1609 4068 1718 4130 breme

351 4156 474 4236 plarieu
503 4156 615 4214 melnes
638 4152 791 4229 Τιιοιοιι,
822 4174 855 4215 ιο
879 4155 932 4215 Ich
964 4157 994 4213 in
1018 4154 1189 4215 verschiaeu
1212 4153 1288 4215 Jahr
1313 4172 1369 4214 voa
1394 4154 1444 4216 dcr
1467 4153 1549 4215 Oest.
1573 4154 1723 4217 handeloh

350 4241 418 4302 vnd
442 4242 583 4302 Monesen
615 4242 643 4298 in
667 4240 787 4301 Druclrh
812 4243 979 4320 sertertiget
1001 4248 1061 4317 (etr.
1080 4251 1129 4298 vol.
1149 4251 1180 4299 v.
1199 4263 1225 4312 p.
1244 4251 1295 4299 497
1316 4244 1375 4316 ιι),
1408 4241 1623 4320 gohorsamlich
1652 4246 1721 4322 prii-

350 4331 470 4403 sentirt,
496 4329 584 4389 deren
608 4327 840 4408 anderthiiuigea
855 4329 1016 4407 Holinuog,
1040 4347 1071 4389 es
1095 4327 1213 4388 worden
1238 4328 1284 4388 die
1308 4327 1393 4388 hobi.
1410 4328 1520 4390 Stinde
1544 4331 1582 4390 ob
1605 4329 1721 4396 solcbcr

350 4421 470 4480 meiner
494 4417 624 4490 Arbaitt,
648 4434 680 4476 so
705 4415 752 4476 ich
775 4417 841 4480 deur
864 4417 949 4479 Laud
971 4436 1038 4477 aum
1060 4417 1164 4477 beaten
1188 4419 1241 4475 mit
1262 4433 1379 4493 grosser
1400 4417 1488 4477 mdho
1520 4415 1578 4477 vnd
1601 4420 1719 4494 algnana

351 4506 512 4566 Vnoosten
536 4505 597 4565 biss
620 4506 649 4562 in
674 4506 737 4564 250
761 4505 788 4564 fl.
812 4513 941 4583 erzeugt,
965 4507 1013 4566 ein
1035 4504 1179 4581 galidiges
1202 4502 1400 4580 Wolgciallcn
1423 4504 1536 4564 haben:
1561 4502 1620 4564 vud
1643 4523 1722 4566 mur·

351 4594 414 4655 den
439 4591 505 4653 also
530 4592 576 4651 die
600 4589 668 4668 drey
695 4591 781 4652 viertl
801 4591 891 4666 debr,
921 4609 955 4653 so
977 4591 1029 4652 Ieh
1053 4590 1159 4651 dormit
1181 4590 1376 4670 augebraeht,
1407 4592 1463 4652 mol
1487 4591 1625 4670 angclegt
1647 4593 1720 4669 sain,

353 4681 426 4741 weil
450 4678 617 4740 sonderlich
641 4676 692 4739 Ich
717 4677 780 4740 dise
803 4680 921 4741 Arbaitt
943 4680 1006 4740 auli
1026 4678 1146 4739 etlicher
1168 4677 1220 4739 der
1242 4678 1350 4739 sochen
1385 4679 1585 4758 verstiindigcr
1608 4679 1721 4741 Hersen

348 4786 425 4830 auss
457 4766 524 4828 dem
552 4765 647 4825 Herrn
687 4765 746 4825 vad
775 4765 957 4828 Ritterstand
986 4765 1165 4845 guetaehteu
1204 4765 1294 4827 vader
1326 4766 1375 4828 die
1400 4765 1506 4829 Hende
1536 4785 1720 4845 genommen,

352 4855 417 4916 vnd
445 4854 499 4915 das
522 4852 638 4915 werclch
662 4851 829 4914 demselben
852 4860 968 4932 gemiiss
992 4855 1160 4915 conlormirt
1182 4854 1269 4914 habe.

422 4949 487 5009 'Es
508 4951 546 5008 ιιι
568 4952 622 5008 mir
644 4950 714 5009 aher
737 4949 834 5009 drauff
852 4968 904 5010 aur
925 4957 1050 5012 antwort
1073 4948 1133 5009 und
1157 4948 1296 5009 beschaid
1320 4943 1452 5024 worden,
1486 4949 1538 5010 das
1560 4947 1607 5009 dio
1630 4946 1718 5007 Lbbl.

350 5035 471 5100 Stiinde
496 5035 537 5095 vil
558 5036 649 5096 lieher
670 5036 769 5109 sehen,
794 5035 847 5097 dus
869 5036 924 5097 Ich
947 5036 1131 5114 dergleichen
1154 5037 1264 5097 arbaitt
1286 5035 1448 5113 einstcllen,
1473 5034 1532 5095 vnu
1555 5035 1602 5095 die
1625 5035 1719 5098 wicb-

348 5130 470 5204 tlgeren
492 5122 610 5199 sochen,
635 5123 749 5184 darauii
769 5122 823 5184 Ich
845 5115 1036 5185 surnemhlich
1059 5123 1198 5186 hostallet
1219 5142 1300 5204 sepe,
1325 5123 1369 5185 als
1392 5124 1439 5186 die
1453 5122 1584 5185 Tabulas
1601 5121 1717 5184 liudol-

347 5214 465 5293 phinus
491 5209 551 5272 und
571 5209 619 5272 die
641 5210 863 5291 Landmsppam
885 5231 922 5274 au
946 5213 1086 5291 stilligem
1110 5212 1238 5278 Werohh
1262 5211 1373 5276 richtea
1395 5211 1479 5273 solta.
