4459 6275
486 785 528 844 36
688 789 691 800 ·
866 773 1017 846 Epistulae·
1029 775 1140 848 chleri
1158 775 1456 846 unamquamquam

485 955 643 1033 phaeresin
666 955 797 1029 exstruit,
820 961 852 1016 at
867 971 933 1015 cum
949 955 1135 1018 latitudinem
1149 956 1275 1016 lixamm
1290 962 1449 1033 computat,
1472 953 1558 1032 polus
1572 952 1729 1031 eclipticae
1744 960 1846 1013 manet

484 1045 542 1120 ipsi
565 1045 594 1100 iu
617 1042 726 1103 circelli
747 1041 897 1118 diametro,
921 1061 1034 1103 rursum
1055 1061 1248 1121 pressumque
1271 1044 1404 1104 libratus.
1449 1041 1508 1104 Sed
1530 1041 1587 1101 hoo
1607 1045 1725 1103 veniam
1746 1059 1845 1100 mere-

486 1139 550 1203 tur,
581 1147 647 1189 cum
677 1147 723 1189 res
752 1132 792 1189 sit
822 1132 1017 1192 incertissima
1047 1132 1268 1192 demutatione
1291 1131 1474 1208 obliquitatis
1496 1131 1666 1206 eclipticam
1696 1147 1773 1206 quae
1796 1145 1845 1187 res

485 1219 593 1292 etfacit,¹
614 1227 647 1277 ut
669 1235 725 1294 ego
748 1219 811 1294 ipse
834 1235 952 1295 quoque
975 1229 1090 1296 praeter
1104 1220 1291 1280 librationem
1306 1219 1469 1296 simplicem
1490 1220 1619 1294 quinque
1642 1217 1716 1276 alios
1738 1215 1844 1275 modos

485 1306 646 1366 volutionis
668 1305 730 1382 poli
753 1304 905 1382 eclipticae
928 1307 957 1364 iu
979 1307 1212 1368 circumferentia
1235 1305 1359 1380 circelli,
1391 1323 1515 1383 quorum
1544 1322 1621 1364 unus
1650 1313 1694 1365 est
1717 1306 1746 1362 in
1770 1304 1845 1380 lipi-

485 1401 580 1453 tomes
594 1394 671 1453 libro
686 1391 754 1467 VII,
770 1396 966 1470 congesserim
983 1397 1012 1452 in
1026 1394 1243 1471 Rudolphinas,
1265 1393 1391 1459 necdum
1406 1403 1503 1454 tamen
1520 1396 1666 1467 constitui,
1690 1409 1728 1452 au
1744 1408 1845 1451 omnes

485 1483 516 1539 in
545 1479 655 1540 tabulis
684 1472 807 1555 juhctim
835 1481 1015 1559 publicandi.
1066 1482 1253 1543 Ptolemaeus
1280 1481 1400 1559 quidem
1429 1481 1563 1555 simulat,
1594 1499 1626 1541 se
1656 1478 1844 1540 observando

484 1568 562 1628 idem
585 1567 825 1646 deprehendisse,
855 1569 933 1645 quod
957 1568 1153 1646 Hipparchus.
1200 1568 1279 1645 Quid
1307 1572 1334 1630 sl
1356 1572 1554 1630 extremitates
1577 1569 1746 1629 umbrarum
1768 1584 1844 1627 con·

484 1663 614 1717 sectatus
638 1664 690 1729 est,
714 1674 832 1716 mensus
855 1675 896 1717 sc.
920 1675 939 1716 e
960 1655 1099 1734 supremo
1120 1660 1250 1734 margine
1274 1655 1353 1718 Solis
1377 1659 1483 1718 aestivi
1506 1657 1553 1717 vel
1576 1663 1686 1734 puncto
1708 1657 1844 1734 proximo

433 1782 435 1786 -
482 1743 634 1804 adimam
656 1747 818 1820 marginem
840 1744 917 1813 Solis
939 1743 1068 1820 hiberni,
1092 1753 1125 1804 ut
1148 1747 1343 1822 quantitatem
1365 1745 1498 1819 eliceret,
1528 1761 1588 1822 qua
1609 1751 1688 1804 certo
1720 1746 1843 1802 nonsit

484 1832 579 1907 maj0r
602 1832 743 1892 distentia
765 1835 951 1909 tropicorum,
975 1841 1005 1893 et
1027 1850 1064 1892 ne
1077 1842 1239 1909 cogeretur,
1263 1832 1464 1909 Hipparchum
1487 1829 1620 1892 deserere
1642 1839 1760 1909 propter
1781 1829 1844 1889 dis-

487 1936 606 1979 sensum
630 1921 870 1980 observationum
892 1937 1028 1997 suarum,
1053 1938 1130 1997 quae
1153 1938 1259 1997 perse
1281 1920 1405 1980 subtiles
1428 1937 1493 1980 esse
1516 1918 1612 1979 solent
1636 1928 1665 1980 et
1686 1916 1844 1978 lubricae?

482 2005 553 2067 Jarn
576 2006 765 2085 Hipparchus
787 2010 921 2085 proprias
944 2025 1002 2067 uon
1026 2007 1138 2085 allegat
1160 2009 1389 2081 observationes,
1421 2007 1473 2068 sed
1495 2007 1607 2084 allegat
1629 2004 1842 2079 Eramsmenis,

481 2104 517 2153 ut
539 2094 598 2155 lide
620 2096 817 2172 dignissimas.
864 2094 942 2171 Quid
965 2113 1035 2155 vero
1058 2096 1293 2155 Eratosthenes?
1338 2094 1527 2155 Intervallum
1558 2094 1726 2154 umbramm
1748 2095 1843 2154 aesti-

483 2199 539 2243 vae
563 2193 593 2245 et
614 2183 754 2243 hibernae
777 2182 996 2260 comprehcndit
1018 2184 1126 2242 circino
1157 2191 1188 2243 et
1210 2200 1276 2243 cum
1298 2184 1355 2242 hoc
1377 2182 1531 2243 intervallo
1555 2181 1770 2260 perambulavit
1794 2191 1844 2241 to-

484 2278 547 2330 tum
570 2271 711 2330 circulum
734 2270 873 2330 undecies
896 2273 1011 2347 aitque,
1045 2288 1077 2330 se
1100 2289 1167 2330 eum
1190 2274 1390 2348 octuagesima
1413 2279 1517 2347 quarta
1538 2268 1712 2347 repetitione
1740 2286 1844 2329 rever-

486 2375 551 2416 sum
573 2376 638 2419 esse
661 2358 699 2418 ad
723 2361 855 2431 initium,
887 2368 920 2417 ut
940 2359 982 2417 sic
1007 2359 1047 2416 83
1071 2357 1228 2419 intervalla
1257 2367 1419 2435 aequentur
1452 2361 1488 2417 ll
1513 2353 1638 2418 circulis.
1683 2357 1843 2432 Nunquam

474 2445 556 2504 mmihi
578 2448 721 2506 successit
744 2463 810 2505 cum
833 2444 1064 2519 semidiametro,
1098 2453 1146 2518 ut,
1172 2447 1190 2504 6
1214 2463 1313 2506 eemm
1335 2464 1387 2523 per
1409 2447 1671 2506 circumferentiam
1693 2461 1843 2517 emensus,

482 2550 550 2592 eum
572 2532 648 2610 pede
672 2535 772 2594 circini
796 2551 855 2594 uno
879 2535 909 2591 iu
931 2534 1055 2610 primum
1078 2540 1219 2609 punctum
1242 2542 1416 2607 reverterer,
1447 2550 1513 2593 cum
1535 2540 1633 2593 tamen
1660 2532 1736 2592 hacc
1758 2549 1843 2591 oom-

480 2624 661 2682 mensuratio
692 2624 802 2680 nitatur
832 2620 1081 2681 demonstratione
1112 2623 1282 2680 certissima.
1327 2621 1386 2682 Sed
1417 2628 1498 2697 esto,
1529 2621 1735 2696 praecelluerit
1766 2620 1842 2680 nra-

480 2709 623 2769 tosthenis
646 2727 787 2768 manuum
811 2708 986 2769 dexteritas:
1018 2710 1084 2784 quis
1107 2709 1192 2768 nobis
1214 2726 1338 2786 sponsor
1361 2710 1483 2781 existet,
1515 2725 1573 2766 nou
1597 2708 1753 2784 deceptum
1776 2724 1843 2767 osae

482 2796 707 2856 Eratosthenem
735 2795 990 2857 innumeranda?
1036 2796 1083 2854 Ao
1110 2812 1170 2855 non
1198 2798 1347 2874 praesagit
1379 2796 1432 2857 tibi
1461 2797 1593 2871 animus,
1626 2795 1709 2855 illurn
1732 2812 1841 2855 nume·

479 2900 560 2944 rasse
583 2902 602 2942 a
623 2892 732 2960 puncto
756 2883 913 2944 distantiae
936 2884 1103 2942 umbrarum
1127 2885 1298 2960 posteriori,
1329 2900 1478 2944 reversum
1501 2900 1572 2944 vero
1594 2900 1659 2944 esse
1682 2883 1721 2943 ad
1742 2899 1842 2960 puuc-

477 2978 540 3030 tum
563 2972 627 3047 eius
649 2974 739 3049 prius,
763 2989 817 3032 nec
839 2971 1048 3031 adnumerasse
1073 2971 1240 3030 distantiam
1264 2971 1432 3031 umbrarum
1455 2972 1550 3048 ipsam
1570 2989 1621 3049 per
1644 2972 1842 3045 oscitantiam,

479 3064 619 3135 tauquam
643 3059 682 3132 id,
707 3058 786 3134 quod
813 3061 850 3117 ll
877 3052 1000 3118 circulos
1023 3067 1214 3134 mensuraret,
1238 3075 1296 3119 uon
1318 3061 1357 3119 sit
1379 3067 1409 3120 et
1431 3061 1528 3135 ipsum
1549 3077 1619 3136 para
1632 3058 1842 3133 mensuranda,
1862 3121 1867 3131 ,

478 3154 532 3206 aut
555 3146 635 3223 quod
656 3163 716 3207 nou
740 3146 830 3220 vidit,
854 3164 886 3206 se
909 3148 1032 3222 primam
1056 3149 1199 3207 unitatem
1218 3147 1282 3223 jam
1305 3149 1425 3222 iecisse,
1460 3148 1630 3224 priusquam
1655 3165 1721 3207 cum
1744 3148 1841 3225 primo

479 3233 556 3310 pede
580 3236 678 3295 circini
702 3233 855 3294 excederet
878 3251 894 3294 e
917 3237 1044 3310 vestigio
1069 3235 1190 3295 umbrae
1212 3234 1398 3309 alterutrius,
1429 3232 1480 3296 sed
1503 3237 1627 3311 primam
1657 3234 1739 3295 illam
1771 3236 1841 3294 uui·

480 3328 571 3382 tatem
594 3321 752 3399 reputavit,
776 3338 852 3397 quae
869 3321 906 3380 ab
925 3322 1090 3382 umbrarum
1114 3322 1269 3383 intervallo
1293 3323 1469 3396 tenderetur,
1493 3340 1579 3400 porro
1596 3322 1737 3399 ultimam,
1763 3339 1841 3399 quae

477 3407 516 3467 ad
549 3408 626 3469 idem
656 3410 822 3468 umbrarum
850 3409 1037 3469 intervallum
1065 3414 1244 3489 pertingeret
1275 3414 1303 3469 iu
1334 3412 1397 3487 ejus
1428 3412 1550 3470 termino
1578 3409 1695 3487 priore?
1740 3408 1840 3470 Valde

479 3497 634 3556 confirmat
656 3497 732 3557 hauc
755 3498 962 3572 suspicionem,
986 3497 1066 3574 quod
1088 3515 1156 3575 pars
1181 3500 1221 3557 84
1246 3497 1280 3559 de
1308 3502 1344 3557 ll
1370 3496 1485 3559 circulis
1512 3515 1566 3558 seu
1589 3500 1675 3558 3960
1698 3497 1841 3574 gradibus

480 3592 526 3643 est
549 3580 669 3666 4⁷¹sr⁰r
693 3592 723 3643 et
745 3586 788 3643 sic
810 3583 970 3660 obliquitas
993 3584 1147 3663 eclipticae
1170 3580 1256 3669 Μ,
1280 3594 1309 3645 et
1336 3581 1407 3667 ¹s„,
1441 3585 1470 3647 b.
1495 3603 1520 3646 a.
1544 3585 1634 3663 paulo
1657 3585 1725 3663 plns
1750 3604 1839 3663 quam

479 3670 537 3731 23⁰
561 3672 625 3731 34‘.
670 3671 740 3731 Jam
763 3687 821 3730 non
844 3688 920 3748 opus
942 3674 996 3732 tibi
1019 3690 1085 3732 esse
1106 3682 1179 3750 puto
1207 3673 1264 3733 hae
1286 3668 1502 3747 admonitione,
1530 3673 1609 3750 quod
1639 3676 1841 3733 testimouium

479 3777 499 3818 a
521 3758 678 3819 latitudine
705 3759 827 3818 lixarum
850 3762 889 3819 slt
912 3761 1109 3821 testimouium
1132 3761 1253 3821 nullum.
1298 3759 1374 3821 Nam
1396 3762 1477 3836 prius
1492 3760 1677 3821 observando
1700 3764 1840 3838 perveni-

478 3864 545 3906 mus
568 3847 606 3907 ad
630 3845 843 3907 declinationes
864 3847 987 3906 lixarum
1017 3850 1150 3925 interque
1173 3866 1224 3909 eas
1246 3848 1339 3924 ipsius
1362 3846 1441 3907 Solis
1468 3850 1496 3907 io
1520 3847 1657 3908 solstitio.
1702 3849 1737 3909 Sl
1768 3867 1839 3925 crgo

476 3933 564 3995 limes
587 3938 643 3994 iste
665 3935 781 3995 zodiaci
804 3938 832 3993 in
857 3934 956 4011 aliquo
980 3934 1069 4012 globo
1091 3936 1245 3996 attollatur
1268 3934 1346 3994 ultra
1359 3934 1488 4010 modum,
1511 3935 1694 3996 resultabunt
1715 3936 1840 3996 marum

478 4021 660 4096 latitudines,
685 4022 723 4083 ad
746 4022 900 4083 andiacum
921 4040 1076 4099 expensae,
1100 4026 1237 4084 vitiosae.
1283 4021 1381 4097 Quare
1405 4021 1463 4083 hoc
1482 4022 1577 4083 solum
1603 4030 1748 4084 testantur
1770 4023 1841 4084 lati·
1905 4088 1910 4094 ,

479 4109 597 4171 tudines
619 4110 744 4169 lixarum
767 4109 983 4190 Ptolemaicae,
1013 4114 1042 4169 in
1070 4111 1161 4188 globo
1190 4109 1309 4187 quidem
1331 4109 1496 4171 Ptolemaei
1523 4110 1677 4173 zodiacum
1705 4109 1842 4172 altiorem

478 4214 531 4257 seu
564 4197 758 4274 obliquiorem
789 4199 896 4273 luisse3
938 4196 973 4257 de
1001 4202 1067 4276 ipso
1095 4198 1205 4258 mundo
1236 4214 1295 4257 oon
1327 4197 1453 4258 validius
1483 4206 1527 4258 cst
1565 4199 1766 4259 testimonium
1799 4201 1839 4260 ab

477 4287 611 4345 omnium
643 4286 766 4344 lixamm
795 4285 1000 4346 latitudinibus
1030 4285 1236 4357 Ptolemaida,
1267 4302 1355 4362 quam
1384 4285 1423 4345 ab
1454 4288 1540 4345 unius
1571 4285 1649 4346 Solis
1681 4284 1841 4347 altitudine

478 4373 644 4433 meridiana
666 4381 799 4450 utraque.
844 4373 903 4433 Sed
926 4373 1000 4434 haec
1022 4373 1140 4449 cadem,
1174 4374 1297 4434 sibene
1320 4374 1454 4447 memini,
1484 4373 1740 4450 Longimontarrus
1762 4390 1842 4451 quo-

479 4477 538 4537 que
561 4464 592 4519 ln
617 4461 732 4521 Dauica
753 4479 809 4521 sua
832 4461 994 4539 disputavit
1016 4461 1144 4524 abunde.
1188 4462 1268 4522 Satis
1291 4462 1380 4537 igitur
1402 4460 1438 4520 de
1460 4460 1526 4520 hoc.

566 4548 638 4608 Jam
661 4557 689 4609 et
711 4550 895 4626 spicilegium
918 4548 1039 4626 aliquod
1067 4567 1224 4626 sequamur
1247 4567 1282 4609 cx
1306 4548 1396 4609 literis
1420 4550 1488 4608 tuis.
1535 4546 1639 4608 Falsus
1662 4547 1729 4608 illos
1758 4550 1845 4610 colo·

477 4653 534 4711 res,
560 4637 669 4712 quibus
691 4653 757 4696 mea
779 4636 868 4713 hujus
891 4640 1082 4714 quinquennii
1105 4637 1222 4697 fortuna
1243 4638 1298 4697 tibi
1322 4635 1439 4715 depicta
1460 4635 1524 4710 fuit,
1547 4652 1619 4712 rogo
1633 4636 1706 4695 mihi
1729 4634 1844 4698 deseri·

479 4723 533 4783 bas
556 4724 687 4801 mihique
711 4724 786 4784 hane
809 4724 993 4802 voluptatem
1016 4741 1053 4785 ne
1077 4724 1219 4786 invideas.

564 4842 634 4905 Quae
653 4845 713 4892 haec
731 4850 870 4910 sequuntur
888 4847 980 4907 partim
1000 4847 1126 4907 pertinent
1145 4845 1176 4894 ad
1196 4846 1273 4895 libros
1294 4845 1324 4894 de
1343 4843 1461 4909 Cometis,
1480 4844 1574 4906 partlm
1593 4848 1670 4903 agunt
1688 4845 1720 4894 da
1733 4845 1841 4909 Nagellu

477 4911 535 4979 (lv.
553 4928 578 4976 p.
598 4912 669 4980 ras),
689 4914 762 4963 etde
781 4913 938 4963 (laleudarils
957 4916 987 4979 (l.
1008 4919 1057 4963 ono
1077 4923 1134 4974 sa).

565 4983 724 5047 (lrllgerus
749 4985 879 5047 respondit
904 4985 929 5036 d.
952 4988 990 5037 lb.
1011 4985 1074 5034 lolii
1100 4990 1180 5045 tout,
1205 5000 1310 5051 cumque
1335 4987 1360 5033 ln
1385 4985 1431 5033 lrac
1455 4986 1616 5045 responsione
1640 4984 1736 5035 multae
1761 4988 1843 5038 lnalnt

479 5057 639 5120 quaestiones
658 5055 689 5103 de
708 5054 813 5103 diversis
831 5055 906 5103 rebus
924 5058 1108 5121 astronomicis,
1138 5058 1169 5105 ad
1195 5070 1258 5118 quaa
1276 5053 1387 5117 singulas
1407 5052 1528 5116 lleplerus
1547 5054 1655 5115 longiori
1674 5058 1783 5119 epistola
1800 5073 1842 5108 ra-

478 5124 579 5187 spondit
597 5124 633 5192 (ln
652 5126 737 5173 codice
755 5122 917 5173 Pulkovleosl
938 5127 968 5172 ln
988 5126 1048 5173 lolia
1067 5127 1162 5187 integra
1175 5128 1276 5175 rorrdclt
1294 5128 1355 5175 baec
1374 5121 1493 5188 epistola,
1512 5123 1614 5186 Keplerl
1633 5139 1707 5174 manu
1727 5127 1843 5191 scripta),

477 5196 668 5259 quaestionibus
687 5193 789 5255 ordgari
807 5195 990 5257 interponenda
1018 5209 1072 5245 essa
1088 5197 1258 5257 judicavimus
1277 5195 1380 5259 llepleri
1404 5207 1522 5257 respousa
1546 5195 1632 5244 eadem
1654 5198 1767 5266 ratione,
1791 5211 1844 5263 qaa

475 5265 602 5327 ,nouom
619 5266 790 5316 voluminibus
807 5266 848 5315 usl
865 5278 959 5317 aumas.
