4459 6275
391 778 394 787 Ι
471 808 475 816 ’
533 796 598 886 'app
712 832 714 837 ¹
1018 808 1182 883 aprunos
1199 786 1390 870 Asnonomiae
1459 883 1464 891 .

412 1011 415 1019 ’
531 1000 563 1058 in
593 1014 683 1059 nnsm
710 994 828 1055 stellam
858 991 985 1067 dirocta,
1016 990 1130 1069 reliqua
1158 992 1276 1051 mobilis
1297 993 1327 1049 in
1351 990 1496 1067 reliquum
1518 987 1785 1067 sidusdirlgitnr:
1811 1006 1892 1051 mern

481 1079 504 1093 ”
531 1088 621 1163 igitur
644 1088 832 1160 interceptus,
856 1082 907 1157 qni
931 1087 975 1139 est
997 1092 1136 1140 mensura
1157 1079 1256 1155 anguli
1279 1077 1317 1138 ad
1341 1086 1487 1153 centrum,
1510 1076 1667 1155 respondet
1689 1080 1774 1140 moni
1795 1076 1891 1138 ment

535 1174 680 1252 sphaerae
702 1171 832 1242 maximi,
857 1183 984 1244 eumque
1007 1165 1161 1244 insculptis
1184 1167 1312 1226 numeris
1332 1164 1475 1241 graduum
1499 1173 1528 1226 st
1550 1167 1730 1227 minutorum
1754 1167 1893 1244 exprimi.

534 1261 653 1340 'l'ypum
675 1257 862 1318 instrumenti
887 1254 956 1313 vide
978 1256 1008 1312 in
1032 1253 1213 1314 Mocbaniois
1236 1252 1387 1332 'Pythonis
1409 1253 1515 1328 Bralre,
1539 1255 1695 1333 praecipue
1716 1256 1871 1315 sextantis.

628 1346 787 1425 Quomodo
810 1343 959 1420 definiunt
983 1344 1153 1402 astronomi
1174 1339 1394 1417 loupiiudinem
1417 1341 1541 1403 stellae?
1561 1341 1614 1401 Est
1636 1358 1723 1402 meus
1747 1340 1895 1418 eclipticas

533 1444 706 1517 numeratus
737 1436 766 1491 in
795 1430 1035 1506 consequentiam
1065 1431 1214 1506 signorum
1245 1435 1274 1488 et
1300 1431 1479 1508 interceptus
1502 1431 1577 1488 inter
1599 1424 1848 1505 aequinoctialem
1867 1438 1896 1487 et

531 1521 745 1585 semicirculum
774 1516 953 1591 latitudinis,
985 1519 1052 1592 qui·
1070 1533 1124 1593 per
1153 1513 1270 1575 stellam
1301 1514 1432 1575 ducitur:
1465 1515 1594 1576 ostendit
1623 1517 1701 1578 enim
1732 1514 1783 1575 bie
1803 1530 1893 1591 arens,

533 1618 676 1690 quantum
709 1607 794 1667 stella
826 1625 845 1666 a
874 1596 1201 1682 principiueclipiicae
1238 1620 1341 1664 versus
1369 1603 1432 1678 ejus
1462 1602 1550 1663 finem
1582 1601 1714 1677 recedet,
1737 1602 1895 1665 secundnm

449 1781 453 1787 Ι
501 1727 511 1781 ,-
535 1699 679 1777 spbserae
700 1692 925 1771 longitudinem.

625 1783 710 1862 (laid
730 1790 773 1841 est
795 1779 925 1839 latitudo
947 1776 1072 1836 cudae?
1093 1777 1188 1835 Arcus
1211 1776 1312 1835 circuli
1334 1732 1498 1837 latitudinis
1516 1780 1694 1856 interceptus
1716 1779 1794 1839 inter
1807 1777 1896 1857 eclip-

482 1834 486 1844 Ι
522 1850 623 1933 ¹ticum
638 1880 669 1933 et
686 1869 821 1943 steilam3
846 1865 975 1927 ostendit
989 1866 1076 1939 enim,
1100 1871 1243 1941 quantum
1258 1863 1346 1924 steila
1364 1867 1516 1926 recesserit
1538 1865 1576 1927 sb
1590 1865 1728 1945 ecliptica
1750 1865 1790 1927 sd
1808 1864 1896 1927 iden

533 1960 635 2020 mundi
657 1959 708 2018 via
731 1957 932 2021 brevissimo.¹

474 2030 479 2039 ’
620 2048 778 2122 Compara
807 2041 1031 2118 tonpttudtnem
1061 2055 1131 2096 eum
1160 2042 1333 2100 ascensione
1362 2048 1459 2107 secto.
1489 2038 1685 2100 latitudinem
1714 2036 1787 2101 ωἠι
1807 2039 1896 2101 dedi

504 2186 506 2191 .
531 2137 667 2194 actiom.
707 2129 877 2207 Longitudo
900 2136 930 2189 et
945 2126 1080 2187 escensio
1102 2133 1182 2185 recta
1201 2128 1346 2203 incipiunt
1367 2127 1524 2187 abeodem
1546 2127 1701 2204 principio,
1724 2126 1780 2189 sed
1801 2127 1895 2207 longi·

462 2264 466 2272 -
532 2220 607 2281 tudo
630 2223 660 2279 in
682 2218 820 2296 ecliptica
843 2221 990 2287 censetur,
1011 2215 1147 2273 assensio
1170 2215 1200 2271 in
1223 2223 1400 2292 aequatoro3
1424 2214 1475 2275 ills
1498 2212 1605 2275 circulo
1629 2212 1806 2290 latitudinis,
1828 2215 1897 2276 isset

401 2330 404 2336 ¹
452 2293 456 2301 ’
532 2306 641 2369 cbeuio
665 2304 869 2366 declinationis
892 2304 1073 2375 terminatur,
1098 2316 1223 2377 quorum
1246 2300 1296 2362 ille
1312 2318 1364 2381 per
1385 2302 1471 2379 polos
1486 2301 1647 2379 eeiiptieae,
1670 2303 1720 2364 bic
1740 2321 1794 2383 per
1816 2300 1897 2383 polos

371 2390 384 2466 ’,
536 2395 705 2473 sequuturis
728 2391 853 2452 ducitur.
976 2408 981 2417 ·

627 2480 786 2560 Quomodo
799 2479 972 2555 inquiritur
985 2476 1119 2547 otiosius
1139 2475 1220 2550 tinne
1234 2475 1393 2552 ionpitudo
1408 2484 1435 2536 ct
1451 2475 1600 2536 latitudo?
1621 2475 1704 2537 Varii
1719 2486 1792 2539 sunt
1811 2476 1896 2552 modi,

413 2576 418 2583 '
534 2571 667 2646 quinon
697 2566 823 2647 possunt
851 2565 1004 2625 omnesin
1028 2562 1275 2639 epitomntradi·;
1303 2563 1355 2622 sed
1385 2565 1534 2642 praecipui
1561 2571 1629 2623 sunt
1658 2563 1698 2623 iti.
1746 2564 1804 2627 vei
1826 2569 1897 2627 enim

306 2636 314 2655 ’
416 2724 418 2729 ,
481 2716 485 2724 ,
532 2659 643 2717 utimur
672 2659 867 2715 instrumento
898 2648 1055 2731 sphaerae
1072 2650 1228 2709 armillaris
1256 2650 1305 2713 vel
1328 2649 1466 2712 cucula·
1498 2648 1611 2726 Quodsi
1634 2652 1763 2729 sphaera
1785 2655 1897 2715 numm.

534 2752 651 2823 oportet
673 2746 754 2821 prius
777 2743 926 2818 cognitum
951 2736 1137 2798 essetecum
1159 2736 1238 2796 Solis
1261 2739 1291 2796 in
1315 2737 1466 2816 ecliptica,
1491 2737 1537 2799 rel
1561 2739 1627 2815 ejus
1649 2740 1714 2800 viee
1737 2738 1898 2819 longitndi-

442 2822 445 2829 ’
475 2895 480 2905 ,
535 2849 602 2892 nem
625 2833 712 2890 unius
726 2830 839 2891 stellae.
884 2825 1000 2887 Deinde
1022 2840 1097 2901 opus
1114 2833 1167 2898 est,
1192 2832 1224 2883 ut
1247 2825 1372 2903 sphaera
1388 2829 1517 2903 erigatur
1538 2824 1699 2886 seeundum
1714 2826 1897 2889 altitudinem

532 2919 594 2996 poli
609 2926 638 2980 et
654 2919 762 2979 lineam
777 2914 967 2977 meridianam
982 2911 1041 2972 loni
1057 2919 1160 2971 exacto
1174 2911 1286 2971 babeat
1301 2912 1468 2990 habeatque
1483 2912 1557 2973 dnos
1573 2912 1764 2974 latitudinum
1779 2914 1898 2976 circulos

533 3006 667 3079 mobiles,
692 3004 815 3082 dioptris
830 3001 991 3062 mobilibus
1006 3002 1049 3060 sie
1071 3001 1240 3072 instructos,
1265 3008 1297 3058 ut
1310 2999 1406 3060 lineae
1421 3002 1536 3061 abisse
1552 3016 1604 3077 per
1627 2999 1760 3080 dioptr'ns
1774 3003 1898 3065 diseunt

420 3082 441 3115 ·’
497 3090 501 3098 ’
532 3095 592 3155 sint
612 3092 775 3171 parallelae
798 3090 912 3152 eductis
935 3106 975 3172 ex*
994 3094 1095 3149 centro
1117 3085 1270 3163 sphaerae.
1315 3087 1432 3166 Inspice
1459 3090 1488 3147 in
1511 3087 1620 3150 Brsbei
1643 3088 1827 3153 Moobsuicis
1853 3108 1898 3153 nr·

533 3180 630 3241 millss
653 3179 829 3241 aodiseales.
874 3177 991 3253 Quibus
1014 3175 1150 3235 omuibus
1172 3176 1216 3234 sic
1236 3180 1436 3252 praeparatis,
1466 3175 1593 3237 circulus
1615 3156 1691 3238 aiod
1711 3177 1898 3270 lsiitndlnn

500 3309 503 3316 ·
532 3268 699 3347 applicetur
720 3276 751 3327 et
771 3267 903 3325 iirmniur
925 3281 1014 3342 snper
1036 3262 1102 3321 ioco
1126 3261 1205 3322 Solis
1229 3263 1276 3323 vei
1301 3261 1405 3326 stellae
1422 3266 1539 3340 cognito
1562 3266 1591 3323 in
1607 3266 1764 3344 eclipticat
1785 3266 1898 3345 dioptrs

533 3359 622 3416 etiam
645 3358 764 3433 ponitur
786 3371 874 3432 super
897 3350 1084 3413 latitudinem
1109 3350 1173 3425 ejus
1197 3353 1346 3427 cognitam
1370 3359 1399 3410 ot
1422 3367 1568 3411 unacum
1591 3352 1719 3430 sphaera
1737 3357 1781 3415 sic
1804 3353 1898 3415 uolri-

476 3461 478 3468 ·
534 3454 595 3517 tur,
626 3452 659 3502 ut
689 3443 768 3502 liuea
791 3442 915 3501 visionis
938 3442 967 3496 in
991 3445 1123 3497 centrum
1147 3435 1226 3497 Solis
1249 3438 1297 3497 rel
1320 3437 1424 3499 stellae
1446 3442 1655 3515 praecognitae
1684 3442 1815 3502 incidat:
1844 3458 1897 3520 qno

534 3532 613 3592 iacto
643 3538 672 3590 et
695 3530 821 3608 sphaera
844 3526 988 3587 materiali
1012 3527 1055 3583 sic
1079 3524 1163 3584 coelo
1186 3524 1397 3601 respondente,
1427 3525 1554 3585 circulus
1582 3527 1656 3587 aiter
1685 3527 1897 3590 latitudinisin

494 3649 496 3654 ·
534 3617 670 3695 ecliptica
693 3625 830 3677 manente
854 3611 997 3674 immobili
1021 3620 1049 3671 et
1073 3612 1190 3688 dioptra
1213 3613 1277 3688 ejus
1301 3616 1330 3671 in
1354 3617 1418 3690 ipso
1442 3631 1496 3673 suo
1519 3613 1627 3674 circulo
1651 3625 1710 3676 tam
1730 3617 1782 3676 din
1806 3617 1899 3677 rolri-

534 3716 590 3779 tur,
614 3706 708 3765 donee
730 3723 782 3782 per
805 3722 869 3764 eam
893 3701 980 3762 stella
1002 3701 1155 3779 proposita
1178 3700 1322 3760 videatur.
1367 3701 1451 3761 Tunc
1473 3702 1563 3777 igitur
1586 3702 1650 3779 ejus
1671 3701 1829 3782 longitudo
1851 3721 1898 3783 per

535 3793 674 3855 circulum
698 3791 863 3853 latitudinis
885 3797 1064 3850 monstratur
1086 3788 1116 3844 in
1140 3786 1291 3864 ecliptica,
1325 3787 1450 3848 latitudo
1481 3806 1533 3867 per
1562 3789 1707 3869 dioptrsm
1736 3794 1765 3852 in
1797 3790 1899 3853 circulo

534 3881 709 3943 latitudinis.
754 3880 805 3940 Sin
829 3886 929 3939 autem
953 3876 1005 3936 tali
1029 3875 1155 3952 sphaera
1179 3892 1311 3934 caremus
1334 3883 1386 3936 sut
1408 3878 1450 3936 uti
1473 3894 1532 3935 nou
1556 3895 1726 3957 possumus,
1754 3890 1825 3941 tunc
1846 3880 1899 3939 siio

534 3973 726 4031 instrumento
756 3966 864 4028 idoneo
893 3967 1007 4046 eapitur
1035 3963 1177 4023 distantia
1200 3963 1344 4041 propositi
1373 3963 1477 4024 sideris
1500 3984 1519 4024 a
1541 3965 1611 4026 Sole
1641 3966 1689 4027 vel
1712 3986 1732 4025 a
1755 3967 1815 4028 fixa
1837 3967 1900 4038 slis,

779 4080 830 4129 pr„
846 4077 879 4119 45,
1126 4051 1211 4126 cujus
1234 4052 1273 4109 sit
1295 4054 1413 4127 cognita
1434 4055 1567 4112 assensio
1590 4061 1671 4113 rects
1690 4062 1721 4115 et
1735 4055 1900 4126 declinstio,

1126 4137 1233 4199 deinde
1248 4141 1342 4215 ipsius
1365 4141 1454 4199 etism
1464 4143 1606 4217 propositi
1621 4141 1725 4202 sideris
1737 4141 1902 4221 quaerenda

816 4217 842 4260 V
1127 4234 1173 4285 est
1204 4224 1363 4285 declinatio
1392 4245 1445 4304 per
1474 4229 1730 4306 observationem,
1766 4239 1800 4292 ut
1825 4241 1901 4310 parte

1127 4316 1222 4389 prima
1244 4330 1346 4374 sumus
1369 4315 1475 4376 edocti.
1727 4331 1732 4342 ·

1214 4400 1259 4459 Ex
1283 4401 1330 4460 his
1352 4404 1442 4477 igitur
1464 4403 1541 4462 dotis
1564 4403 1644 4479 prins
1662 4405 1841 4482 inquirenda
1860 4415 1902 4466 esi

1130 4490 1336 4547 ascensionum
1360 4498 1504 4551 rectarum
1528 4490 1693 4552 differentia
1715 4500 1747 4553 et
1768 4511 1821 4573 per
1843 4511 1903 4555 esni

659 4568 769 4794 f(
993 4581 1012 4620 Β
1129 4579 1263 4635 ascensio
1286 4585 1367 4636 recta
1387 4578 1501 4652 stellae,
1521 4595 1557 4638 ex
1581 4595 1639 4655 qna
1652 4588 1762 4657 postes
1783 4582 1903 4643 iratam

579 4724 582 4734 ,
644 4659 660 4702 )
1129 4665 1219 4723 etism
1242 4664 1398 4741 longitudo
1421 4673 1451 4726 et
1474 4664 1610 4725 latitudo.

578 4740 582 4753 '
1220 4751 1378 4830 Quomdo
1393 4772 1430 4813 ec
1451 4753 1903 4816 declinationibusetdiriontio

815 4883 967 5002 ⁴
1130 4838 1268 4899 duorum
1289 4840 1445 4900 stellarum
1462 4845 1623 4917 ponentur
1638 4861 1751 4903 coram
1764 4844 1903 4922 different·

927 5013 957 5052 15.

1002 4991 1018 5000 ,
1131 4932 1175 4985 tia
1198 4929 1432 4988 occasionalis?
1465 4929 1619 4989 Formatnr
1641 4931 1825 5008 triangulum
1840 4929 1903 4990 Pit>

1133 5017 1207 5073 inter
1223 5014 1245 5072 P
1260 5015 1361 5091 polum
1383 5016 1527 5092 sphaerae
1550 5024 1580 5076 et
1601 5016 1677 5077 duas
1699 5017 1804 5079 stelias
1822 5017 1848 5094 1,
1868 5017 1902 5088 n,

1131 5111 1266 5160 notorum
1289 5105 1377 5162 trium
1390 5102 1532 5164 laterum:
1555 5121 1646 5163 unum
1664 5103 1710 5164 lD
1727 5113 1774 5167 est
1795 5103 1904 5166 disun-

1133 5189 1190 5261 tia,
1221 5187 1280 5247 duo
1302 5189 1417 5266 reliqna
1437 5190 1494 5265 Pi,
1526 5191 1580 5251 ΡΙ)
1602 5200 1672 5252 sunt
1694 5192 1905 5274 complementa

1036 5273 1040 5280 '
1131 5272 1361 5338 declinationum
1382 5276 1438 5355 tc,
1463 5277 1517 5339 DL
1538 5279 1836 5360 septmtriossdnnp
1861 5277 1905 5342 vri
