4459 6275
914 800 1052 861 menno
1070 806 1099 858 a
1115 782 1266 874 spaerae.
1725 804 1787 867 orr
1888 788 1892 798 '

434 976 584 1047 quidquam
611 978 707 1034 deense
729 979 861 1049 amplius,
895 992 977 1045 quam
999 983 1030 1032 nt
1055 977 1232 1046 Imperatoria
1263 983 1355 1034 sumtu
1385 978 1495 1032 rident
1519 976 1611 1033 lnmeu
1633 976 1789 1048 publiciqne

428 1064 504 1132 iaris
521 1064 599 1120 flant.
646 1062 714 1138 lpse
737 1062 882 1139 Keplerns
912 1062 1007 1121 amico
1039 1060 1225 1138 Berncggero
1259 1063 1394 1122 nunciat:
1425 1060 1556 1121 Tabulas
1586 1060 1788 1138 Rudolpbinas

433 1164 472 1207 ex
494 1153 578 1224 patre
600 1149 741 1226 Tychone
763 1149 861 1210 Brabe
883 1155 1040 1224 conceptas
1062 1149 1132 1207 totis
1156 1151 1196 1206 2⁶2
1220 1151 1304 1207 annis
1327 1157 1410 1209 utero
1432 1151 1509 1225 gessi
1533 1149 1733 1226 formarique,
1756 1159 1790 1209 ut

432 1233 613 1311 pedetentim
636 1237 775 1296 formatur
797 1237 903 1309 foetus,
926 1244 956 1295 st
978 1253 1055 1295 nnnc
1077 1253 1145 1295 eoae
1167 1253 1214 1295 rna
1237 1235 1353 1295 dolores
1374 1246 1475 1312 partus
1498 1239 1673 1313 opprimunt
1716 1236 1789 1297 Cre-

432 1322 507 1394 dito,
531 1340 578 1383 me
600 1326 716 1400 proprie
738 1325 832 1401 loqui.
856 1325 920 1383 ‘Er
942 1323 998 1382 hac
1020 1325 1166 1382 mentione
1189 1324 1342 1383 commode
1365 1327 1394 1382 in
1418 1323 1498 1383 aliud
1519 1331 1608 1401 ceput
1622 1325 1788 1400 scriptionis

432 1408 571 1473 devenio.
615 1409 694 1486 Quid
716 1411 856 1471 anadesi'
880 1413 1011 1471 Absente
1034 1428 1080 1470 me
1102 1423 1252 1487 nequeunt
1273 1412 1397 1488 imprimi
1421 1429 1458 1469 ex
1479 1418 1550 1471 roto
1572 1427 1638 1471 meo
1660 1411 1789 1483 tabulae,

432 1514 495 1575 nec·
518 1500 572 1557 erit
602 1500 753 1576 impressio
776 1516 882 1576 operae
906 1493 1076 1570 continnae,
1105 1498 1158 1556 sed
1189 1496 1323 1559 divulsae
1352 1516 1405 1575 pro
1436 1515 1468 1558 re
1493 1506 1572 1559 nata.
1617 1499 1680 1557 Aut
1701 1501 1791 1575 igitur

432 1584 635 1662 typographia
655 1586 725 1644 mibi
749 1605 824 1663 opus
846 1595 891 1646 est
914 1589 943 1643 in
966 1585 1093 1657 hnstria,
1118 1593 1170 1644 ant
1193 1584 1280 1644 domo
1301 1585 1469 1645 abeundum
1484 1585 1599 1645 diutina
1621 1602 1719 1662 mora3
1742 1602 1791 1646 re·
1896 1633 1898 1637 .

430 1670 595 1748 linquenda
617 1691 698 1746 uxor,
722 1682 781 1734 tres
803 1673 928 1750 parsuli,
951 1672 1013 1731 filia
1027 1671 1155 1747 unbilia3
1179 1680 1229 1733 ant
1251 1674 1277 1731 si
1298 1672 1583 1732 simuladdnoenda
1598 1672 1719 1746 familia,
1743 1672 1790 1731 di·

432 1759 572 1821 velllmur
594 1761 632 1821 ab
655 1762 767 1835 amicis,
791 1762 1003 1838 exstinguimus
1025 1761 1170 1833 notitiam,
1193 1761 1307 1836 obrepit
1329 1763 1420 1820 nostri
1435 1760 1559 1839 oblivio,
1573 1762 1790 1820 nummatiores

432 1850 549 1907 eximus
571 1864 659 1924 quam
682 1856 875 1922 revertemur,
905 1850 964 1908 situ
991 1855 1114 1925 pereunt
1136 1855 1188 1906 ant
1209 1849 1408 1924 periclitentur
1435 1849 1528 1908 turbis
1552 1847 1666 1908 bellicis
1688 1848 1790 1925 supel-

431 1933 552 1995 lectilia.
599 1934 710 2009 Quodsi
734 1955 807 2006 eam,
832 1938 897 2012 quis
919 1934 1002 1994 locus
1024 1941 1069 1993 est
1091 1933 1256 2009 eligendus,
1282 1938 1395 1994 vicinus
1417 1953 1455 1994 an
1477 1936 1632 1995 remotus?
1657 1943 1790 1996 vastatus
1836 1930 1843 1946 ‘

431 2039 472 2083 arr
496 2023 683 2083 vastandus?
706 2023 773 2083 Hac
794 2041 881 2100 snper
903 2040 934 2080 re
957 2025 1047 2080 statui
1071 2025 1163 2097 pn'mo
1186 2039 1304 2097 qnoque
1326 2032 1457 2100 tempore
1480 2021 1615 2082 Caesarie
1637 2025 1791 2099 exquirere

431 2110 628 2170 voluntatem.
675 2110 734 2171 Sed
747 2111 872 2170 multum
896 2112 924 2168 in
939 2108 1131 2185 concipienda
1153 2111 1353 2186 propositione
1368 2111 1497 2182 interest,
1522 2108 1600 2169 domi
1615 2110 1690 2170 bene
1713 2109 1792 2168 dell-

430 2198 552 2257 bsrasse
576 2200 605 2255 in
627 2205 781 2274 utramque
809 2206 930 2275 partem.
954 2195 1078 2256 -Sed
1101 2197 1253 2272 abrumpo.
1298 2197 1345 2257 Tn
1375 2197 1441 2258 vale
1471 2214 1576 2273 meque
1598 2214 1675 2259 ama.
1720 2197 1790 2256 Dat

438 2282 547 2365 tolno.
571 2284 644 2343 Maii
672 2287 764 2346 1624.
809 2286 913 2345 Lincii.
1444 2344 1447 2349 .

523 2366 758 2437 Berueggerus
776 2367 930 2437 respondit:
948 2368 990 2421 De
1002 2364 1167 2421 Tabularum
1181 2365 1412 2434 Rudolphinaruru
1423 2372 1504 2436 partu
1518 2366 1631 2422 mirifice
1644 2366 1792 2434 laetantur,

430 2447 533 2517 quibus
551 2445 578 2499 id
597 2445 653 2500 dixi
672 2456 699 2501 et
716 2448 816 2516 quibus
834 2447 901 2502 talia
918 2460 1009 2514 curae,
1029 2451 1113 2515 utque
1130 2444 1239 2500 favente
1255 2445 1363 2503 Lucina
1380 2445 1537 2515 propediem
1555 2460 1617 2501 eum
1635 2445 1718 2517 edas,
1734 2461 1789 2501 una

432 2540 542 2580 meeum
560 2525 630 2580 votis
648 2525 818 2581 calidissimis
836 2531 976 2595 exoptant.
1012 2524 1053 2577 De
1071 2521 1132 2578 loco
1150 2524 1282 2601 partionis
1300 2524 1501 2595 quodqnaeris,
1518 2524 1792 2594 Argentiuammeam
1889 2531 1896 2541 ‘

432 2603 611 2668 nominarem,
631 2603 682 2658 nisi
701 2603 766 2658 mihi
785 2605 865 2659 etde
883 2602 1117 2675 typographorum
1136 2603 1299 2657 nostratium
1317 2604 1432 2660 avaritia
1449 2611 1477 2659 et
1495 2603 1528 2657 de
1546 2602 1672 2658 sordibus
1691 2618 1791 2671 eorum,

431 2680 481 2749 qui
500 2679 608 2750 publice
620 2680 687 2735 haec
701 2681 792 2736 studia
809 2682 901 2738 fovere
919 2679 1062 2748 debebant,
1082 2681 1183 2750 optime
1197 2689 1343 2736 constaret.
1381 2679 1451 2749 Quid
1471 2681 1541 2735 euim
1560 2678 1659 2735 autad
1677 2679 1791 2735 felicita·

429 2766 489 2813 tem
507 2775 594 2816 meam
613 2762 732 2829 optatius
751 2769 798 2816 ant
815 2763 850 2816 ad
868 2760 1035 2833 posteritatis
1054 2761 1211 2816 memoriam
1228 2760 1289 2816 urbi
1307 2760 1451 2832 gloriosius
1469 2759 1593 2816 accidere
1606 2748 1790 2830 posseti‘etc.

432 2839 550 2907 Argent.
569 2840 611 2893 12.
629 2839 696 2895 Julli
714 2840 791 2906 tati.

522 2919 590 2973 Post
602 2935 703 2975 aunum
720 2919 788 2974 haec
806 2919 854 2975 dat
871 2919 898 2974 Κ
904 2920 1039 2988 eplerns
1057 2922 1244 2989 Berneggero:
1273 2915 1441 2976 clarissime
1472 2915 1706 2990 amicissimeque
1727 2913 1790 2975 Vir.

432 3002 511 3061 Cum
533 3002 596 3062 heri
622 3003 660 3063 ad
683 3004 720 3064 D.
744 3002 890 3063 ernnthat
913 3006 1054 3063 inritatus
1083 3002 1168 3064 lateri
1194 3005 1287 3064 vostri
1307 3003 1386 3063 DJ).
1418 3000 1570 3064 Glnthenii
1600 3000 1788 3076 adsedissem,

433 3092 478 3164 is,
507 3107 567 3167 qua
589 3098 633 3150 est
655 3090 852 3165 humanitate,
880 3090 957 3150 ultro
979 3109 1026 3151 ure
1048 3090 1216 3167 admonuit,
1247 3098 1281 3174 ut
1303 3089 1416 3167 aliquid
1446 3090 1483 3151 ed
1513 3097 1542 3152 te
1562 3089 1713 3150 literarum
1735 3089 1791 3150 sibi

433 3176 581 3238 traderem
604 3179 815 3255 perferendum.
861 3179 969 3255 Accipe
980 3181 1078 3255 igitur,
1103 3179 1173 3255 quid
1196 3181 1319 3256 petitum
1342 3182 1371 3237 iu
1395 3177 1535 3240 Snevlam
1557 3179 1697 3251 venerim,
1721 3177 1792 3255 qnid

434 3272 468 3325 et
489 3264 657 3341 Tnbir'rgam
679 3267 808 3326 aderam.
852 3264 922 3326 dam
938 3268 975 3327 ab
996 3284 1081 3326 anuo·
1095 3266 1173 3343 apud
1190 3267 1290 3326 aulam
1308 3266 1443 3327 Caesaris
1458 3259 1560 3341 ins'titl,
1584 3268 1626 3325 nti
1649 3265 1686 3325 ad
1710 3282 1792 3326 snm·
1905 3325 1914 3348 ⁸

432 3360 484 3413 tus
501 3353 573 3411 mibi
596 3354 772 3423 tabularum,
796 3372 871 3430 qnas
893 3353 1080 3427 absolverim,
1105 3356 1402 3432 observationumqne
1418 3353 1584 3431 Tycbouis,
1608 3371 1731 3430 querum
1753 3354 1791 3414 ab

435 3440 504 3516 ejus
526 3447 618 3499 morte
641 3450 741 3501 custos
763 3442 804 3499 ini
827 3442 931 3500 unicus
953 3440 1093 3513 idonens,
1124 3450 1176 3501 ant
1198 3461 1252 3501 sua
1274 3441 1450 3503 liberalitate
1473 3441 1582 3502 Caesar
1603 3448 1794 3519 succurreret,

435 3534 491 3589 ant
512 3528 626 3602 reliqua
648 3546 714 3587 moa
728 3528 918 3603 Rndolphina
940 3531 1112 3603 assignaret.
1157 3530 1195 3588 Et
1218 3531 1246 3587 iu
1270 3533 1327 3589 ista
1350 3545 1522 3589 eonsensum
1546 3531 1700 3606 impetrari
1715 3527 1793 3588 cae-

435 3616 528 3682 saris,
558 3616 628 3690 quia
651 3614 681 3673 id
705 3615 813 3675 maluit
841 3615 955 3691 aliquid
977 3618 1066 3692 igitur
1093 3616 1220 3694 pendent
1242 3617 1489 3693 Memmingenses
1516 3625 1545 3677 et
1573 3615 1792 3694 Gampiduneu-

434 3719 501 3774 ses,
525 3708 557 3761 at
578 3701 821 3779 Noribergenses,
854 3701 973 3777 duplum
997 3704 1076 3780 ejus,
1107 3703 1138 3761 id
1162 3711 1206 3762 est
1229 3706 1315 3764 4000
1337 3703 1464 3782 pendere
1488 3703 1580 3779 jussi,
1609 3709 1789 3763 recusarunt.

434 3788 547 3850 Jnssus
570 3795 666 3848 tamen
689 3807 769 3863 snm,
794 3791 945 3867 Augustae
968 3791 1128 3865 quitantias
1151 3798 1315 3868 permutare
1337 3794 1368 3849 iu
1392 3791 1585 3851 deialcatione
1609 3790 1687 3867 ejus,
1711 3789 1790 3867 qnod

436 3877 572 3954 proxime
596 3876 766 3937 decometur
788 3878 826 3937 ab
848 3880 1002 3951 universis,
1028 3877 1107 3955 quod
1130 3877 1265 3955 equidem
1288 3879 1370 3939 brevi
1387 3878 1448 3939 lieri
1470 3895 1591 3944 neeesse
1607 3886 1661 3938 est.
1688 3878 1792 3952 hugn-

432 3965 515 4028 stam
538 3966 641 4025 aerarii
655 3965 794 4041 pracseoti
817 3972 850 4025 ut
871 3965 970 4024 literas
987 3964 1123 4025 Caesaris
1144 3968 1337 4042 reslgnarunt,
1361 3967 1461 4043 copias
1483 3968 1512 4024 in
1536 3967 1579 4025 iis·
1595 3964 1633 4027 ad
1649 3965 1792 4026 Noriber-

434 4068 544 4127 gauses
567 4050 783 4126 desiderarunt,
814 4054 923 4112 inentia
946 4052 1096 4113 curialium
1120 4052 1343 4114 Vionuiensinm
1374 4056 1506 4136 eminas.
1552 4053 1600 4113 lta
1625 4053 1697 4114 mihi
1719 4052 1793 4113 hae-

434 4138 559 4199 rendum
582 4146 627 4198 est
648 4140 706 4207 hic,
730 4140 823 4200 donec
846 4140 962 4201 Vienna
984 4140 1156 4218 suppleatur
1178 4139 1327 4215 deieotns3
1351 4147 1381 4201 et
1401 4140 1528 4215 tandem,
1552 4141 1603 4201 nbi
1618 4142 1792 4217 quitantiam

436 4225 571 4286 dederint
596 4226 773 4302 Augustani,
807 4227 935 4287 nondum
965 4245 1137 4306 persuasum
1169 4231 1224 4289 erit
1245 4228 1524 4305 Noribergensibna,
1554 4227 1606 4289 sed
1637 4227 1733 4289 solum
1761 4227 1792 4287 id

437 4312 584 4385 beneficii,
612 4313 691 4388 quod
714 4316 743 4372 in
766 4315 894 4374 futurum
918 4319 972 4376 erit
996 4316 1067 4375 mihi
1091 4323 1218 4375 cautum.
1706 4389 1713 4398 ι

526 4400 645 4485 Interim
668 4418 723 4477 ego
738 4402 905 4479 Tubingam
927 4405 958 4460 in
981 4419 1134 4463 musaeum
1149 4402 1298 4463 Maestlini
1321 4404 1484 4463 convocari
1499 4404 1655 4463 concilium
1677 4399 1793 4462 matbe-

433 4489 612 4547 maticorum
635 4490 780 4562 omnium,
809 4492 859 4565 qui
880 4509 902 4558 ¹a
930 4492 1016 4551 2000
1045 4492 1130 4550 annis
1160 4491 1326 4550 claruerunt
1357 4492 1465 4567 qulque
1492 4497 1561 4568 post
1590 4490 1678 4550 futuri
1707 4497 1791 4567 sunt3

435 4574 553 4635 laertius
578 4577 613 4635 iis
636 4582 680 4636 est
702 4593 878 4652 comparere,
901 4575 977 4639 adde
1000 4585 1029 4638 et
1051 4579 1223 4649 consentire,
1248 4595 1337 4655 qnam
1357 4579 1561 4656 praesentibus
1575 4578 1787 4653 nobiscumque

435 4663 617 4723 viventibus.
661 4662 892 4724 Deliberationis
915 4667 1014 4743 capita
1035 4667 1155 4725 maximi
1177 4667 1314 4725 momenti
1336 4673 1404 4725 snut
1425 4647 1484 4725 fers
1507 4668 1580 4724 lata:
1618 4661 1648 4743 1)
1668 4664 1791 4725 sormam

434 4767 569 4810 mearum
591 4749 772 4810 Tabularum
801 4751 939 4828 exhibeo,
973 4752 1006 4829 2)
1029 4761 1127 4812 motus
1150 4752 1237 4813 medii
1261 4769 1318 4812 uon
1343 4760 1412 4812 snnt
1432 4751 1684 4830 ampliusmedil,
1706 4758 1791 4829 post-

437 4855 528 4915 quam
551 4853 588 4897 ex
610 4838 866 4899 observationibus
889 4839 1114 4917 Regiomontoui
1138 4849 1168 4900 et
1188 4839 1334 4901 Waltberi
1357 4840 1460 4915 didici,
1483 4839 1601 4917 Saturni
1625 4841 1790 4917 praecipue,

436 4928 508 5002 qnlu
533 4932 563 4984 ct
584 4924 671 4986 Jovis
694 4933 724 4986 et
746 4926 848 4987 Martis
870 4926 936 4988 loca
958 4930 1056 4988 omnia
1078 4944 1130 5004 per
1152 4934 1230 4989 totos
1260 4929 1436 4989 eccantricos
1465 4928 1518 4987 dut
1537 4928 1718 5005 promotiora
1740 4932 1792 4986 aut

436 5013 596 5073 remotiora
618 5020 687 5073 tnnc
708 5013 814 5085 inisse,
846 5032 933 5090 quam
962 5015 1018 5074 tert
1039 5015 1177 5074 modulus
1200 5034 1218 5075 a
1239 5013 1410 5076 Ptolemaeo
1431 5015 1470 5075 ad
1492 5014 1662 5094 'l'ychouem
1686 5012 1792 5074 decur-

437 5117 505 5160 rens
529 5100 732 5174 aequabiliter.
777 5101 882 5176 Itoqne
905 5093 1082 5178 aequatione
1103 5101 1234 5163 seculari
1250 5102 1337 5162 inerit
1358 5120 1462 5181 opus,¹
1479 5120 1556 5178 quae
1576 5109 1645 5163 ante
1666 5100 1791 5179 plurima

437 5185 541 5247 secula
563 5186 740 5263 deprehendi
762 5205 821 5247 non
844 5195 955 5266 potest,
986 5190 1082 5266 qualis
1105 5192 1223 5249 omniuo
1245 5191 1293 5249 sit.
1339 5185 1375 5271 3)
1407 5190 1528 5250 Interim
1550 5191 1665 5249 innixus
1687 5186 1791 5248 mediis

434 5274 500 5355 jam
522 5275 660 5353 coguitis,
688 5282 828 5355 tanquam
851 5277 937 5338 certis
959 5283 989 5341 et
1010 5280 1187 5356 aequatione
1208 5276 1332 5340 moulari
1355 5278 1537 5357 carentibus,
1564 5277 1684 5341 invenio
1712 5282 1790 5337 retro
