4459 6275
436 775 498 839 tl!
588 734 593 749 ι
923 767 1065 840 Epitomea
1082 767 1272 827 &masmine

435 954 544 1025 quanta
565 945 687 1024 (scillcet
701 945 768 1025 OQ)
785 951 979 1026 requireretur
992 945 1032 1008 ad
1047 945 1125 1007 Solis
1141 945 1392 1025 inaequalitatem,
1414 961 1494 1007 more
1510 954 1647 1008 reternm
1658 940 1776 1007 salsan-

435 1033 515 1110 dam,
538 1033 587 1094 scd
609 1034 702 1095 ierunt
723 1042 835 1096 tanturn
858 1035 922 1112 ejus
944 1033 1094 1094 dimidium
1119 1030 1185 1111 00,
1216 1036 1273 1094 uisi
1295 1033 1421 1095 vallmru
1440 1034 1550 1094 trustra
1571 1032 1661 1095 orbes
1680 1030 1779 1091 multi·

434 1122 542 1200 plicare
564 1127 594 1181 et
615 1123 644 1181 ln
666 1122 788 1200 singulis
810 1123 936 1200 planctis
949 1138 1052 1182 -novos
1075 1120 1206 1181 comitor
1227 1128 1369 1198 statuere,
1397 1126 1448 1199 qul
1470 1137 1626 1183 excessum
1648 1118 1726 1179 lanne
1745 1135 1779 1177 ex

437 1212 524 1271 unica
555 1207 679 1270 Telluris
709 1213 921 1271 eeceutrieitste
959 1211 1050 1269 simia
1084 1217 1224 1286 usurpata
1261 1208 1337 1271 ultro
1373 1208 1567 1287 pullulantem
1605 1214 1780 1284 compenset.

437 1300 465 1358 ³.
491 1297 565 1374 Quia
588 1305 631 1358 est
654 1305 754 1357 contra
776 1316 879 1358 causas
902 1298 1053 1376 physicas,
1075 1295 1152 1357 libro
1174 1296 1226 1356 lV.
1250 1296 1419 1374 explicatas,
1442 1313 1560 1358 emaum
1582 1294 1713 1356 Telluru
1732 1310 1780 1355 ee·

435 1387 590 1446 ceruleum
611 1402 629 1445 s
651 1380 719 1445 Sole
742 1387 771 1444 lrr
793 1386 860 1463 ipsa
880 1403 935 1445 sua
958 1385 1054 1444 orbita
1077 1383 1232 1459 aequalem
1253 1391 1395 1460 statuere,
1428 1402 1494 1445 cum
1517 1393 1618 1444 umen
1638 1382 1779 1457 inaequa-

332 1461 335 1469 ’
433 1471 498 1533 liter
525 1481 622 1551 partes
651 1471 762 1534 orbitas
785 1471 892 1533 distent
921 1471 1045 1545 aSole,
1073 1470 1152 1530 tonte
1181 1478 1287 1533 motus.
1335 1473 1374 1533 Ar
1405 1488 1497 1547 nune,
1529 1471 1645 1531 buada
1673 1467 1777 1529 Bralsel

433 1561 644 1622 socentrleitats
667 1558 743 1619 Solis
765 1559 813 1619 rel
834 1559 960 1620 Telluris
984 1557 1038 1634 OQ
1060 1557 1220 1619 secundum
1242 1557 1444 1637 copemicum,
1466 1557 1571 1621 Tellus
1593 1556 1634 1618 ad
1656 1572 1780 1633 unguen

434 1646 534 1708 lisdem
557 1655 689 1708 moratur
709 1645 825 1724 legibus
847 1665 865 1707 a
888 1646 972 1720 Sole,
996 1646 1103 1723 quibus
1126 1646 1164 1705 ab
1187 1645 1290 1707 eodem
1312 1654 1468 1709 morentur
1488 1653 1519 1707 et
1536 1646 1626 1707 esuri
1645 1645 1779 1722 primarii,

438 1742 467 1795 et
488 1737 530 1795 ric
545 1737 642 1794 omnia
663 1735 798 1797 omnibns
812 1737 1005 1795 consentiunt
1050 1731 1128 1793 Vide
1144 1732 1306 1796 Commeat.
1322 1733 1436 1796 Martis.
1458 1740 1543 1812 parts
1557 1732 1615 1793 lll.
1653 1733 1687 1791 4.
1709 1729 1781 1807 Quia

433 1821 580 1902 postulant
601 1824 689 1882 etlam
711 1822 835 1899 eclipses
856 1815 968 1896 Lunae,
992 1829 1025 1881 ut
1047 1821 1150 1880 umbra
1165 1820 1291 1883 Telluris
1313 1825 1440 1883 varietur
1462 1824 1568 1896 minus,
1593 1836 1685 1897 quam
1706 1816 1779 1895 apnd

434 1916 558 1986 veteres,
581 1908 617 1970 do
639 1926 698 1987 quo
720 1910 794 1970 inira
815 1918 899 1987 perte
922 1912 951 1968 4.

493 1999 559 2057 ,Δί
584 2015 639 2057 eur
658 2005 773 2058 motum
797 2014 939 2057 murrum
967 1998 1067 2072 potius
1093 1993 1208 2055 Telluri
1229 1996 1353 2067 tribuis,
1376 2014 1447 2057 eum
1476 2005 1588 2057 oeuree
1609 1996 1687 2071 ipri,
1721 1992 1780 2055 snt

433 2083 512 2144 huuc
533 2092 646 2145 motum
668 2084 919 2159 trurrraeriderstrr,
943 2083 1021 2142 idun
1035 2083 1187 2160 effecerint
1202 2086 1286 2142 eirea
1299 2086 1496 2161 apparentiae
1512 2082 1616 2143 Solia?
1655 2084 1683 2141 l.
1706 2078 1779 2157 Quia

357 2202 362 2211 ·
407 2170 607 2253 ⁸(loperuicus
628 2173 658 2230 lo
681 2172 808 2231 motibus
830 2170 908 2233 Solis
930 2171 1139 2249 apparentibus
1160 2169 1312 2231 salvandis
1333 2188 1392 2231 non
1414 2177 1529 2231 tantum
1550 2168 1591 2229 ad
1613 2168 1716 2229 Solem
1736 2184 1779 2227 re·

434 2261 533 2336 spicit,
563 2258 614 2320 sed
636 2261 725 2321 etiam
747 2257 786 2319 ad
807 2258 941 2336 planetas
961 2257 1107 2335 reliquos,
1136 2258 1242 2334 qulbus
1271 2257 1348 2319 idem
1378 2267 1475 2318 motus
1497 2256 1627 2319 Telluris
1649 2254 1732 2317 utilia
1750 2254 1781 2315 tt

434 2345 472 2406 ad
493 2345 730 2407 demonstrandae
753 2363 853 2407 eorum
875 2343 1019 2406 secundae
1041 2344 1276 2421 inaequalitates.
1320 2345 1385 2406 Nisi
1406 2362 1476 2423 ergo
1497 2343 1650 2407 Tellurem
1673 2342 1780 2405 (lim

433 2451 496 2494 mne
517 2435 627 2496 moveri
647 2433 714 2495 loco
729 2432 816 2507 Solis,
839 2441 986 2513 oporteret
1007 2432 1140 2509 singulos
1162 2431 1296 2508 planetas
1317 2442 1432 2510 praeter
1452 2450 1523 2493 suos
1537 2434 1676 2510 proprios
1690 2438 1780 2491 motae

434 2523 520 2583 etiam
542 2521 619 2582 hunc
641 2523 737 2600 ipsum
760 2520 838 2582 Solis
859 2528 971 2582 motum
995 2520 1044 2580 vel
1065 2517 1191 2581 similem
1217 2537 1248 2580 rs
1276 2538 1347 2582 sera
1368 2522 1494 2595 moveri,
1525 2528 1557 2582 ut
1579 2518 1614 2579 tls
1634 2520 1668 2581 in
1689 2528 1780 2579 asur

433 2611 529 2670 nomia
549 2610 655 2684 reteri,
677 2626 766 2687 quam
788 2610 901 2668 orbium
917 2607 1148 2684 superfluitatem
1163 2606 1341 2685 (lopamlous
1355 2610 1456 2668 nititur
1471 2624 1613 2669 resecare.
1654 2608 1686 2668 a.
1710 2604 1781 2683 ina

432 2703 572 2775 repugnat
594 2698 690 2757 causis
712 2704 843 2757 motuum
866 2695 1005 2774 physicis,
1028 2694 1079 2754 lib.
1103 2693 1157 2753 IV.
1181 2694 1351 2774 explicatis,
1375 2706 1408 2755 ut
1429 2695 1482 2756 Sol
1504 2703 1662 2773 moveatur
1683 2693 1778 2772 (prae-

433 2786 529 2844 sertim
550 2791 632 2845 motu
652 2801 684 2845 re
707 2802 778 2846 rera
798 2782 959 2860 inaequali)
981 2798 1033 2859 pro
1056 2783 1168 2841 ratione
1191 2781 1346 2843 distantiae
1361 2800 1433 2843 suae
1456 2782 1590 2843 aTcrra.
1634 2780 1715 2843 llam
1735 2796 1780 2843 ω

433 2870 597 2949 alligaretur
624 2870 756 2932 celeritas
783 2879 880 2931 motos
908 2869 1014 2929 solaris
1046 2867 1084 2928 ad
1107 2867 1276 2931 distantiam
1303 2868 1381 2931 Solis
1411 2870 1556 2944 aTsrra,
1588 2886 1659 2931 cnm
1687 2876 1779 2931 uun

435 2957 532 3020 Tollns
553 2957 617 3020 Soli
639 2975 696 3019 noo
718 2961 813 3037 possit
834 2975 898 3019 esse
921 2973 1011 3017 causa
1032 2954 1154 3017 motus?
1198 2956 1240 3016 At
1260 2959 1286 3017 si
1300 2956 1411 3018 Telluri
1432 2958 1597 3018 tribuamus
1618 2956 1702 3017 hune
1721 2970 1780 3015 mo·

433 3054 494 3106 tum
514 3063 656 3120 annuum,
687 3053 719 3106 ut
748 3063 784 3107 eo
806 3053 887 3105 motu
914 3045 1023 3105 teratur
1050 3046 1127 3105 circa
1149 3042 1267 3123 Solem,
1296 3052 1366 3105 tune
1393 3043 1471 3105 idem
1494 3045 1640 3120 contingit
1662 3042 1777 3115 Tallml,

433 3132 510 3211 quod
532 3133 656 3212 planetis
679 3135 781 3195 ceteris
803 3134 964 3211 primariis,
995 3142 1028 3191 ut
1049 3129 1101 3192 Sol
1131 3132 1260 3191 omnium
1281 3129 1397 3192 illorum
1424 3141 1455 3194 et
1475 3134 1519 3193 elo
1545 3133 1637 3194 suam
1660 3129 1780 3193 Tellus

433 3231 526 3282 rnotor
545 3224 665 3295 existat,
693 3221 824 3298 singulos
847 3230 877 3282 et
898 3223 942 3281 sio
963 3222 1052 3280 etlam
1074 3218 1222 3278 Tellurem
1243 3221 1345 3279 incitet
1366 3219 1489 3280 celerius
1512 3220 1561 3280 vel
1588 3218 1714 3295 tardius,
1733 3233 1779 3296 pro

419 3311 544 3370 ratione
566 3309 721 3369 distantiae
743 3308 857 3369 illorum
880 3327 899 3368 a
921 3315 1020 3368 centro
1042 3308 1089 3365 sui
1112 3308 1255 3382 eorporis,
1287 3324 1363 3383 quao
1385 3317 1428 3367 est
1451 3309 1558 3384 quovis
1581 3307 1660 3368 loco.

517 3397 556 3455 Iu
578 3415 674 3472 quum
694 3398 820 3473 plepem
843 3401 983 3456 mouetur
1010 3401 1149 3453 centrum
1176 3393 1304 3454 Telluris
1333 3397 1414 3454 eirea
1437 3395 1561 3455 suem?
1592 3395 1628 3454 ln
1660 3392 1777 3454 eandem

434 3482 564 3560 plagam,
588 3487 617 3541 ln
641 3501 728 3560 quam
751 3492 780 3543 et
802 3485 890 3544 ceteri
912 3481 1062 3559 planetae,
1091 3482 1166 3539 inter
1189 3499 1262 3558 quos
1285 3482 1385 3542 Tellus
1409 3482 1505 3543 madio
1528 3484 1597 3541 loco
1621 3500 1709 3543 suam
1730 3480 1777 3541 de·

434 3573 530 3647 signet
551 3571 690 3646 orbitam3
712 3574 746 3629 in
767 3570 982 3631 medioeurrue
1004 3571 1175 3642 eorutituto,
1200 3571 1295 3645 inquit
1316 3570 1502 3630 Aristarchus
1525 3568 1606 3647 apud
1630 3568 1779 3630 Archime-

434 3657 499 3718 dem
513 3651 568 3735 89);
590 3660 619 3716 ln
641 3658 761 3719 esrrdem
784 3657 901 3735 plagam
924 3658 1055 3717 suburra
1077 3665 1159 3732 parte
1185 3657 1308 3730 zodiaci,
1331 3659 1361 3715 in
1385 3675 1473 3735 quam
1496 3657 1615 3734 plagam
1630 3656 1687 3717 Sol
1702 3654 1780 3715 ride-

435 3754 480 3805 tur
501 3748 610 3806 moreri
637 3747 691 3805 sub
722 3757 804 3822 parte
832 3745 943 3805 zodiaci
967 3745 1121 3820 opposita:
1155 3742 1280 3821 deniquo
1311 3746 1340 3802 ln
1363 3744 1485 3804 eandem
1508 3745 1629 3821 plagam
1654 3753 1780 3804 moretur

433 3831 557 3893 Telluris
579 3843 716 3908 centrum,
741 3835 770 3892 in
782 3850 871 3911 quam
894 3834 982 3893 etiam
998 3832 1127 3891 volvitur
1149 3839 1232 3890 motu
1247 3832 1349 3891 diurno
1371 3831 1539 3908 superficies
1554 3832 1688 3892 Telluris
1702 3841 1776 3908 parto

435 3939 453 3979 a
481 3920 549 3981 Solo
578 3939 697 3996 aversa,
726 3938 767 3981 se.
799 3924 828 3979 in
860 3920 994 3998 plagam,
1027 3936 1104 3996 quae
1131 3926 1265 3995 respectu
1294 3925 1391 3979 motus
1419 3919 1516 3979 diurni
1547 3921 1671 3981 orientia
1701 3918 1780 3997 plaga

435 4007 546 4068 dicitur.

525 4096 649 4174 wenta
670 4102 711 4155 est
731 4098 827 4154 centri
853 4095 980 4154 Telluris
998 4092 1145 4170 periodus
1166 4094 1221 4152 sub
1242 4095 1325 4170 pria,
1348 4102 1466 4170 querito
1487 4099 1641 4168 promotio
1664 4097 1729 4167 elur
1748 4094 1774 4148 ia

432 4201 499 4243 uun
521 4184 576 4257 die,
598 4200 650 4241 seu
671 4191 769 4243 motus
791 4183 923 4242 diurnus
944 4181 1084 4240 medius?
1108 4179 1173 4241 Una
1195 4180 1332 4257 periodus
1355 4182 1444 4242 habet
1466 4181 1529 4240 dies
1552 4184 1618 4242 365
1642 4182 1732 4242 inorsa
1751 4179 1774 4235 t.

435 4272 465 4331 θ’
499 4272 560 4331 26”
594 4266 707 4350 13“Ι.”’
745 4271 801 4330 sub
837 4270 920 4341 fixis,
957 4268 1117 4329 secundum
1150 4268 1335 4346 Tychonem3
1373 4270 1440 4328 hire
1473 4268 1595 4328 diurnus
1626 4272 1720 4330 centri
1748 4263 1774 4323 u

438 4354 473 4417 0ο
502 4359 553 4418 69‘
576 4359 617 4418 8‘¹
650 4360 721 4417 ll“‘
752 4354 824 4416 iillv
854 4353 923 4425 lt',
974 4355 1033 4415 Sed
1064 4356 1120 4414 sub
1142 4355 1286 4432 ecliptica,
1311 4357 1393 4432 cujus
1415 4357 1591 4432 principium
1612 4375 1670 4417 seu
1691 4353 1771 4418 rectit

435 4460 500 4503 cum
523 4454 678 4521 aequatore
701 4445 803 4504 obviat
817 4444 928 4503 Telluri
950 4440 1000 4522 (ob
1022 4460 1129 4503 causas
1151 4441 1226 4502 libro
1239 4443 1308 4502 Vll.
1333 4439 1496 4524 dicendas),
1520 4443 1661 4519 periodus
1683 4441 1770 4504 malit

435 4541 479 4590 eat
500 4531 609 4591 dierum
634 4533 705 4592 365.
730 4532 758 4591 h.
784 4533 812 4590 5.
829 4532 882 4590 49‘
908 4530 968 4588 15“
992 4533 1085 4605 46¹“;
1108 4529 1176 4590 lrinc
1192 4531 1312 4590 diurnus
1327 4527 1363 4590 0⁰
1380 4532 1430 4590 ὅθ’
1456 4534 1496 4589 u‘
1526 4532 1599 4590 19’”
1617 4528 1690 4593 W
1707 4521 1769 4592 rt'.

437 4616 514 4678 Vide
538 4617 584 4680 lib.
607 4619 661 4677 111.
685 4620 734 4680 iol.
759 4620 821 4677 sto
846 4625 874 4677 et
898 4619 970 4675 ult.

521 4704 598 4765 Care
621 4706 669 4766 hie
690 4706 927 4782 ambiguitatem
950 4703 1026 4763 alius
1049 4711 1092 4763 est
1115 4712 1211 4764 motus
1234 4722 1287 4764 seu
1307 4708 1452 4781 promotio
1476 4705 1581 4766 diurna
1604 4707 1695 4766 centn
1712 4703 1769 4766 Tel·

434 4789 505 4850 luris
528 4794 555 4850 in
579 4793 684 4852 circulo
707 4795 783 4854 circa
799 4793 907 4865 Solem,
931 4790 1007 4851 alius
1028 4800 1125 4851 motus
1148 4809 1200 4851 seu
1225 4793 1337 4868 integra
1359 4793 1503 4852 resolutio
1527 4792 1633 4854 diurna
1657 4794 1769 4870 eorporb

435 4882 511 4939 circa
533 4897 615 4938 axem
630 4898 723 4955 suurn,
747 4880 838 4940 veluti
861 4882 886 4938 si
909 4882 933 4937 is
955 4880 1019 4937 axis
1041 4886 1120 4939 esset
1143 4880 1307 4950 immobilis,
1333 4878 1368 4939 de
1392 4898 1450 4956 qua
1473 4884 1501 4939 lu
1518 4879 1653 4941 doctrina
1674 4881 1768 4960 epirae-

433 4970 493 5026 rica
515 4975 622 5026 aetum.
666 4967 762 5028 centri
790 4974 900 5026 motum
930 4966 1063 5025 diurnum
1092 4969 1270 5042 exquirimus
1301 4967 1348 5026 hic
1370 4967 1554 5027 mensurandi
1580 4986 1687 5045 musa,
1714 4982 1767 5028 oot-

433 5057 512 5129 poris
535 5054 652 5113 diurnus
675 5058 750 5115 circa
771 5073 857 5114 suum
879 5072 964 5114 uem
985 5062 1048 5113 erat
1071 5056 1183 5131 integra
1204 5054 1361 5132 revolutio,
1384 5058 1447 5132 ipse
1469 5058 1516 5115 sui
1538 5073 1685 5118 mensura.

521 5142 593 5201 Vide
616 5141 690 5201 libro
714 5143 781 5203 Vll.
806 5143 842 5202 de
865 5158 941 5201 anno
965 5150 1024 5199 tom
1047 5144 1159 5218 tropico
1180 5160 1268 5218 quam
1289 5141 1404 5203 sidereo
1420 5143 1511 5218 plura,
1536 5143 1634 5221 deque
1655 5143 1764 5221 ejnain-

433 5233 511 5306 oepit
530 5248 550 5293 a
569 5231 697 5308 positivo
719 5231 862 5309 principio
884 5227 1104 5306 marqumate
