4459 6275
827 773 908 830 Liber
925 774 1042 831 Tertius.
1077 774 1145 830 Pars
1164 775 1274 846 Quarta.
1662 777 1726 839 265

466 954 534 1033 Quo
555 965 738 1032 argumetum
766 958 877 1015 aititur
898 956 971 1014 haee
998 956 1208 1034 comparatio?
1242 954 1319 1033 Quia
1340 960 1439 1015 aestus
1462 969 1582 1014 eausam
1605 951 1731 1011 diximus

375 1059 441 1103 csse
463 1043 542 1107 Solis
565 1043 760 1113 altitudinem,
784 1051 1016 1103 consummatum
1038 1046 1127 1119 igitur
1148 1053 1261 1104 aestum
1283 1049 1414 1121 praestat
1436 1050 1638 1101 consummata
1653 1037 1731 1099 Solis

375 1129 521 1199 altitudo,
553 1131 671 1207 quaudo
694 1133 760 1191 sola
782 1133 856 1205 agit,
889 1148 946 1190 non
968 1132 1071 1205 adjuta
1095 1139 1233 1209 tempore.
1278 1131 1347 1191 Jarn
1378 1146 1446 1189 vero
1470 1130 1498 1186 in
1521 1145 1597 1188 zoua
1624 1126 1732 1186 torrida

375 1226 422 1277 est
444 1228 649 1278 consummata
663 1219 741 1279 Solis
764 1217 904 1293 altitudo;
928 1217 1063 1277 delinitur
1085 1221 1161 1277 euim
1184 1236 1259 1279 zoua
1282 1220 1399 1295 tropicis
1416 1215 1540 1288 duobus,
1564 1217 1639 1274 intra
1656 1230 1731 1290 ques

375 1303 429 1365 Sol
452 1303 527 1365 locis
549 1305 672 1382 siugulis
705 1307 863 1382 quotannis
895 1306 969 1363 binis
1000 1305 1176 1377 meridiebus
1206 1307 1233 1363 in
1258 1309 1353 1382 ipsum
1376 1305 1514 1364 verticem
1538 1304 1635 1376 venit,
1667 1319 1732 1361 cum

375 1391 529 1468 ecliptica,
553 1392 631 1452 Solis
652 1396 721 1465 iter,
745 1395 908 1469 porrigatur
930 1393 967 1450 ab
992 1410 1050 1452 uuo
1073 1395 1184 1470 tropico
1207 1393 1245 1453 ad
1267 1393 1367 1453 alium.
1412 1391 1550 1450 Vicissim
1573 1391 1643 1466 qnia
1666 1388 1731 1449 hie-

375 1481 433 1537 mis
462 1496 582 1539 causam
612 1479 737 1540 diximus
768 1498 832 1541 esso
855 1479 933 1539 Solis
961 1478 1155 1539 humilitatem
1186 1479 1365 1557 temporibus
1387 1477 1569 1538 meridianis:
1599 1476 1731 1553 plenaria

377 1569 468 1643 igitur
491 1566 569 1627 Solis
593 1567 759 1639 humilitas,
775 1557 839 1626 ¹hoc
862 1576 907 1626 est
930 1566 1077 1643 depressio
1100 1569 1156 1626 sub
1179 1568 1359 1628 horizontem
1382 1575 1411 1625 et
1433 1567 1476 1625 sic
1498 1565 1633 1624 absentia
1655 1574 1731 1625 tern-

379 1670 451 1730 pore
474 1654 635 1715 meridiano
654 1660 765 1714 mertun
788 1655 878 1729 frigus
901 1663 1045 1713 causatur.
1091 1653 1161 1715 Janr
1186 1673 1254 1715 vcro
1277 1658 1306 1714 in
1323 1655 1405 1715 zonis
1427 1652 1550 1729 frigidis,
1573 1668 1648 1728 quas
1672 1654 1729 1711 cir-

377 1740 462 1801 culus
490 1741 600 1818 polaris
632 1744 854 1814 circumscribit,
885 1741 983 1799 nullus
1012 1749 1056 1800 est
1078 1740 1177 1815 locus,
1210 1745 1259 1819 qui
1282 1760 1339 1803 non
1362 1759 1414 1818 per
1436 1740 1549 1816 aliquot
1572 1741 1640 1799 anni
1666 1739 1729 1797 dies

376 1827 447 1888 Sole
476 1837 589 1904 eareat,
621 1837 659 1889 ut
683 1828 912 1889 demonstratum
940 1836 1021 1905 parto
1046 1831 1138 1889 tertia.
1184 1830 1273 1891 llectc
1306 1832 1394 1906 igitur
1426 1830 1499 1887 istae
1522 1843 1613 1886 zonae
1636 1845 1655 1885 a
1676 1827 1729 1885 iri-

376 1933 458 1992 goro,
482 1916 591 1976 torrida
613 1935 632 1975 a
651 1916 756 1990 calore,
780 1933 839 1993 quo
855 1923 986 1989 torretur,
1010 1915 1242 1977 denominantur.
1287 1917 1473 1994 Relinquitur
1487 1916 1584 1992 igitur,
1607 1921 1639 1972 ut
1654 1922 1731 1973 tem·

376 2011 498 2081 perstas
529 2021 622 2065 nonae
653 2006 822 2080 temperatis
851 2005 925 2071 aurii¹
948 2006 1079 2079 partibus
1102 2012 1320 2081 comparentur,
1354 2005 1424 2080 quia
1452 2003 1528 2061 intra
1551 2003 1678 2077 tropicos
1701 2011 1730 2059 et

377 2090 496 2166 polarcs
520 2100 588 2150 sunt
610 2093 792 2166 constrictae,
816 2093 950 2166 nuspiam
974 2090 1071 2151 Solem
1095 2110 1201 2168 passae
1225 2091 1405 2166 verticalem,
1431 2092 1565 2167 nuspiam
1587 2088 1656 2149 Solo
1678 2106 1730 2165 per

379 2186 474 2237 toturn
499 2176 575 2239 diem
598 2179 760 2238 naturalem
785 2196 914 2254 uuquam
937 2188 1077 2238 carentes.

467 2265 596 2352 Receaaq
616 2269 775 2325 uarietates
795 2267 1003 2338 solstitiorum,
1032 2274 1189 2342 satusque
1211 2275 1239 2325 et
1259 2267 1377 2341 hiemis,
1407 2271 1594 2343 perceptam
1612 2266 1731 2340 positas

374 2353 524 2426 sphaerae
545 2354 585 2413 ab
607 2354 743 2427 ecliptico
764 2353 927 2426 distirrctos,
959 2354 1066 2428 quibam
1087 2357 1223 2430 quiaque
1243 2370 1338 2415 nonae
1360 2355 1591 2429 distinguuntur
1620 2358 1731 2437 cilter-

377 2443 550 2500 minantur.
597 2441 630 2499 ln
662 2457 737 2499 zona
765 2440 873 2499 torrida
901 2439 1029 2500 solstitia
1056 2443 1191 2518 nuspiam
1221 2444 1277 2500 ruisi
1306 2444 1334 2499 in
1369 2442 1432 2517 ejus
1466 2441 1596 2499 terminis
1628 2437 1728 2498 Solem

377 2526 489 2585 habeut
517 2527 703 2589 altissimum.
749 2528 821 2586 Cum
855 2529 943 2602 igitur
972 2530 1099 2588 maxima
1128 2527 1206 2587 Solis
1237 2527 1361 2587 altitudo
1394 2532 1423 2586 in
1456 2526 1576 2586 meridie
1610 2526 1731 2585 definiat

378 2616 502 2674 aestatis
524 2616 713 2692 principium,
736 2616 856 2674 minima
879 2615 996 2674 hiemis:
1014 2631 1082 2692 ¹nou
1108 2617 1195 2690 igitur
1217 2617 1318 2692 incipit
1341 2615 1387 2674 hic
1410 2621 1508 2674 aestas
1531 2615 1568 2672 ab
1591 2613 1754 2675 alterutro.

378 2700 516 2782 solstitio,
539 2704 594 2760 nisi
618 2705 646 2759 in
671 2705 852 2762 extremitate
876 2719 976 2776 zonae,
999 2706 1054 2761 sub
1070 2706 1197 2778 tropie03
1221 2713 1316 2763 cetera
1331 2702 1398 2762 loca
1420 2701 1545 2762 torridae
1562 2700 1732 2761 intermedia

379 2789 535 2864 analogice
557 2788 705 2865 loquendo
729 2789 802 2849 duas
825 2789 933 2848 habent
956 2798 1093 2864 aestates,
1116 2789 1185 2850 Sole
1208 2809 1260 2866 per
1283 2792 1419 2850 verticem
1442 2798 1626 2859 transeunte,
1658 2787 1730 2846 duas

377 2875 506 2950 hiemes,
539 2875 608 2936 Sola
631 2879 661 2935 in
683 2875 815 2936 solstitiis
839 2879 996 2945 existente,
1027 2876 1145 2956 quaudo
1169 2896 1256 2954 quam
1287 2884 1385 2955 potest
1407 2877 1578 2953 longissime
1601 2874 1731 2935 detieetit

378 2964 408 3020 in
431 2963 599 3023 meridianis
620 2963 700 3023 horis
722 2964 761 3023 ab
785 2963 899 3022 illorum
923 2965 1080 3023 verticibus
1102 2964 1140 3024 ad
1160 2965 1237 3024 larus
1260 2975 1414 3041 utrumque
1437 2963 1545 3024 mundi.
1588 2962 1731 3037 Reliquae

378 3068 472 3111 zonae
495 3050 627 3126 singulas
650 3051 761 3110 hahent
788 3058 932 3124 aestates,
963 3050 1093 3125 singulas
1122 3052 1231 3113 hiemes
1255 3055 1283 3111 in
1307 3070 1399 3112 annos
1428 3051 1576 3124 singulos,
1610 3049 1690 3109 iliam
1712 3067 1732 3107 a

377 3139 519 3198 solstitio'
540 3138 615 3204 alto,
647 3139 722 3198 hanc
752 3139 790 3198 ab
821 3138 921 3197 humili
950 3138 1130 3216 incipientes.
1175 3141 1237 3200 Sub
1259 3149 1418 3217 aequatore
1441 3142 1542 3217 igitur,
1575 3140 1604 3196 in
1633 3135 1730 3197 medio

376 3244 471 3290 zonae
495 3226 630 3300 torridae,
655 3227 742 3296 binae
763 3233 891 3300 aestates
914 3233 981 3284 snut
1002 3230 1029 3285 in
1054 3229 1129 3287 binis
1152 3231 1353 3304 aequinoctiis,
1377 3228 1487 3287 bieures
1509 3228 1595 3290 binae
1617 3243 1731 3301 acqua·

378 3314 446 3374 liter
468 3314 529 3374 lere
552 3316 625 3372 inter
648 3322 775 3373 aestates
797 3314 975 3388 interjectae,
999 3316 1106 3389 quibus
1130 3317 1309 3392 temporibus
1332 3334 1421 3393 penes
1445 3332 1499 3374 nos
1522 3316 1643 3394 aestatis
1665 3314 1731 3372 hie·

378 3403 475 3460 misse
498 3402 673 3478 principium
697 3395 759 3470 est:
792 3402 946 3477 utrobique
977 3404 1052 3460 enim
1076 3404 1238 3478 aequaliter
1267 3404 1365 3463 illisa
1390 3406 1496 3463 vertice
1520 3401 1571 3463 Sol
1595 3399 1730 3462 deflectit.

378 3490 464 3549 llaec
488 3498 584 3548 tamen
610 3491 736 3548 varietas
759 3497 918 3565 perpetuae
942 3492 1089 3564 temperiei
1112 3490 1234 3549 similior
1257 3501 1317 3564 est,
1342 3510 1429 3567 quam
1452 3492 1558 3550 aestati
1581 3495 1610 3548 ct
1632 3488 1729 3547 hiemi.

377 3576 430 3636 Sol
455 3579 532 3634 enim
555 3593 613 3634 non
636 3574 793 3635 multorum
816 3577 927 3635 dierum
950 3576 1117 3636 meridianis
1140 3570 1265 3637 horis'in
1290 3582 1428 3639 verticem
1451 3578 1561 3651 incidit,
1584 3575 1637 3636 sed
1653 3574 1731 3636 ecle-

379 3668 451 3724 riter
473 3664 512 3724 ab
535 3672 635 3726 austro
657 3666 761 3722 transit
784 3666 811 3722 in
835 3666 1062 3739 septentrionem
1085 3673 1114 3724 et
1138 3667 1274 3736 vicissim,
1299 3684 1363 3725 curn
1387 3667 1568 3743 potissimam
1593 3664 1733 3739 temporis

376 3759 493 3828 partem
526 3750 710 3809 iu'arenhus
733 3749 859 3809 solstitio
890 3753 994 3809 vicinis
1017 3762 1177 3810 consumat.
1223 3751 1293 3811 hies
1317 3757 1405 3813 etiam
1429 3762 1488 3811 tam
1510 3753 1616 3811 aestivi
1642 3768 1730 3826 quam

377 3840 504 3911 hiberni,
529 3856 594 3897 crim
617 3840 678 3896 suis
695 3840 830 3897 noctibus
852 3840 911 3896 siut
933 3838 1086 3912 aequales,
1110 3839 1220 3899 habent
1243 3841 1330 3914 igitur
1352 3841 1474 3900 iervoris
1496 3840 1617 3899 aestatis
1640 3840 1730 3898 iuter-

377 3928 480 4003 posita
498 3927 581 4001 justa
604 3934 689 3984 noeto
713 3933 825 3999 gratam
849 3927 1035 4000 temperiem3
1065 3925 1174 3984 hubent
1197 3926 1307 3986 hiemes
1330 3927 1442 3998 Solem,
1474 3945 1538 3987 cnm
1562 3925 1730 4001 longissime

376 4015 496 4073 absistit
508 4015 546 4081 ,iu
569 4011 718 4072 solstitiali
734 4012 862 4084 meridie,
887 4014 1012 4071 vicinum
1030 4012 1128 4076 adirue
1151 4012 1260 4083 vertici,
1284 4032 1337 4073 nec
1351 4014 1468 4090 longius
1493 4008 1576 4095 237,
1592 4009 1731 4088 gradihus
1751 4065 1753 4069 ,

376 4102 587 4172 absistentem,
619 4116 684 4159 cnm
713 4099 792 4175 apud
815 4117 869 4158 uos
893 4102 920 4156 in
944 4108 1057 4159 aestate
1087 4107 1186 4158 nostra
1214 4099 1302 4161 distet
1325 4089 1450 4176 longius.
1495 4102 1601 4177 itaque
1624 4115 1731 4158 causae
1787 4176 1792 4184 ι

377 4189 484 4248 hiemis
508 4190 638 4263 ipsorum
660 4186 729 4263 plus
752 4187 910 4263 disponunt
932 4186 969 4245 ad
991 4187 1144 4258 feruorem,
1169 4204 1257 4263 qnam
1280 4205 1386 4248 causae
1409 4196 1527 4249 nostrae
1549 4189 1680 4248 aestatis.
1709 4217 1712 4222 -
1824 4236 1834 4256 ,
1917 4225 1922 4234 ·

467 4274 546 4334 luter
568 4284 757 4350 aequatorem
780 4284 809 4335 et
832 4276 973 4351 tropicos,
1002 4274 1113 4355 scilicet
1135 4277 1165 4332 in
1188 4292 1247 4334 uuo
1271 4275 1361 4336 latore
1383 4294 1475 4336 zonae
1498 4275 1638 4348 torridae,
1671 4274 1732 4333 hini

377 4361 497 4438 quidem
522 4368 589 4420 snnt
613 4361 675 4421 dics
698 4364 775 4433 anni,
800 4363 906 4437 quibus
930 4362 1034 4421 diebus
1049 4361 1100 4421 Sol
1124 4362 1183 4422 illis
1205 4380 1351 4422 summum
1374 4371 1511 4424 earrsatur
1532 4371 1656 4436 aestum,
1680 4379 1732 4439 per

378 4451 518 4509 verticem
542 4451 651 4526 quippe
675 4451 833 4522 hairaiseis,
866 4457 897 4507 at
926 4449 968 4507 illi
998 4450 1057 4509 bini
1080 4450 1143 4509 dies
1173 4468 1240 4509 curn
1263 4451 1393 4512 discessu
1423 4451 1480 4511 loci
1510 4452 1548 4511 ab
1571 4457 1731 4526 aequatore

377 4546 407 4597 et
430 4538 487 4596 sibi
511 4538 635 4596 invicem
660 4546 690 4595 ct
713 4545 833 4613 uterque
856 4537 982 4596 solstitio
1006 4535 1146 4612 paulatim
1171 4541 1420 4616 appropinquant:
1444 4541 1487 4599 sic
1509 4529 1541 4598 ut
1563 4538 1656 4600 hiems
1678 4554 1731 4596 scu

377 4626 512 4684 remissio
536 4624 641 4684 caloris
664 4640 732 4696 ona,
757 4625 871 4684 duabus
888 4627 1060 4700 interposita
1082 4626 1253 4697 aestatibus,
1277 4627 1373 4687 hieme
1394 4629 1540 4687 contraria
1560 4627 1600 4685 sit
1615 4626 1733 4685 brevior

377 4713 514 4786 adeoque
538 4721 567 4771 et
589 4710 719 4783 calidior,
744 4713 814 4788 quia
837 4710 887 4770 Sol
912 4713 939 4768 in
964 4710 1015 4770 illa
1037 4729 1095 4770 nou
1119 4721 1179 4771 tarn
1203 4713 1289 4790 longe
1313 4712 1436 4773 discedit
1457 4732 1475 4774 a
1499 4716 1616 4787 vertice,
1642 4729 1731 4789 quarn

378 4803 407 4858 in
430 4799 541 4871 altera,
573 4799 635 4858 dies
666 4801 754 4858 etiam
778 4807 894 4859 etcum
919 4800 954 4856 iis
977 4808 1077 4857 aestus
1099 4799 1247 4876 longiores
1270 4801 1377 4861 habere
1400 4803 1518 4878 incipit,
1551 4798 1639 4877 quam
1672 4816 1729 4857 non

378 4894 493 4947 tantum
516 4888 545 4943 iu
568 4885 663 4946 hieme
686 4885 787 4954 altera,
811 4886 862 4945 sed
886 4887 974 4946 etiarn
999 4885 1046 4945 vel
1071 4889 1099 4945 in
1124 4890 1195 4963 ipsis
1217 4889 1295 4948 binis
1317 4889 1489 4948 aestatibus.
1536 4889 1678 4965 Adeoque
1701 4889 1730 4944 in
1781 4901 1792 4916 ⁸

377 4975 452 5034 locis
475 4975 587 5050 tropico
610 4975 714 5032 vicinis
737 4982 864 5033 aestates
887 4972 954 5033 illae
971 4974 1066 5046 binae,
1090 4974 1247 5034 solstitium
1271 4979 1500 5051 circumstantes,
1523 4975 1598 5036 adeo
1615 4983 1730 5046 coeunt,

378 5070 412 5121 ut
432 5061 565 5120 hiemem
581 5060 712 5130 atteram,
736 5079 825 5136 qoam
846 5060 955 5119 habere
977 5078 1053 5135 noua
1075 5062 1183 5121 torrida
1205 5069 1302 5139 potest
1324 5065 1354 5121 in
1376 5063 1621 5137 solstitioaltiori,
1643 5063 1730 5139 peni·

379 5160 426 5208 tus
450 5149 562 5209 elidant
591 5150 679 5224 inque
711 5149 877 5207 continuam
909 5149 1050 5208 aestatem
1081 5158 1260 5210 convertant.
1305 5151 1340 5208 In
1362 5169 1490 5225 sumina,
1519 5169 1593 5210 zona
1622 5149 1731 5209 torrida

378 5245 551 5316 perpetuam
574 5235 790 5314 quodammodo
812 5238 900 5299 sentit
910 5244 1060 5313 aestatem,
1084 5246 1217 5316 respectu
1239 5254 1378 5316 zonarum
1394 5247 1572 5315 ceterarum3
1595 5238 1730 5316 hiemem,
