4459 6275
902 781 986 839 Liber
1002 781 1111 838 Sextus
1148 780 1217 873 Pars
1235 778 1368 837 Secunda
1739 782 1801 846 iit

444 967 506 1021 toto
528 958 582 1021 iilo
602 961 768 1020 interuallo
788 976 916 1037 pcrpcrn
936 963 971 1019 in
992 976 1049 1020 ruo
1070 963 1246 1033 ecccntrico,
1278 960 1398 1019 υἰάειιιι·
1419 966 1618 1035 transponere
1638 957 1803 1019 rcacndm

444 1052 607 1108 stationem
628 1051 728 1124 mopie
757 1051 791 1106 in
820 1051 1042 1124 consequentia.
1097 1048 1132 1107 ur·
1157 1048 1225 1121 hoc,
1258 1064 1368 1123 onore,
1401 1050 1455 1122 qai
1480 1049 1579 1122 perpit
1603 1047 1746 1121 adocirrn
1778 1049 1803 1104 ir

443 1139 544 1210 mopis
570 1137 734 1213 prelonpot
765 1135 845 1194 bone
874 1139 1045 1212 portionem
1068 1135 1149 1194 oriris
1171 1134 1296 1194 annai?
1321 1137 1424 1210 perpit
1445 1140 1548 1192 onum
1571 1134 1717 1207 uelocius,
1749 1135 1803 1209 qni

442 1230 485 1281 ert
506 1224 651 1300 inferior,
680 1240 746 1282 non
769 1226 824 1298 qai
845 1225 996 1298 superior.
1042 1222 1075 1280 ld
1108 1220 1225 1298 quidem
1250 1238 1351 1281 rernm
1374 1227 1435 1295 eat3
1463 1228 1495 1279 at
1520 1219 1595 1280 haec
1615 1221 1803 1298 prolongatio
1914 1278 1916 1283 .

444 1324 530 1369 arcus
552 1311 632 1369 urhis
655 1312 755 1385 magni
776 1325 835 1368 non
857 1316 957 1387 potest
979 1326 1073 1386 aeque
1096 1309 1196 1369 valere
1218 1309 1261 1367 illi
1278 1308 1494 1368 abbreviationi
1517 1306 1647 1383 ejusdem
1671 1308 1710 1367 ob
1732 1324 1803 1384 pro·

444 1398 642 1475 piuqoitatern
664 1397 809 1456 inferioris
832 1396 869 1456 ed
894 1398 994 1456 orbem
1014 1413 1172 1473 magnom3
1196 1395 1285 1456 eilioit
1300 1411 1369 1456 vero
1384 1395 1441 1454 boc
1455 1393 1650 1469 solummodo,
1674 1403 1706 1453 ut
1728 1394 1802 1455 baec

442 1482 598 1560 prolixitas
619 1487 761 1560 temporis
782 1483 1066 1559 retrogradationum
1089 1500 1147 1543 uon
1172 1490 1286 1543 tueatur
1309 1484 1525 1561 proportionem
1549 1493 1704 1561 exactam,
1726 1498 1803 1559 quae

441 1572 573 1630 pasoitur
606 1588 642 1630 ex
675 1571 857 1631 diversorum
894 1570 1065 1631 intervallis.
1120 1571 1194 1630 Nam
1226 1570 1370 1631 Saturnus
1404 1580 1450 1630 est
1482 1570 1542 1630 iere
1583 1568 1673 1647 duplo
1714 1569 1802 1629 altior

442 1675 532 1734 quam
554 1656 688 1737 Jupiter,
722 1665 751 1718 et
773 1658 822 1717 bic
852 1657 938 1735 triplo
962 1660 1048 1718 altior
1068 1656 1185 1724 Marte,
1218 1665 1247 1717 et
1269 1665 1368 1718 tamen
1391 1659 1498 1734 exiguo
1521 1656 1637 1734 longius
1661 1663 1706 1718 est
1728 1664 1803 1716 tem·

441 1762 499 1823 pue
519 1744 782 1822 retrogradationis
803 1744 976 1820 Saturniae,
1005 1763 1060 1805 uec
1081 1745 1199 1822 longius
1222 1743 1342 1805 Joviala
1365 1753 1496 1824 tempus,
1529 1760 1617 1822 quam
1640 1745 1802 1822 sesquiter-

442 1836 516 1893 tium
539 1831 684 1893 Martialis
707 1834 827 1893 circiter.
972 1829 974 1833 ’

534 1917 620 1981 Unda
640 1920 696 1980 boe
716 1927 774 1994 cet,
806 1919 888 1996 quod
910 1920 1070 1980 Saturniae
1089 1922 1255 1979 minimum
1284 1936 1393 1978 orcum
1416 1919 1569 1995 cdipticac
1590 1925 1732 1995 pererret
1752 1938 1802 1980 re·

440 2015 572 2068 rroenra
592 2025 663 2081 tuo,
692 2007 820 2084 Jupiter
839 2007 1029 2080 mediocrem,
1055 2006 1142 2066 liora
1162 2005 1358 2067 monimum?
1400 2004 1500 2082 Hujus
1522 2008 1565 2066 rei
1587 2020 1707 2066 murem
1737 2024 1802 2066 rur-

439 2112 506 2157 sum
529 2093 612 2155 solus
635 2093 814 2174 Gopernicus
836 2111 873 2155 ex
896 2097 958 2155 suis
981 2093 1195 2172 hypothesibus
1219 2093 1356 2170 detegere
1380 2100 1490 2172 potest,
1521 2103 1673 2154 mussante
1704 2101 1801 2154 astro·

439 2182 540 2242 nomia
565 2183 656 2243 reteri
678 2188 709 2241 et
730 2181 878 2258 epicyelos
901 2182 1073 2257 inaequales
1096 2180 1307 2253 introducente,
1331 2180 1413 2241 nulla
1436 2180 1647 2258 magnitudinis
1671 2180 1801 2243 indicata

440 2286 541 2331 cause.
587 2270 637 2329 Fit
657 2270 748 2345 igitur
769 2268 836 2340 hee,
859 2271 929 2345 quia
945 2269 1089 2329 Saturnus
1111 2269 1282 2345 longissime
1296 2268 1382 2328 abest
1400 2267 1542 2328 aciroulo
1557 2267 1685 2329 Telluris
1701 2285 1801 2329 annuo

440 2375 495 2417 seu
519 2357 589 2416 orbe
613 2372 737 2432 magno,
760 2354 878 2432 Jupiter
901 2359 1035 2434 propior,
1059 2356 1141 2416 Mare
1163 2357 1313 2432 proximus
1335 2354 1378 2413 illi
1401 2355 1518 2416 incedit.

523 2454 596 2509 llinc
612 2455 683 2509 euim
701 2453 832 2525 sequitur,
851 2456 875 2509 si
893 2454 953 2523 quis
973 2454 1067 2509 orbem
1085 2453 1212 2523 Telluris,
1231 2461 1262 2509 nt
1279 2453 1333 2520 Bc,
1354 2467 1388 2506 ex
1406 2452 1523 2522 planeta,
1541 2458 1573 2508 ut
1590 2468 1625 2508 ex
1638 2453 1666 2522 S,
1684 2455 1802 2510 intuere·

436 2543 496 2603 tur,
525 2533 550 2587 si
568 2532 640 2587 hune
663 2533 750 2586 risum
772 2531 806 2585 iri
824 2548 936 2600 parrum
960 2534 1147 2602 existumo,
1171 2533 1301 2601 majorem
1323 2546 1358 2586 ex
1375 2531 1458 2597 Jora,
1481 2529 1627 2585 maximum
1652 2545 1687 2585 ex
1704 2532 1802 2589 Marta.

436 2615 584 2670 videretur
599 2619 691 2667 autem
709 2627 759 2681 per
777 2611 846 2667 duas
865 2610 973 2679 risiras,
993 2612 1034 2668 SC
1053 2619 1081 2667 et
1099 2611 1157 2680 SB,
1175 2611 1251 2667 illum
1269 2610 1396 2678 utrinque
1414 2607 1616 2676 contingentem
1638 2608 1736 2678 quibus
1755 2624 1802 2679 ap·

436 2693 591 2766 proximare
614 2691 732 2746 diximus
754 2690 821 2746 bina
841 2689 1033 2760 parallelorum
1057 2690 1146 2759 paria,
1175 2704 1245 2758 quae
1270 2687 1403 2744 stationes
1422 2683 1563 2741 deliniunt.
1598 2686 1696 2757 Itaque
1719 2687 1803 2753 tirel

434 2768 517 2841 plane
536 2769 662 2824 immotos
680 2769 807 2823 haereret
824 2766 943 2837 planeta,
961 2776 1027 2823 tuno
1046 2768 1142 2823 eodem
1160 2765 1272 2836 augule
1296 2782 1351 2837 qno
1370 2764 1508 2820 videretur
1526 2764 1614 2821 orbita
1631 2764 1750 2821 Telluris
1767 2783 1802 2823 ex

435 2849 464 2919 Β,
482 2847 596 2921 planeta
613 2846 643 2903 in
660 2865 740 2902 unam
759 2846 862 2902 zodiaci
879 2849 999 2919 plagam,
1018 2862 1034 2900 a
1051 2845 1145 2917 qual]
1159 2844 1205 2900 Sol
1222 2851 1278 2901 stat
1297 2845 1406 2913 (angulo
1424 2841 1528 2897 sufficet
1541 2840 1613 2913 CSB,
1632 2843 1711 2913 cnjus
1728 2848 1801 2901 mei·

434 2943 500 2984 sura
518 2927 590 2982 foret
608 2940 687 2981 arcus
705 2926 816 2992 zodiaci,
835 2924 1047 2995 comprehensus
1065 2924 1138 2978 inter
1155 2920 1365 2993 perseuerasse,
1385 2918 1445 2989 SB),
1463 2919 1559 2975 eodem
1570 2919 1680 2989 inquom
1693 2921 1801 2993 angulo,

434 3006 478 3064 rel
495 3004 544 3077 qni
561 3004 586 3060 el
605 3004 640 3059 ad
658 3005 793 3070 rertiocm,
812 3002 977 3060 continuatis
995 3018 1104 3057 sumum
1124 3001 1173 3068 CS,
1194 3000 1245 3068 BS,
1264 2997 1403 3053 rideretur
1420 3015 1454 3053 ex
1478 2998 1563 3054 Terra
1581 3000 1613 3065 B,
1633 3002 1655 3055 (l
1671 3001 1699 3055 in
1716 3018 1801 3073 oppo-

433 3087 487 3143 sita
504 3083 621 3141 zodiaci.
637 3084 718 3154 plaga
739 3099 819 3141 arcus
837 3082 995 3154 apparentis
1013 3080 1268 3150 retrogradationis,
1292 3077 1419 3132 minimus
1437 3076 1574 3148 altissimi,
1598 3080 1733 3136 maximus
1751 3082 1801 3136 bn·

433 3164 547 3219 miiliml.
583 3165 643 3222 Nec
666 3165 736 3219 enlm
760 3165 849 3220 miuus
871 3163 927 3231 jam
947 3164 965 3219 S
991 3177 1041 3231 pro
1068 3168 1162 3215 centro
1184 3158 1299 3213 lixarum
1323 3156 1418 3211 haberi
1436 3164 1542 3227 potest,
1570 3173 1631 3213 cum
1655 3159 1737 3215 eh'am
1755 3161 1800 3217 ES

434 3242 609 3300 intervalium
628 3246 663 3299 sit
681 3243 847 3299 insensibile.
884 3244 964 3311 Qnod
989 3257 1053 3295 rere
1071 3254 1165 3295 rerum
1184 3245 1270 3306 esset,
1295 3236 1387 3307 posita
1404 3236 1496 3305 quiete
1518 3236 1647 3305 planetae
1670 3240 1698 3293 in
1716 3240 1747 3305 S,
1772 3241 1801 3297 id

434 3339 488 3378 non
506 3321 593 3376 multo
611 3322 695 3378 habet
712 3321 803 3384 aliter,
822 3328 968 3390 postquam
987 3325 1111 3387 constat,
1130 3318 1267 3387 planetam
1284 3331 1339 3370 uon
1357 3313 1511 3383 quiescere,
1531 3316 1579 3371 sed
1598 3333 1724 3387 prorsum
1742 3335 1799 3376 mo

434 3402 500 3457 reri
535 3402 607 3458 liam
625 3402 648 3456 si
666 3401 731 3470 quid
750 3401 803 3456 boc
820 3400 913 3456 turbat
932 3409 961 3458 et
978 3399 1002 3454 si
1020 3398 1118 3454 minuit
1136 3396 1324 3466 apparentiam
1342 3393 1468 3465 eplcycll,
1486 3395 1584 3452 minuit
1602 3405 1676 3456 certe
1694 3414 1753 3455 eam
1772 3401 1800 3456 iu

435 3479 688 3551 omuibu150mues
708 3481 778 3536 euim
796 3480 924 3550 planetae
942 3480 1013 3534 reris
1031 3476 1088 3534 suis
1107 3477 1226 3533 motibus
1245 3484 1311 3532 eunt
1328 3476 1356 3530 in
1375 3476 1580 3544 consequentia.

524 3574 567 3630 At
592 3589 648 3630 cnr
675 3590 740 3634 non
760 3580 833 3631 eunt
853 3573 886 3632 isi
909 3588 999 3631 orcus
1018 3573 1217 3646 proportione
1243 3570 1342 3644 perdo
1360 3570 1507 3643 propiore
1529 3573 1727 3645 proportioni
1748 3575 1800 3632 in·

437 3659 638 3720 urooiiorum
662 3658 741 3720 Solis
768 3668 796 3718 ct
824 3660 1017 3735 rinpuiornm
1045 3655 1273 3733 planetarum?
1321 3654 1359 3714 Ut
1385 3656 1461 3730 quia
1493 3653 1579 3714 Mure
1602 3657 1676 3731 plur
1704 3676 1798 3736 quom

437 3746 579 3820 sextuplo
599 3750 727 3821 propior
760 3754 801 3805 cst
825 3746 889 3807 Soli
910 3762 1006 3822 worn
1030 3744 1202 3817 Saturnus,
1231 3742 1351 3802 videtur
1373 3745 1468 3817 ipitar
1499 3742 1536 3801 ob
1555 3746 1695 3818 pnmem
1723 3764 1800 3806 can·

436 3829 504 3892 rom
534 3832 649 3892 dictem
673 3834 811 3909 sextuplo
832 3835 981 3906 maiorem
1004 3849 1114 3891 ercam
1138 3829 1410 3906 retroprodetionia
1436 3827 1547 3887 bebere
1569 3828 1673 3889 &berc
1704 3850 1800 3908 ᾳιισιιι

438 3919 610 3980 Saturnus.
654 3919 718 3981 Etsi
749 3937 808 3980 non
841 3919 910 3980 licet
939 3919 1076 3995 colligere
1104 3919 1322 3996 proportionem
1344 3914 1520 3992 angulorum
1547 3933 1582 3976 ex
1609 3921 1798 3995 proportione

436 4006 677 4081 intervallorum,
711 4015 745 4066 nt
775 4007 957 4067 demonstrat
980 4004 1118 4066 Euclides
1147 4007 1176 4062 in
1207 4001 1335 4082 Opticle,
1366 4009 1436 4063 sunt
1466 4011 1563 4064 tamen
1592 4002 1641 4063 bic
1671 4004 1797 4068 idoneae

437 4110 547 4154 ausae
569 4093 655 4168 aliae,
679 4111 756 4170 uuae
780 4111 984 4170 quameunque
1007 4093 1045 4152 ab
1068 4090 1233 4152 intervallis
1256 4089 1410 4150 deductam
1427 4091 1643 4169 proportionem
1666 4093 1796 4155 turbant.

440 4181 469 4262 l)
494 4179 575 4255 Quia
597 4180 724 4258 planctis
746 4181 1009 4258 progredientibus,
1034 4189 1064 4239 et
1087 4178 1218 4238 velocius
1242 4177 1301 4251 ilio,
1326 4181 1378 4255 qui
1402 4187 1447 4237 est
1469 4178 1595 4251 inierior,
1621 4179 1691 4240 bina
1713 4182 1797 4262 paria

438 4267 649 4346 parallelarom
672 4271 818 4328 visionum
847 4268 963 4345 longine
989 4265 1130 4327 recedunt
1157 4285 1177 4325 a
1198 4267 1314 4343 punctis
1347 4272 1543 4329 conterinum.
1589 4265 1687 4342 Quare
1712 4286 1796 4328 arcus

439 4357 520 4416 orbis
543 4357 644 4432 magni
673 4359 877 4433 interpuncta
900 4358 1077 4426 stationum,
1106 4356 1201 4413 minor
1230 4352 1374 4425 redditur,
1401 4356 1496 4413 minor
1525 4355 1613 4415 etiam
1644 4356 1798 4433 apparebit

439 4462 475 4503 ex
500 4441 521 4501 S
546 4442 611 4502 loco
634 4442 780 4519 planetae.
827 4441 858 4521 2)
881 4442 958 4518 Quia
981 4459 1040 4517 quo
1063 4443 1190 4518 quisque
1221 4439 1404 4518 progreditur
1425 4440 1573 4514 velocius,
1602 4441 1658 4501 boc
1680 4442 1797 4520 longius

439 4532 609 4606 transponit
630 4530 727 4590 locum
751 4530 917 4607 eclipticum
940 4530 1076 4588 stationis
1098 4527 1259 4602 secundae,
1278 4531 1307 4586 in
1327 4545 1415 4604 quem
1430 4529 1476 4589 OS
1499 4530 1634 4603 dirigitur
1655 4530 1798 4606 producta

439 4633 544 4677 ruane
572 4617 669 4677 locum
700 4618 867 4695 eclipticum
896 4619 1032 4678 stationis
1060 4619 1171 4693 primae
1200 4626 1381 4694 manantem,
1411 4633 1463 4692 per
1485 4617 1533 4677 BS
1564 4618 1713 4692 signatum
1740 4621 1796 4680 sub

439 4705 522 4777 linis,
556 4722 623 4764 erim
652 4704 704 4766 ille
735 4708 765 4764 in
796 4704 1035 4766 antecedentibus
1067 4706 1121 4776 sit,
1152 4704 1201 4762 hic
1233 4706 1261 4761 iu
1296 4707 1542 4780 mnusquentibus
1572 4703 1684 4765 sodiacl
1712 4704 1795 4766 locis.

438 4792 622 4853 coeuntibus
645 4795 733 4869 igitur
756 4792 828 4853 looie
850 4793 993 4867 eclipticis
1015 4791 1351 4863 stationum,·minuitur
1372 4793 1477 4851 iterum
1500 4793 1640 4853 velociori
1659 4791 1796 4868 planetae

439 4895 538 4956 eoque
558 4880 687 4939 interiori
710 4897 796 4940 arcus
818 4881 970 4957 eclipticus
993 4877 1268 4955 retrogradationis,
1299 4895 1386 4954 quem
1408 4880 1434 4938 is
1458 4879 1545 4940 valde
1574 4896 1713 4957 nemum
1736 4887 1798 4941 erat

438 4970 604 5028 sortiturus.
1331 5001 1333 5003 -

530 5058 569 5114 dt
589 5056 781 5114 conneriurn
807 5062 910 5113 earnm
932 5053 1035 5113 diuidi
1061 5051 1129 5127 {leri
1150 5054 1185 5110 in
1206 5069 1270 5112 nno
1292 5053 1398 5128 aliquo
1417 5054 1561 5128 planeto,
1593 5061 1728 5129 rapacia
1747 5058 1797 5114 sui

439 5145 537 5218 ipsine
559 5142 677 5200 altioris
701 5142 745 5199 ocl
767 5142 945 5201 humilioris.
998 5139 1035 5198 Ut
1064 5142 1090 5196 si
1113 5136 1200 5197 Mora
1230 5147 1274 5198 cat
1294 5141 1376 5198 eltae
1408 5159 1428 5200 u
1450 5150 1552 5201 ccntm
1574 5141 1698 5211 murtdr',
1727 5142 1796 5203 loth

437 5233 559 5307 piarent
578 5228 696 5304 conficit
717 5245 827 5290 eroum
848 5226 1140 5305 rnropredotionia,
1171 5227 1357 5304 tiburnilir,
1389 5226 1566 5294 ὁιιυίοιιιιι.
1615 5228 1702 5305 Oetae
1723 5229 1797 5290 buce
