4459 6275
942 771 1155 844 mlo
1633 781 1696 844 no

343 950 487 1028 mjueqne
509 950 615 1013 domne
636 951 786 1014 circinum.
830 951 889 1011 Via
911 949 1104 1011 inartificialia
1125 948 1253 1026 quidem,
1275 959 1307 1011 at
1326 951 1458 1022 inhaeret
1479 951 1537 1013 eoli
1557 969 1619 1014 aec.
1642 954 1699 1015 ob·

342 1039 442 1115 liqnao
464 1048 495 1100 et
516 1042 573 1116 ipel
596 1041 704 1102 circuio
727 1039 844 1099 domne:
868 1038 1043 1099 eierationla
1064 1037 1128 1114 poli
1149 1037 1400 1114 euperjcirculum
1422 1039 1526 1101 domne
1548 1041 1698 1119 antiloqu-

342 1127 480 1186 ritbmnm
509 1131 641 1205 proxime
669 1131 822 1191 moenium
847 1126 925 1186 adde
954 1125 1015 1201 ing.
1037 1142 1099 1186 aee.
1133 1125 1288 1201 obliquae,
1323 1141 1400 1202 quae
1427 1131 1546 1204 proprio
1574 1139 1620 1189 eet
1654 1130 1698 1188 iiii

315 1268 318 1273 ,
342 1214 461 1288 domni3
484 1231 629 1276 remmam
651 1232 745 1275 cerva.
791 1213 905 1273 Deinde
927 1212 1078 1289 ingredere
1099 1211 1181 1270 iilum
1204 1213 1336 1287 ejusdem
1357 1215 1433 1273 elev.
1456 1214 1518 1290 poii
1546 1221 1583 1286 (tn
1609 1225 1698 1274 nbula

342 1320 419 1371 cupra
435 1306 479 1359 tol.
501 1310 563 1360 etc.
582 1304 717 1373 decepta)
742 1312 773 1361 et
800 1301 1085 1377 conjecturalem,
1118 1302 1169 1375 qui
1191 1299 1311 1376 qradne
1327 1308 1557 1379 praeterpropter
1580 1306 1698 1379 oriatur,
1777 1325 1781 1331 ·

342 1389 408 1465 ejoe
436 1404 522 1447 arena
551 1386 703 1464 eclipticae
732 1389 791 1465 loq.
815 1388 892 1448 adde
918 1387 1095 1464 loguritbmo
1127 1386 1228 1463 anguli
1258 1387 1353 1447 eidem
1374 1387 1529 1466 edacnptt3
1561 1399 1643 1462 tnnc.
1671 1395 1698 1451 ei

341 1491 459 1535 namma
492 1477 679 1535 constituitur
708 1475 830 1554 leudem,
868 1492 958 1552 qoam
991 1477 1073 1552 priua
1106 1475 1281 1548 aeeervirati,
1313 1493 1399 1535 verm
1428 1475 1478 1536 ilie
1506 1478 1562 1537 crit
1589 1477 1698 1555 qradm

341 1566 449 1634 orione,
472 1565 517 1620 ein
542 1565 647 1635 minna,
671 1564 839 1640 conjectura
861 1572 907 1623 eet
931 1562 1102 1639 repetenda,
1126 1561 1205 1637 quod
1226 1560 1259 1620 iit
1278 1561 1380 1638 iacile,
1404 1567 1475 1640 quia
1496 1564 1597 1641 anguli
1616 1565 1698 1625 tarde

341 1657 500 1711 muunrm.

432 1733 483 1797 De
516 1737 799 1797 directionibus
839 1735 1047 1797 coeundum
1079 1735 1430 1817 Regiomontannm.
1486 1736 1588 1801 Praen
1624 1743 1697 1803 20⁴.

342 1823 473 1884 Deducit
494 1825 543 1884 bie
563 1832 667 1884 auctor
687 1827 878 1900 promieeoree
893 1822 939 1898 =ad
961 1823 1100 1884 circulum
1123 1825 1278 1900 pneiiionia
1300 1842 1352 1899 per
1367 1824 1593 1901 significatorem
1607 1828 1697 1888 docti.

342 1912 410 1972 Hoc
441 1923 474 1973 ut
499 1912 561 1973 fieri
590 1915 698 1989 poenit,
727 1912 777 1972 eit.
808 1911 871 1989 poli
898 1928 987 1989 anper
1009 1911 1088 1970 bunc
1109 1910 1352 1987 circulumpriue
1374 1914 1481 1988 inquiri
1504 1914 1608 1989 debet,
1637 1933 1699 1992 qua

342 2002 506 2060 oonaiitnta
527 1998 614 2059 iaeile
636 1995 773 2076 deincepe
796 2009 826 2060 et
847 2015 908 2060 uec.
932 1998 991 2059 obl.
1013 1998 1218 2074 significatoria
1243 2013 1332 2075 enper
1351 1997 1430 2059 bunc
1451 2001 1591 2061 cirenlnm
1613 2005 1699 2063 inre·

341 2091 429 2149 nitor.
475 2088 585 2147 Detam
615 2095 714 2147 antem
741 2093 857 2163 oportet
878 2102 943 2147 eaee
966 2085 1191 2146 declinationem
1220 2094 1251 2147 et
1272 2102 1333 2146 aec.
1355 2096 1465 2147 rectam
1494 2089 1699 2167 significatoria

341 2186 373 2236 et
402 2174 493 2251 bnjne
522 2177 740 2251 comparatione
770 2191 837 2234 cum
859 2173 897 2232 A.
919 2173 955 2233 R.
978 2171 1022 2232 biss
1045 2172 1077 2234 C.
1105 2181 1138 2233 et
1164 2172 1333 2234 &tundam
1360 2174 1424 2249 ejue
1446 2180 1648 2252 aequaturiam
1679 2197 1699 2239 a

341 2262 513 2323 meridiano.
558 2260 644 2320 'lunc
665 2262 699 2320 iit
719 2261 898 2338 triangulum
928 2264 1003 2320 inter
1023 2259 1049 2318 P
1072 2259 1187 2336 poium,
1217 2260 1486 2337 Seigniiicetorem
1513 2264 1594 2323 etii
1616 2265 1699 2325 bori-

341 2354 437 2410 aontie
460 2365 634 2409 concurrum
656 2365 723 2408 mm
746 2350 861 2409 circuiit
882 2350 1037 2428 poeib'onie
1060 2364 1186 2424 cumque
1206 2347 1384 2409 meridianu-
1420 2349 1537 2411 Dantnr
1557 2351 1622 2427 PH,
1650 2353 1697 2413 ΡΒ

341 2447 374 2499 et
395 2436 490 2513 surh
517 2453 554 2496 er
582 2436 627 2494 bie
656 2445 841 2513 computatur
861 2435 948 2497 PSH.
994 2433 1168 2512 nog.1>sfl
1198 2434 1274 2495 addo
1295 2435 1356 2513 loq.
1379 2436 1441 2512 ΡΒ,
1469 2440 1616 2500 creabitur
1636 2440 1695 2517 loq.

340 2526 494 2603 quaeeiiee
516 2523 569 2583 nit.
591 2522 653 2600 poli
674 2541 763 2601 cuper
784 2522 924 2583 circulum
945 2524 1108 2600 positionia.
1168 2541 1170 2546 ·

429 2611 555 2671 Praen
579 2612 653 2671 205.
697 2611 910 2688 significatoria
938 2628 999 2672 aec.
1029 2610 1090 2671 obl.
1118 2626 1207 2687 anper
1228 2608 1307 2670 bunc
1335 2627 1422 2671 enom
1450 2613 1590 2674 circulum
1613 2618 1695 2691 poei-

340 2703 432 2760 tionia
463 2701 611 2758 invenitur
639 2715 691 2776 per
722 2700 836 2774 uliquoe
866 2697 1074 2774 ingeritbmoe3
1104 2696 1143 2757 ud
1166 2696 1226 2774 leg.
1257 2695 1335 2758 Peri
1361 2699 1478 2775 adjecto
1512 2701 1571 2775 loq.
1604 2701 1696 2762 decli·

340 2789 490 2859 retinnit,
522 2803 541 2845 e
574 2802 690 2845 eumnra
721 2790 869 2846 auferatur
901 2787 1024 2862 entilog.
1054 2783 1105 2844 ait
1133 2785 1195 2861 poli
1222 2802 1312 2861 anper
1338 2786 1478 2849 circulum
1505 2792 1696 2868 propositum,

340 2875 466 2935 reatebit
493 2872 556 2950 loq.
579 2873 638 2935 diii.
662 2890 739 2948 aee,
770 2889 847 2950 quee
876 2872 979 2933 addita
1007 2872 1057 2933 rel
1077 2871 1181 2932 ablata
1206 2873 1245 2933 ab
1277 2890 1338 2934 aec.
1368 2883 1450 2935 recta
1479 2873 1530 2936 dut
1551 2893 1612 2940 aee.
1636 2877 1696 2938 ubl.
1817 2966 1829 2988 ,

340 2964 516 3039 quaeritatur.

429 3048 560 3108 Praen
585 3047 657 3108 206.
702 3047 897 3107 Promueorn
913 3063 972 3110 nec.
995 3046 1055 3107 obl.
1087 3063 1176 3125 cuper
1204 3047 1343 3107 menium
1366 3050 1520 3126 peritionie
1547 3051 1697 3125 eiqniflca·

340 3139 415 3198 toria
436 3135 523 3196 iacilc
546 3135 708 3211 inquiritur,
731 3136 757 3193 ei
780 3135 904 3211 primum
927 3133 1081 3213 indagetur
1101 3143 1242 3211 pennum
1265 3138 1397 3197 cooriena
1426 3140 1481 3214 ipei
1502 3156 1591 3216 anper
1614 3140 1696 3199 illum

340 3224 484 3285 circulum
506 3241 559 3283 neu
583 3225 612 3281 in
626 3218 686 3282 'illa
709 3222 769 3299 poli
792 3221 854 3294 alt,
878 3222 926 3281 vel
947 3222 1022 3282 aliae
1045 3222 1092 3283 vel
1115 3222 1252 3300 ponendo
1274 3226 1387 3299 iprum,
1410 3228 1461 3301 qni
1483 3229 1645 3302 quaeritur,
1665 3236 1698 3287 et

340 3314 520 3391 positionem
542 3308 728 3369 rcriiieendo.
773 3308 805 3369 Si
828 3317 925 3369 tamen
947 3313 1120 3386 promittens
1140 3310 1226 3370 locue
1246 3319 1291 3371 eet
1312 3312 1342 3370 in
1364 3313 1430 3388 ipra
1452 3313 1602 3391 ecliptica,
1632 3316 1697 3391 ejna

342 3400 471 3474 anguine
494 3399 614 3458 orientia
635 3413 671 3456 ex
695 3396 798 3456 tabula
821 3404 919 3472 poteet
942 3400 1066 3477 excerpi,
1090 3405 1121 3458 et
1142 3407 1213 3457 tnnc
1234 3397 1294 3475 loq.
1309 3398 1409 3476 unguii
1431 3403 1551 3461 orientia
1573 3402 1698 3462 addatur
1787 3459 1789 3468 ,

339 3486 519 3563 logeriibmo
541 3502 626 3544 arcue
649 3482 802 3563 ecliptiane
825 3486 1089 3561 abaequinoctio,
1122 3503 1141 3545 a
1162 3501 1277 3545 comma
1297 3487 1445 3547 auferatur
1469 3488 1529 3566 log.
1553 3489 1698 3549 elevatio·

337 3577 388 3635 nia
409 3574 579 3660 aequatorie
602 3587 692 3648 anper
712 3568 794 3630 illum
817 3571 975 3647 circulum,
1003 3572 1150 3651 relinquet
1171 3572 1378 3647 logarlibmom
1407 3574 1507 3636 iateria
1528 3580 1697 3654 aequatoria

339 3659 561 3739 remordentia,
590 3659 670 3736 quod
701 3659 876 3720 determinet
902 3676 961 3719 aec.
993 3660 1144 3737 obliquam
1172 3662 1296 3737 joaram.
1341 3661 1512 3722 Differentia
1536 3681 1607 3725 vero
1636 3671 1696 3727 a'ec.

340 3749 529 3825 obliquorum
557 3746 761 3823 eignidcatorie
791 3756 823 3807 et
849 3748 1037 3823 promieaorie
1062 3764 1152 3825 snper
1182 3748 1259 3809 bunc
1287 3748 1428 3809 circulum
1460 3758 1506 3810 eat
1536 3768 1622 3812 arone
1650 3753 1697 3812 di·

318 3837 488 3898 ·rectionle.
1489 3863 1493 3872 ·

436 3923 487 3983 De
519 3918 803 3982 directionibus
841 3919 1047 3981 eorundum
1081 3922 1291 4001 Keplernm.
1348 3922 1490 3983 Chaldaei
1525 3926 1705 3988 rationabile·

339 4018 535 4091 putaverunt,
558 4010 749 4087 promiaeoree
773 4004 916 4067 dedocere
938 4009 977 4067 ad
999 4010 1211 4086 arguitieatcrer
1237 4028 1289 4087 per
1310 4010 1420 4086 gradun
1443 4013 1582 4088 aequale·
1605 4013 1698 4092 eclip-

341 4102 429 4172 tieae,
453 4097 503 4157 alii
525 4112 578 4173 per
601 4096 720 4154 dimon
743 4093 821 4153 Solle
844 4094 965 4170 medice,
988 4097 1040 4156 alii
1062 4113 1117 4173 per
1130 4114 1227 4176 veroa,
1249 4097 1300 4157 alii
1323 4114 1374 4176 per
1394 4115 1495 4158 eorum
1517 4116 1577 4161 eae
1592 4111 1697 4164 rectae.

342 4184 533 4253 Ptolemenoi
555 4180 731 4243 rationabile
754 4182 887 4257 poterit,
920 4186 1125 4260 promissorem
1148 4184 1290 4245 deducere
1319 4185 1357 4245 od
1379 4187 1561 4248 conaimilem
1583 4189 1711 4265 eiqrriii·'

339 4274 449 4334 catorb
482 4274 570 4330 eitum
598 4288 650 4349 per
679 4284 798 4329 menum
829 4272 970 4347 eojnaqnc
1001 4270 1168 4332 dinmorum
1192 4281 1289 4351 parier
1317 4272 1444 4352 eimilee,
1476 4291 1606 4352 expenso
1627 4293 1696 4336 arco

337 4349 525 4437 aequatum,
557 4362 608 4435 qui
638 4374 703 4418 enm
734 4372 834 4416 eorum
865 4358 998 4434 quolibet
1025 4358 1197 4420 decurreret.
1243 4360 1494 4436 Regiomontanue
1523 4364 1697 4424 rationabile

342 4450 470 4527 putarit,
492 4456 526 4505 nt
548 4455 617 4506 anto
639 4445 757 4518 dutum,
780 4449 985 4524 promissorem
1008 4445 1151 4508 deducere
1172 4448 1210 4506 ed
1233 4448 1357 4508 cundem
1373 4448 1511 4510 circulum
1532 4453 1696 4526 poaitionle,

339 4539 371 4595 in
397 4551 456 4611 qno
478 4535 533 4593 luit
555 4534 743 4609 eigniiieaior,
767 4532 836 4593 licet
856 4549 915 4593 non
937 4551 1053 4615 eemper
1074 4534 1123 4595 iric
1144 4534 1182 4595 ad
1205 4536 1326 4596 eanda-
1349 4544 1461 4613 partem
1476 4538 1585 4613 circuli,
1608 4554 1696 4615 qnam

338 4624 456 4683 oblim
477 4620 542 4695 ilie,
565 4624 659 4699 poerit
680 4620 837 4698 appellere.

431 4710 648 4785 Experientiam
670 4708 747 4768 veile
766 4707 895 4784 judicem
918 4712 993 4772 inter
1007 4710 1061 4771 boe
1076 4709 1333 4782 moderaturum,
1356 4712 1543 4771 orcitautinm
1566 4721 1611 4773 eet
1634 4722 1695 4787 aut,
1718 4749 1721 4756 ι
1776 4723 1780 4729 ·

336 4800 369 4862 ai
391 4804 558 4856 monentem
580 4799 669 4856 ebum
691 4805 845 4873 spernunt,
877 4797 1058 4858 credulorum
1081 4808 1110 4858 et
1132 4798 1287 4858 imbecillia
1304 4797 1410 4873 judicii
1431 4798 1591 4859 bominum.
1636 4801 1697 4861 lm·

337 4883 483 4963 poeeibile
505 4902 534 4942 n.
559 4892 613 4956 ear,
636 4884 674 4943 ad
696 4891 757 4942 tem
778 4886 892 4945 minute
912 4890 1013 4946 venire
1036 4885 1224 4964 experiundo,
1248 4886 1362 4945 etiamsi
1379 4902 1486 4945 nerum
1502 4890 1696 4947 andecimum

340 4987 544 5049 eappooarnna
574 4988 675 5031 enrene
703 4987 798 5030 rarum
820 4972 1012 5034 bumunamnr
1040 4991 1107 5033 cnm
1130 4974 1203 5034 eolla
1230 4976 1358 5033 omnium
1381 4989 1535 5033 cumarum
1557 4975 1697 5037 directio·

340 5060 441 5135 nibue,
463 5059 570 5121 nedum
592 5061 618 5117 ei
641 5061 830 5132 conceeeerie,
852 5077 959 5121 ceurae
981 5064 1169 5123 intercurrere
1192 5066 1281 5122 etiam
1304 5060 1388 5120 aliae.
1434 5061 1527 5138 igitur
1548 5070 1578 5123 et
1599 5063 1696 5141 Kep-

339 5148 464 5221 ierue‚
487 5155 702 5208 anoeceeeorum
725 5148 867 5224 exemplie
888 5165 921 5209 ee
942 5151 1077 5209 munione
1101 5166 1157 5209 nec
1178 5156 1292 5211 ainata
1312 5150 1492 5226 experientia
1520 5151 1696 5218 rationabile¹

340 5243 444 5314 piat,
471 5234 684 5313 eignibemmea
706 5250 878 5311 promovere
903 5238 934 5295 iu
957 5239 1168 5315 eoneeqnentia
1195 5239 1345 5315 agnorum
1373 5253 1477 5298 verane
1504 5238 1697 5315 promiaeoree
