4459 6275
508 760 572 821 806
1005 748 1147 819 Epitornes
1164 751 1356 808 hermannno

506 934 566 993 ilus
594 931 670 994 alius
693 931 752 993 alio
776 937 989 1006 consequatur:
1019 928 1094 990 adeo
1118 928 1251 1007 quidem,
1282 937 1315 989 ut
1338 931 1368 988 ia
1391 928 1476 991 Luna
1497 932 1588 991 etlam
1609 934 1707 1010 ipsam
1728 942 1863 995 nonu

508 1023 687 1099 paucitatem
709 1026 814 1080 testem
837 1016 966 1078 adducat
987 1017 1131 1077 interioris
1147 1018 1249 1079 Irenae
1271 1017 1448 1077 conditionis
1469 1020 1649 1095 majorisque
1678 1025 1866 1099 cognationis

510 1126 577 1168 cum
599 1108 698 1168 Terra.
742 1105 816 1166 Vult
839 1105 930 1179 enim,
963 1120 1039 1180 quae
1069 1105 1324 1193 finemlsummum
1346 1113 1451 1166 natura
1473 1123 1528 1165 soa
1550 1112 1692 1186 consequi
1714 1120 1866 1187 nequeunt

509 1195 694 1269 omnimode,
727 1193 779 1254 illa
799 1209 837 1252 ne
860 1195 902 1251 uti
925 1191 1043 1268 quidem
1066 1192 1166 1251 multis
1189 1191 1399 1253 molitionibus.
1443 1192 1483 1251 Et
1503 1193 1612 1256 Terrae
1635 1196 1757 1274 quidem
1779 1198 1866 1275 plens

510 1283 643 1345 inutilem
667 1282 794 1342 loturum
817 1280 906 1339 luisse
929 1287 1040 1338 motum
1063 1279 1101 1339 ad
1125 1279 1205 1339 illum
1230 1280 1317 1339 mem
1331 1279 1578 1355 consequendum,
1601 1299 1699 1360 eoque
1713 1283 1866 1363 lllamps·

509 1373 590 1431 altus
612 1372 776 1448 quiescere3
810 1367 924 1426 Lunam
954 1365 1149 1444 aliquousque
1171 1368 1308 1443 progredi
1330 1384 1455 1444 seseque
1478 1366 1515 1426 ad
1537 1366 1626 1429 linem
1647 1371 1732 1432 illum
1753 1376 1866 1435 emin

511 1457 682 1531 extendero,
714 1447 879 1533 superiores
901 1454 958 1514 line
980 1457 1082 1531 potiri,
1114 1454 1167 1514 sed
1188 1454 1289 1515 multis
1311 1455 1455 1529 motibus,
1478 1471 1645 1532 supremum
1668 1456 1787 1519 eoelum
1808 1478 1866 1521 uno

509 1545 636 1623 simplici
666 1552 757 1603 motu.
803 1542 908 1618 Itaque
935 1541 1043 1601 itunae
1071 1540 1190 1618 πραξεις
1220 1541 1320 1621 (plane
1347 1542 1404 1602 hac
1434 1559 1509 1602 voce
1536 1544 1625 1604 etiam
1652 1543 1757 1624 utitur)
1790 1550 1866 1608 sitas

509 1632 675 1713 plantarum
698 1632 834 1690 uniformi
858 1637 1026 1706 comparat3
1049 1632 1231 1706 superiorum
1254 1624 1333 1690 vero'
1348 1628 1468 1707 πραξεις
1490 1631 1569 1691 ritae
1586 1632 1760 1692 animalium
1775 1637 1868 1711 mgb

509 1722 621 1782 variae.
666 1718 774 1779 Omnia
802 1726 900 1778 tamea
932 1721 988 1776 iste
1016 1733 1140 1794 corpora
1166 1715 1270 1776 barum
1299 1720 1449 1778 actionum
1479 1716 1588 1795 indtgs'
1609 1719 1694 1794 iacit,
1726 1736 1765 1780 eo
1789 1721 1866 1797 quod

510 1809 596 1869 tinem
619 1821 648 1868 et
672 1805 884 1868 beatitudinem
907 1814 989 1865 extra
1011 1821 1077 1864 sese
1100 1804 1238 1864 habeant.
1284 1803 1372 1865 Hunc
1394 1808 1483 1881 igitur
1505 1806 1695 1868 Aristotelem
1716 1825 1777 1885 ego
1796 1808 1869 1869 aaut

510 1895 649 1956 lectorem
677 1902 705 1954 et
736 1910 885 1955 censorem
910 1902 980 1968 opto
1004 1891 1121 1970 epilogo
1143 1909 1210 1952 meo
1232 1880 1303 1951 librr‘
1322 1893 1359 1952 V.
1383 1891 1641 1968 Harmonicerum,
1674 1895 1868 1956 mimimo

510 1985 584 2061 lpsl,
615 1998 729 2042 summo
756 1980 867 2059 judicio
890 1976 1036 2056 Principi,
1067 1989 1100 2039 ut
1128 1986 1227 2056 optem
1254 1980 1323 2057 plus
1346 1983 1413 2054 otii,
1446 1979 1491 2040 sas
1512 1997 1572 2041 uon
1595 1989 1649 2043 est.
1694 1981 1776 2043 lllud
1798 1982 1867 2042 mibi

511 2078 590 2131 certo
614 2067 794 2149 persuadeo,
817 2070 841 2126 si
866 2074 896 2127 et
917 2070 946 2126 in
970 2083 1023 2140 ea,
1048 2084 1125 2143 quae
1146 2069 1263 2144 scripsit
1285 2067 1470 2142 Aristoteles,
1494 2076 1524 2128 et
1546 2070 1575 2127 in
1598 2069 1749 2147 epilogum
1770 2088 1867 2132 meurs

453 2148 459 2157 ⁴
512 2160 688 2235 exquisitam
719 2157 829 2233 ingenii
857 2156 917 2213 vim
948 2152 1125 2228 intenderet,
1158 2162 1252 2215 totum
1282 2162 1311 2215 et
1338 2173 1357 2216 a
1384 2157 1492 2216 nosttis
1519 2157 1652 2235 partibus
1673 2166 1821 2219 statum
1840 2168 1869 2219 st

511 2245 590 2322 quod
613 2262 699 2318 nunc,
722 2244 765 2303 'le
789 2242 946 2317 ominante,
970 2238 1125 2302 dissidium
1147 2243 1222 2303 inter
1244 2258 1298 2303 nos
1312 2246 1410 2303 animo
1426 2245 1581 2320 concipiet,
1603 2252 1712 2323 suopte
1725 2246 1868 2307 abrasa

510 2349 575 2393 com
598 2333 750 2392 ositarnm.

456 2428 460 2436 ’
500 2488 504 2497 ,
577 2352 646 2479 ¹,hd
668 2417 876 2479 occurrendum
905 2418 1073 2477 novationis
1096 2415 1242 2491 invidias,
1274 2418 1400 2494 primum
1423 2435 1460 2478 ex
1481 2435 1536 2478 usu
1559 2436 1625 2480 meo
1647 2419 1752 2495 luerit,
1781 2420 1867 2482 Sus·

469 2530 471 2534 ·
510 2508 672 2580 pissimum,
696 2508 750 2566 etsi
772 2505 858 2565 facile
882 2507 980 2564 omnia
1000 2522 1033 2565 se
1056 2506 1122 2581 ipso
1144 2502 1244 2564 sidere
1264 2512 1374 2581 posset,
1397 2522 1432 2565 er
1456 2504 1619 2567 abundanti
1641 2513 1742 2569 umen
1764 2507 1867 2569 adno-

509 2598 572 2656 neri
595 2595 631 2655 de
654 2593 823 2654 discrimine
845 2594 920 2652 inter
942 2608 1071 2653 amorem
1094 2610 1146 2653 seu
1163 2591 1349 2654 annotelteo
1375 2593 1467 2653 verbo
1486 2595 1565 2653 sitim
1581 2595 1761 2672 cognitionis
1774 2613 1868 2657 rem

509 2682 687 2743 naturalium
711 2691 740 2742 et
762 2683 837 2740 inter
860 2679 1077 2740 contradicendi
1101 2688 1262 2757 contraque
1292 2680 1437 2761 sentiendi
1461 2680 1621 2743 libidinem.
1668 2680 1782 2745 Omnes
1802 2683 1868 2761 pht-

508 2770 628 2848 losophi
652 2769 773 2841 Graeci,
803 2766 919 2841 Latini,
949 2784 1051 2827 omues
1078 2772 1187 2843 po'e'tae
1213 2769 1319 2841 etiam,
1351 2775 1516 2844 agnoscunt
1537 2776 1653 2848 raptum
1675 2770 1813 2830 divinum
1831 2769 1868 2831 ad

510 2856 679 2935 indaganda
702 2873 792 2935 opera
813 2854 887 2929 Dei,
916 2872 970 2917 nee
992 2854 1030 2914 ad
1054 2854 1224 2932 indaganda
1247 2862 1360 2915 aarum
1383 2858 1536 2933 privatim,
1565 2856 1618 2918 sed
1641 2860 1732 2918 etiam
1755 2857 1795 2920 sd
1816 2858 1869 2919 dc·

511 2944 604 3006 cende
625 2945 757 3025 publice:
789 2944 818 3000 iu
847 2960 935 3019 quem
963 2950 1079 3020 raptum
1103 2944 1208 3020 conjici
1231 2951 1343 3019 potest,
1374 2944 1523 3005 calumnia
1545 2948 1679 3007 audesne
1701 2948 1869 3009 norsum

480 3066 483 3071 ·
510 3033 720 3095 adhaerescere
742 3047 800 3091 uon
823 3037 932 3108 potest.

795 3117 850 3179 Est
872 3118 958 3178 Deus
979 3121 1014 3177 r'n
1035 3116 1131 3188 nohis,
1155 3119 1292 3194 agitante
1313 3119 1490 3180 cdescirnus
1509 3118 1579 3180 tito:

873 3205 1000 3266 Sedibus
1022 3205 1168 3264 aethereis
1188 3208 1314 3281 spiritus
1336 3207 1386 3266 ille
1407 3210 1498 3266 venit.

598 3295 656 3355 llic
678 3293 893 3354 declamatione
916 3293 995 3371 apud
1018 3293 1062 3352 'le
1084 3309 1144 3349 aon
1167 3300 1213 3352 est
1235 3309 1317 3369 opus,
1341 3311 1399 3354 non
1423 3296 1513 3354 etiam
1535 3294 1613 3372 apud
1630 3295 1868 3358 Serenissimum:

511 3382 576 3442 sola
599 3382 744 3442 demotis
768 3380 903 3441 addenda
926 3390 971 3442 est
993 3382 1112 3441 mentio.
1151 3380 1213 3439 Nec
1235 3383 1311 3440 enim
1334 3381 1469 3459 figendae
1492 3392 1560 3442 suat
1576 3381 1763 3460 indagationi
1777 3393 1869 3444 metae

512 3473 540 3527 in
565 3487 725 3546 paucorum
750 3469 900 3529 hominum
921 3472 1054 3546 angustis
1070 3470 1204 3543 ingeniis.
1245 3469 1365 3528 Pusillo
1388 3471 1591 3529 rosmundae
1613 3480 1663 3546 est,
1686 3475 1750 3532 nisi
1772 3476 1808 3531 r'n
1828 3490 1870 3544 eo,

512 3558 595 3633 quod
617 3565 755 3634 praerat,
779 3560 878 3617 omnis
900 3557 1036 3616 mundus
1057 3559 1206 3629 inveniat,
1230 3558 1325 3634 inquit
1341 3556 1462 3618 Seneca.
1500 3557 1596 3619 Verac
1619 3558 1742 3635 quidem
1764 3577 1871 3637 specu·

510 3645 630 3704 lationis
653 3653 750 3706 metae
773 3652 842 3704 suut
865 3644 999 3717 eaedem,
1033 3661 1110 3721 quae
1134 3651 1163 3702 et
1185 3646 1281 3720 operis
1303 3644 1460 3718 mundani,
1490 3645 1584 3707 salsae
1607 3664 1676 3707 vero
1701 3656 1730 3708 et
1753 3648 1870 3707 exorbi-

513 3734 586 3791 tanti
617 3732 738 3793 cancelli
770 3732 953 3809 aroligione
977 3731 1145 3790 Christiana
1168 3731 1299 3791 nonnulli
1323 3742 1391 3793 sunt
1414 3733 1539 3808 obJecti‚
1570 3750 1607 3794 ne
1630 3752 1710 3794 error
1732 3737 1763 3793 in
1785 3752 1871 3812 prse-

511 3822 611 3897 eipitia
641 3823 730 3894 terat,
760 3822 908 3896 ceteroqui
936 3838 967 3879 se
1000 3822 1065 3895 ipso
1097 3821 1233 3877 innoxius
1256 3819 1379 3881 loturus.
1426 3821 1535 3879 Docuit
1557 3839 1611 3881 nos
1634 3821 1772 3900 exemplo
1795 3825 1871 3882 anti-

510 3908 626 3983 quitas,
659 3926 747 3984 quam
770 3909 877 3967 trustra
899 3915 992 3967 metas
1016 3906 1103 3965 homo
1127 3906 1215 3981 figat,
1245 3906 1294 3965 ubi
1318 3907 1401 3967 Deus
1424 3924 1481 3967 aon
1504 3908 1576 3970 fixit.
1624 3908 1720 3984 Quam
1743 3912 1872 3988 gravinr

511 4004 578 4053 sunt
609 3997 742 4072 increpiti
765 4014 784 4055 a
806 3997 907 4070 primis
931 3994 1106 4053 Christianis
1130 3996 1290 4052 astronomi
1314 3996 1439 4055 amnesi
1472 3995 1575 4055 Nonne
1605 3994 1641 4057 de
1672 4013 1734 4056 uno
1756 3998 1871 4075 scripsit

377 4096 382 4106 ’
508 4083 667 4156 Eusebius,
691 4082 773 4142 illum
796 4082 1046 4141 christianitatem
1069 4079 1210 4140 maluisse
1233 4080 1365 4142 deserere
1389 4085 1473 4161 (puto
1496 4087 1566 4160 quia
1588 4088 1871 4158 excommunicatus)

510 4188 600 4246 quem
623 4169 859 4248 professionem?
883 4167 957 4243 Quis
980 4168 1068 4228 bodie
1091 4167 1265 4227 imitandum
1288 4171 1413 4230 censet?
1436 4170 1539 4231 Nonne
1556 4171 1740 4233 Tertulliano
1764 4182 1795 4233 et
1809 4173 1871 4232 Atr-

511 4260 629 4330 guatiao
652 4260 774 4317 nimium
797 4273 900 4333 sapere
923 4258 980 4315 visi
1003 4263 1080 4327 sunt,
1105 4258 1156 4333 qui
1185 4257 1340 4333 antipodas
1363 4275 1429 4319 esse
1452 4257 1637 4318 docuerunt?
1665 4261 1701 4320 Et
1724 4261 1782 4319 tuit
1804 4262 1871 4338 qul-

512 4343 578 4404 dem
609 4344 753 4421 Virgilius
784 4343 1018 4420 salisburgensis
1048 4343 1212 4420 Episcopus
1243 4345 1281 4404 ab
1311 4345 1407 4405 otfieio
1437 4344 1584 4422 dejectus,
1619 4346 1698 4423 quod
1731 4347 1763 4408 ld
1795 4355 1872 4410 esset

511 4448 601 4491 ausus
632 4450 770 4493 asserere.
817 4431 941 4507 Quoties
963 4431 1089 4490 Romani
1118 4431 1310 4509 philosophos
1340 4433 1410 4492 urbe
1433 4434 1594 4509 ejecerunt,
1630 4443 1661 4493 et
1692 4434 1722 4494 id
1753 4435 1871 4512 quiden

510 4519 640 4579 moribus
664 4520 722 4579 illis
745 4521 806 4579 suis
830 4520 968 4595 antiquis,
994 4520 1100 4595 quibus
1125 4537 1171 4579 res
1194 4522 1292 4580 stabat
1308 4519 1466 4583 Romana?
1488 4521 1551 4580 Nos
1574 4529 1672 4581 tamen
1688 4521 1781 4584 hodie
1803 4540 1872 4584 sss·

511 4604 621 4665 clemins
646 4610 755 4684 ubique
778 4609 999 4681 constituimus,
1032 4606 1253 4684 philosophiam
1276 4606 1389 4681 doceri,
1422 4611 1631 4669 astronomiam
1654 4608 1773 4687 doceri,
1794 4611 1872 4672 nrt·

508 4693 603 4771 podas
626 4693 723 4755 doceri
745 4696 893 4770 jubemus.

598 4782 660 4859 ligo
685 4799 756 4841 voro
780 4785 868 4843 etiam
892 4784 1031 4859 privatim
1054 4801 1072 4842 a
1096 4800 1143 4842 me
1167 4784 1335 4842 novationis
1358 4785 1463 4842 vitium
1487 4782 1601 4843 idoneis
1622 4800 1763 4846 removeo
1778 4785 1871 4847 docu-

509 4871 625 4929 mentis.
663 4870 813 4929 'Veritatis
838 4871 867 4928 in
890 4887 937 4929 me
960 4872 998 4929 sit
1022 4886 1105 4928 umor
1128 4888 1164 4929 an
1189 4869 1315 4945 gloriae,
1342 4869 1502 4947 loquantur
1524 4870 1663 4948 dogmata
1686 4891 1772 4948 mea,
1796 4891 1871 4952 quse

509 4955 649 5033 pleraque
681 4958 747 5016 aliis
777 4965 899 5034 accepta
930 4959 1009 5016 tero:
1040 4965 1133 5016 totam
1164 4960 1373 5017 astronomiam
1404 4958 1558 5036 Copemiei
1587 4959 1806 5037 hypothesibus
1836 4961 1871 5020 rle

510 5044 634 5119 mundo,
669 5043 819 5121 Tychonis
853 5061 922 5103 vero
956 5042 1065 5104 Brahei
1099 5046 1373 5120 observationibus,
1408 5046 1535 5121 deniqne
1569 5045 1710 5108 Gulielmi
1745 5048 1871 5110 thberti

510 5131 599 5209 Angli
622 5133 805 5208 magnetieae
828 5131 1035 5209 philosophiae
1062 5132 1231 5192 inaeditieo:
1260 5137 1285 5191 si
1309 5136 1469 5194 novatione
1493 5133 1668 5209 delectarer,
1690 5135 1793 5196 iorsau
1815 5136 1871 5197 sli-

510 5218 581 5295 quid
612 5220 790 5282 comminisci
821 5236 939 5297 possem
970 5219 1067 5280 simile
1091 5220 1323 5281 Fraeastorianis
1345 5229 1399 5284 aut
1421 5221 1596 5283 Patrielaais
1618 5225 1870 5303 conceptionibus
