4459 6275
846 758 892 828 'ne
914 773 1042 842 spnoms
1065 773 1264 830 messoriae.
1699 779 1737 840 re

408 946 610 1072 ffl'udldlih
614 949 647 1001 ed
662 946 725 1000 hese
742 962 810 1001 more
827 958 946 1002 consueto
965 967 1015 1002 non
1035 954 1180 1018 respoudit,
1210 964 1288 1017 quere
1304 947 1429 1009 Keplsrus
1450 953 1508 1010 poet
1525 951 1541 996 t
1561 962 1658 1000 meuses
1676 952 1737 1002 haee

377 1018 434 1079 prio
475 1032 506 1068 us

753 1091 920 1177 clarissime
943 1094 1006 1170 Vir,
1030 1095 1208 1172 Praeceptor
1232 1091 1363 1153 colende.

466 1175 648 1238 Straussium
680 1178 718 1240 ad
749 1170 804 1240 vos
832 1185 1001 1257 pervenisse
1028 1182 1160 1260 gaude03
1195 1182 1245 1259 qui
1267 1183 1338 1258 quia
1360 1179 1463 1237 aberat
1483 1175 1642 1256 Tubinga,
1677 1197 1736 1258 quo

378 1271 512 1341 tempore
535 1265 707 1327 tabellarius
729 1268 784 1328 iste
807 1268 887 1347 apud
910 1288 964 1330 ros
988 1273 1119 1344 transiit,
1147 1268 1278 1329 nondum
1308 1267 1396 1345 igitur
1418 1267 1523 1327 certior
1545 1285 1610 1327 sum
1633 1268 1738 1345 iectus,

378 1369 416 1410 au
441 1353 496 1412 tibi
518 1353 651 1439 rqdditae
674 1358 733 1415 siut
753 1373 837 1417 meae
860 1356 986 1419 schedae
1009 1358 1289 1435 chronographicee.
1332 1353 1464 1414 Reddes
1480 1355 1568 1429 igitur
1590 1355 1639 1414 vel
1660 1374 1738 1416 nuuc

379 1456 425 1498 rne
448 1458 599 1516 securum,
622 1449 652 1502 et
674 1445 700 1502 ei
718 1442 815 1519 plecet
835 1449 974 1506 remittes
1019 1447 1070 1506 Sin
1094 1454 1194 1507 autem
1215 1445 1379 1505 Straussius
1402 1448 1501 1501 noster
1522 1441 1653 1502 laborem
1676 1461 1736 1504 non

378 1527 454 1602 fugit
476 1534 506 1588 et
527 1532 554 1587 si
577 1529 615 1588 ad
637 1548 741 1589 manus
765 1531 874 1591 diutius
897 1533 963 1594 illas
985 1537 1108 1595 retinere
1132 1536 1224 1611 cupis,
1249 1532 1365 1608 copiam
1387 1529 1431 1587 illi
1454 1529 1530 1588 iacio
1554 1529 1736 1592 describendi

378 1630 431 1690 pro
454 1620 484 1674 te
507 1633 598 1676 unum
621 1617 795 1696 exemplum.
842 1619 961 1680 Adorno
984 1621 1141 1725 Epitomen
1164 1619 1370 1681 Astronomiae
1395 1616 1633 1694 Copernicanae3
1666 1621 1737 1699 plu-

378 1703 485 1760 rimum
506 1705 620 1780 negotii
642 1705 714 1765 mihi
737 1706 869 1766 exhibuit
891 1707 992 1783 Luna,
1027 1711 1111 1786 cujus
1135 1728 1237 1770 omnes
1260 1709 1419 1767 varietates
1441 1705 1480 1764 ad
1504 1722 1609 1766 causas
1631 1708 1737 1786 phy'si·

379 1805 429 1848 cas
452 1790 590 1850 traduxi.
614 1802 647 1852 ut
671 1783 760 1870 igitur
781 1802 877 1854 certus
900 1814 994 1857 essem
1016 1797 1053 1858 de
1076 1814 1223 1858 consensu
1241 1813 1306 1855 cum
1322 1791 1487 1870 Tychone
1480 1810 1509 1850 ιιι
1526 1795 1639 1865 effectu,
1662 1799 1737 1855 scri·

379 1877 479 1938 hands
501 1879 556 1938 luit
578 1879 763 1958 Ephemeris,
788 1881 841 1941 sed
863 1882 930 1958 illa,
954 1884 1111 1960 Hercules,
1134 1888 1197 1944 s'iue
1221 1881 1432 1942 sufficientibus
1455 1880 1581 1957 tabulis,
1604 1880 1666 1944 sine
1690 1883 1737 1943 di-

380 1965 525 2048 ductlone-
549 1984 603 2026 seu
634 1971 821 2047 expensione
877 1969 902 2028 Ο
933 1969 1035 2032 duram
1065 1964 1262 2051 provinciaml
1302 1967 1427 2030 Absolvi
1457 1968 1591 2046 Lunam,
1626 1979 1738 2032 restant

380 2053 680 2132 quinqueplanetae.
725 2055 828 2117 Martis
857 2057 976 2132 quidem
1006 2069 1102 2121 motus
1126 2060 1242 2119 intrati
1266 2057 1368 2127 horas,
1399 2058 1424 2116 ei
1455 2059 1585 2131 annitar,
1615 2076 1737 2134 possum
1794 2122 1802 2132 ,

379 2141 542 2216 conticere,
573 2142 718 2204 Saturnus
748 2154 778 2220 et
800 2142 918 2222 Jupiter
940 2159 1063 2223 pervum
1087 2147 1240 2207 eccentrici
1263 2162 1363 2205 arcum
1385 2163 1443 2204 uno
1469 2163 1545 2205 anno
1569 2146 1735 2224 conficiunt,

378 2231 407 2286 in
429 2227 548 2289 Venere
577 2239 607 2290 et
629 2229 774 2291 Mercurio
802 2235 974 2308 potissimus
1002 2239 1056 2295 erit
1085 2227 1187 2309 labor,
1218 2232 1345 2292 nondum
1377 2234 1455 2295 enim
1484 2241 1553 2293 suut
1581 2235 1737 2313 absolutae

379 2315 508 2390 tabulae,
532 2317 681 2394 agendum
702 2325 753 2396 per
776 2319 931 2396 triangula.
976 2323 1014 2382 Et
1036 2325 1079 2395 ln
1088 2331 1172 2383 motu
1187 2315 1422 2381 commutationis
1433 2319 1560 2381 Veneris
1577 2325 1737 2384 etiamnum

377 2421 466 2506 spper
488 2403 604 2481 aliquot
625 2406 769 2484 scrupulis
788 2406 904 2468 dubito.
950 2408 1035 2488 Rogo
1059 2411 1201 2486 majorem
1223 2411 1252 2467 in
1276 2408 1410 2484 modum,
1440 2412 1593 2469 certiorem
1619 2428 1666 2470 me
1690 2411 1737 2471 la·
1816 2428 1820 2433 ·

377 2493 448 2566 cias,
471 2494 499 2551 si
520 2493 676 2570 Tubingae
699 2497 858 2572 reperiatur
880 2497 988 2573 aliquis
1011 2500 1117 2558 calculi
1138 2500 1258 2576 peritus,
1284 2499 1334 2573 qui
1356 2496 1395 2555 ad
1417 2513 1464 2555 me
1489 2497 1648 2557 concedere
1665 2498 1738 2558 velit

375 2597 429 2656 per
451 2579 572 2657 aliquod
595 2589 710 2660 tempus
734 2582 782 2642 vel
805 2601 858 2660 pro
880 2588 1143 2646 communicatione
1166 2587 1237 2645 artis
1260 2583 1309 2643 vel
1333 2601 1386 2660 pro
1408 2583 1565 2660 stipendio.

464 2667 666 2728 Tabellarium
689 2669 742 2729 ad
749 2670 787 2729 D
804 2672 841 2730 D.
866 2671 1025 2732 Besoldum
1049 2680 1077 2733 et
1101 2674 1280 2734 Straussium
1304 2670 1419 2747 ablega,
1444 2677 1473 2730 et
1496 2674 1566 2748 qula
1589 2672 1671 2734 tarde
1687 2691 1735 2734 re·

375 2757 502 2816 vertitur
524 2757 695 2817 tabellarius
718 2757 895 2835 Tuhingem,
919 2778 990 2837 rogo
1014 2762 1094 2840 apud
1115 2761 1154 2820 D
1179 2758 1339 2820 Beseldum
1362 2761 1468 2831 instes,
1493 2768 1525 2817 ut
1547 2760 1646 2820 literas
1670 2771 1736 2821 tuae

376 2859 443 2902 cum
467 2845 530 2902 suis
552 2841 593 2926 (in
610 2863 701 2905 causa
722 2846 842 2924 lorensi)
865 2864 917 2925 per
940 2848 1048 2909 celeres
1071 2848 1109 2907 ad
1132 2866 1190 2926 me,
1214 2848 1262 2906 vel
1286 2865 1344 2923 qua
1366 2848 1418 2904 via
1439 2846 1614 2907 brevissima
1628 2855 1736 2925 potest,

376 2933 565 2990 transmittat
611 2933 717 2994 Nescio
741 2932 831 3013 etism
854 2953 892 2995 au
914 2935 1115 3014 Tampachins
1138 2934 1326 2995 Frankolurti
1348 2935 1416 2993 anni
1439 2936 1519 2993 exitu
1543 2935 1736 3012 impressurus

376 3018 415 3075 sit
438 3017 649 3096 Ephemerida3
674 3039 782 3096 quaero
806 3041 841 3082 ex
862 3026 903 3098 te,
928 3026 953 3083 si
976 3026 1004 3082 in
1030 3044 1096 3085 eum
1119 3030 1257 3083 eventum
1280 3027 1377 3082 vester
1399 3022 1601 3100 typographus
1617 3042 1737 3102 opernm

378 3105 524 3168 collocare
547 3116 577 3168 et
599 3116 712 3170 sumtus
734 3110 829 3171 iacere
851 3111 931 3175 velit.

464 3194 551 3271 Vale,
575 3213 641 3256 cum
663 3200 721 3257 tuis
740 3198 809 3276 Deo
834 3198 1063 3261 commendatus.
1109 3200 1204 3260 Lincii
1229 3199 1257 3258 5.
1281 3195 1361 3275 Sept.
1390 3198 1482 3258 1616.
1572 3263 1577 3273 ,

953 3287 1062 3348 Excell.
1085 3288 1169 3348 Tuae

1342 3370 1581 3434 Officiosissimus

1470 3461 1503 3520 J.
1528 3463 1650 3539 Kepier.

446 3548 472 3601 J.
490 3548 651 3611 Straussius,
674 3560 758 3610 quem.
768 3546 831 3598 dicit
847 3545 970 3609 Keplerus
991 3549 1127 3608 Γ,1ιιιοιοιιι“
1147 3547 1282 3610 epistolae,
1308 3546 1424 3602 Dentieci
1443 3555 1601 3611 praeceptore
1619 3565 1679 3601 usus
1699 3557 1738 3602 eet

378 3616 565 3682 Gn‘rger01cir
585 3615 626 3666 vol
652 3615 720 3679 lI.p
722 3618 816 3676 Aoo)
833 3619 949 3672 Lineium
967 3620 1066 3667 transiit
1083 3632 1151 3666 anuo
1171 3620 1246 3666 1615.
1284 3616 1339 3675 Quo
1353 3622 1419 3665 stetu
1438 3630 1478 3669 res
1496 3619 1615 3670 Streussii
1633 3623 1738 3684 posthac

379 3689 487 3755 tuerint,
507 3699 544 3736 'ex
563 3689 603 3736 his
621 3684 725 3751 Crirgeri
747 3689 830 3737 verbis
857 3689 952 3737 elucet:
980 3689 1146 3736 intermittere
1164 3702 1214 3736 nou
1233 3701 1351 3748 possum,
1368 3689 1430 3751 quin
1449 3702 1579 3755 quaeram,
1598 3706 1632 3741 an
1651 3694 1737 3754 ignote

379 3759 425 3807 tibi
438 3760 473 3807 eit
485 3758 616 3823 Straussir
635 3757 672 3804 tui
693 3758 754 3805 olim
772 3758 871 3822 melque
890 3758 1020 3807 domestici
1040 3759 1170 3807 conditio?
1187 3759 1258 3805 Vixit
1277 3759 1298 3804 is
1310 3758 1477 3818 Regiomontr
1496 3762 1622 3821 professor
1639 3763 1736 3811 mathe-

380 3834 475 3876 meum
494 3825 620 3891 publicus.
656 3827 759 3876 Nihilne
780 3829 812 3875 ab
830 3842 859 3875 eo
874 3832 986 3889 tempore
1004 3828 1116 3893 (jamque
1134 3828 1262 3876 biennium
1280 3828 1307 3875 id
1324 3841 1415 3877 munus
1433 3828 1523 3894 gessit)
1540 3831 1588 3878 tibi
1606 3823 1737 3881 literarum

380 3901 410 3947 ab
429 3900 551 3947 homine?
568 3898 609 3945 Ιιι
626 3911 687 3948 saue
705 3899 822 3960 coniieio,
843 3911 899 3946 cum
918 3898 994 3958 dicas,
1011 3913 1051 3948 ms
1068 3899 1175 3948 solum
1168 3912 1195 3946 ιιι
1207 3898 1327 3947 Berusetis
1344 3912 1375 3946 ex
1393 3901 1483 3948 amicis
1507 3914 1642 3962 superesse.
1671 3904 1736 3953 Seue

380 3982 424 4028 eqo
442 3971 483 4030 ips
471 3971 494 4017 si
512 3969 620 4017 vicinior
638 3982 705 4032 sum,
735 3969 779 4016 sed
806 3963 893 4015 literas
916 3969 947 4015 ad
970 3984 1009 4016 me
1034 3969 1077 4016 dut
1101 3971 1143 4015 six
1166 3982 1270 4016 annuas.
1307 3964 1387 4019 ieie
1381 3981 1452 4036 pinge
1471 3967 1681 4037 ςιι·οιι31ιιιιιιιιι
1700 3971 1737 4026 bie

381 4036 461 4096 ὖιιιτ.
500 4035 608 4088 Uxorem
627 4052 652 4086 n.
670 4034 746 4087 duxit
762 4052 847 4086 mense
864 4039 933 4086 Juiio
951 4041 1011 4086 anni
1032 4041 1099 4087 1622
1105 4053 1212 4104 ,neque
1232 4038 1290 4085 dum
1309 4040 1419 4100 suscepit
1426 3982 1555 4090 g.sobolem
1592 4038 1638 4104 (ιιι
1656 4044 1736 4092 literis

380 4109 404 4160 d
422 4111 464 4159 25.
485 4109 554 4170 Sept.
575 4105 666 4173 1⁶23.)
701 4107 792 4156 Postea
816 4110 870 4168 (ιι
889 4106 1257 4172 Jul.1esr)1irplsro‚qui
1283 4110 1408 4158 Straussio
1436 4110 1543 4159 salutem
1567 4113 1669 4161 miserat
1693 4128 1737 4175 per

380 4177 524 4245 (irriguum,
543 4179 605 4228 haee
622 4177 743 4239 othgerus
762 4179 792 4226 de
810 4179 855 4226 iilo
874 4180 988 4229 nunciet:
1008 4180 1159 4228 Straussium
1178 4183 1221 4226 ιιιο
1240 4180 1339 4228 nomine
1352 4181 1468 4229 salutavi.
1486 4169 1642 4243 Sperabam
1661 4184 1694 4232 ab
1707 4197 1736 4233 eo

378 4264 524 4312 responsum
543 4250 583 4297 eei
599 4250 633 4299 ad
651 4263 689 4298 me
707 4250 747 4297 vel
764 4249 796 4297 sd
814 4254 853 4313 te,
878 4250 922 4297 sed
945 4248 1009 4297 nihil
1033 4250 1168 4310 rescripsit
1205 4248 1282 4298 Hune
1298 4263 1391 4298 morem
1409 4265 1426 4299 u
1443 4256 1559 4313 suscepta
1576 4253 1735 4317 professione

380 4320 523 4370 mormius
542 4322 664 4385 suscepit,
691 4319 724 4367 ad
741 4317 828 4367 literas
848 4320 986 4381 complures
1004 4322 1117 4367 visunis
1135 4320 1291 4379 respondero.
1328 4320 1420 4381 Magna
1438 4336 1494 4386 spe,
1521 4337 1598 4385 quam
1624 4325 1746 4385 primurn.

379 4391 409 4439 de
426 4382 530 4440 homine
548 4387 793 4439 mathematicis'sbs
812 4396 836 4437 te
855 4390 951 4437 erudito
968 4393 1070 4455 Jamque
1087 4392 1114 4437 in
1134 4390 1225 4438 vicinis
1243 4390 1306 4437 mihi
1323 4390 1405 4439 locato
1425 4393 1541 4458 concepi,
1571 4407 1610 4440 me
1636 4390 1736 4459 dejecit,

380 4461 506 4524 colloquia
523 4459 698 4510 mathematice
716 4461 791 4508 toties
804 4461 889 4507 oblata
906 4459 980 4524 quusi
997 4466 1134 4515 aversatus,
1153 4475 1181 4507 ιο
1199 4461 1234 4507 ιιι
1252 4462 1425 4524 mercatoriae,
1443 4466 1472 4508 ut
1491 4464 1580 4521 fertur,
1599 4469 1623 4510 et
1642 4465 1733 4512 brexe-

378 4533 455 4580 terise
473 4532 549 4581 unice
566 4532 686 4581 intentus.
722 4529 793 4578 Heec
811 4528 947 4593 Origerus3
967 4530 1093 4579 Amulius
1112 4527 1235 4593 (Historie
1255 4529 1298 4578 der
1315 4530 1559 4591 Kiinigsbsrgiseben
1573 4532 1735 4598 Universitiitl

378 4603 458 4667 refert,
477 4602 632 4651 Streussium
651 4601 759 4650 edidisse
776 4601 869 4649 librum
888 4601 918 4647 de
936 4600 1138 4666 architectonica,
1158 4605 1182 4647 et
1200 4600 1387 4649 dissertationes
1407 4601 1438 4648 de
1450 4601 1644 4652 retractionibus
1653 4609 1733 4652 astro-

378 4672 482 4721 nomicis
501 4678 527 4720 et
546 4671 577 4719 de
596 4669 730 4734 eclipsibus
742 4671 885 4735 Solaribus,
903 4675 1028 4719 mortuum
1047 4686 1100 4719 esse
1119 4684 1185 4718 auno
1206 4671 1281 4719 1630.
1318 4671 1407 4719 insunt
1425 4673 1451 4720 iu
1468 4671 1594 4721 Heusehii
1613 4675 1735 4735 epistole-

378 4756 431 4791 rum
450 4740 600 4790 collectione
619 4741 683 4792 duee
701 4741 822 4804 epistolae
840 4742 957 4791 Straussii
976 4741 1010 4788 ad
1028 4742 1162 4803 lleplerum
1182 4740 1296 4801 Tubiuga
1314 4740 1395 4806 datus,
1415 4742 1484 4792 uuile
1502 4756 1560 4790 vero
1580 4742 1682 4806 Kepleri
1702 4740 1738 4792 ed

377 4813 532 4862 Strsussium
550 4817 670 4873 superest.

445 4882 531 4944 Quam
550 4882 613 4931 dicit
630 4883 753 4945 Keplerus
770 4882 797 4929 iu
816 4883 993 4942 posterioribus
1012 4882 1093 4929 literis
1113 4894 1228 4940 „causam
1252 4882 1399 4945 forensem‚“
1420 4881 1465 4927 ille
1483 4884 1529 4942 est,
1547 4896 1612 4945 queo
1631 4884 1661 4931 de
1679 4896 1734 4931 mu-

377 4958 413 5001 tre
431 4954 563 5015 eqebetur,
581 4959 696 5002 accusata
714 4953 825 5019 oriminis
843 4953 966 5011 veneficii,
985 4966 1111 5016 quemque
1129 4952 1157 4999 in
1175 4953 1226 4999 rite
1244 4950 1347 5011 Kepleri
1365 4952 1480 5012 pluribus
1499 4951 1617 5002 dicemus.

446 5024 636 5073 Maestlinus
654 5023 688 5071 ad
704 5023 855 5084 praemissus
874 5021 980 5085 Kepleri
996 5024 1115 5085 epistolas
1134 5023 1195 5071 haec
1217 5020 1358 5082 respoudit:
1388 5021 1571 5083 chronologica
1589 5028 1632 5072 tue
1649 5025 1735 5086 accepi

379 5100 402 5141 et
419 5094 510 5143 aridus
529 5108 585 5142 cum
604 5091 733 5155 voluptate
750 5087 807 5156 legi.
846 5093 910 5142 Sunt
928 5094 1055 5142 tamenin
1074 5094 1109 5141 eis
1128 5090 1257 5154 nonnulla,
1278 5090 1308 5138 de
1327 5090 1419 5155 quibus
1437 5106 1537 5141 mouere
1554 5098 1579 5150 te
1597 5092 1671 5142 volui.
1697 5094 1736 5143 Ea

379 5178 435 5213 sero
453 5179 467 5215 e
485 5179 525 5213 me
544 5163 647 5229 quidem
664 5165 692 5214 in
710 5164 814 5212 schedas
833 5166 945 5227 coniecta
963 5168 1022 5212 sunt
1039 5165 1129 5225 majori
1146 5167 1225 5227 parte,
1244 5160 1356 5209 noudum
1373 5168 1456 5212 autem
1476 5162 1602 5226 descripta
1618 5178 1664 5213 uec
1680 5167 1734 5227 jam

380 5233 487 5285 inerim
503 5240 648 5299 potueruut.
683 5234 867 5297 Seeiproxlme
884 5234 945 5284 dete
962 5236 1092 5286 oeoeetoue
1109 5235 1194 5284 omuie
1210 5232 1287 5282 simul
1304 5233 1410 5286 mittem.
1736 5243 1738 5248 ’
