4459 6275
441 790 503 855 ere
922 734 1294 861 nerumeeeupmu

435 967 475 1028 ad
501 969 616 1028 initium
643 967 744 1028 mnndi
760 969 819 1041 ‚die
849 967 978 1045 quodam
1001 966 1113 1039 idoneo
1146 968 1276 1046 epochas
1313 985 1420 1029 omues·
1440 967 1630 1046 planetarum
1661 972 1784 1039 nmmum

435 1058 521 1143 qnesi
538 1046 573 1114 'in
595 1072 656 1116 uua
677 1072 762 1117 emes
784 1073 837 1116 eeu
859 1056 933 1117 loeis
956 1054 1107 1132 quadratis
1131 1073 1167 1115 ex
1190 1064 1290 1125 centro
1304 1056 1384 1117 Solis
1407 1055 1589 1133 dispositas,
1613 1061 1660 1119 ita
1680 1068 1714 1118 nt
1732 1076 1787 1137 apa

434 1145 487 1216 sit,
518 1143 683 1204 introducta
706 1146 882 1220 aequatione
905 1143 1029 1204 seculari
1051 1144 1187 1218 minima,
1211 1146 1309 1215 emnia
1329 1143 1381 1203 illa
1403 1144 1469 1203 loca
1492 1146 1523 1202 in
1547 1152 1682 1222 quatuor
1694 1158 1789 1223 pmea

434 1229 594 1291 cardinalia
617 1233 819 1307 competitura.
864 1231 939 1290 Eam
961 1229 1106 1307 epocham
1128 1233 1266 1308 temporie
1280 1231 1420 1292 mundani
1443 1230 1572 1292 concilio
1595 1250 1665 1293 cnm
1681 1234 1789 1294 bistoria

433 1334 525 1378 sacra.
571 1315 603 1396 4)
634 1319 795 1395 Ecliptieae
817 1319 1020 1393 obliquitatem
1044 1316 1115 1376 olim
1138 1316 1281 1392 eandem,
1313 1336 1390 1394 quae
1420 1318 1510 1378 bodie
1541 1329 1607 1390 eat,
1638 1323 1745 1381 evium
1763 1339 1790 1382 ιι

434 1406 690 1482 conjunctionibus
708 1405 808 1466 Lunae
832 1414 863 1467 et
883 1405 1069 1483 planetarum
1092 1423 1158 1465 cum
1180 1404 1255 1480 fixis,
1280 1425 1299 1466 a
1321 1407 1470 1465 veteribus
1493 1409 1685 1483 consignatis
1707 1408 1790 1485 adque

433 1508 487 1553 nos
517 1496 708 1554 conservetis.
752 1493 857 1570 Itaque
880 1493 1082 1553 Eratosthenis
1112 1494 1350 1554 observationem
1377 1493 1467 1570 hujus
1496 1489 1693 1570 obliquitatis
1714 1499 1791 1555 inter·

432 1580 613 1658 pretandam,
637 1580 802 1641 Ptolemaei
825 1597 894 1640 vero
917 1583 947 1638 in
971 1580 1060 1639 dubio
1083 1579 1286 1640 collocandam
1309 1583 1454 1641 existimo.
1501 1578 1533 1660 5)
1564 1582 1603 1641 ln
1626 1582 1716 1643 Luna
1737 1594 1792 1661 poet

433 1685 548 1727 omnem
571 1676 746 1745 apparatum
769 1668 919 1747 Tyeironie
951 1676 981 1726 et
1007 1684 1104 1726 meum
1128 1669 1250 1743 transigi
1280 1668 1316 1728 da
1338 1668 1498 1744 eclipsibus
1519 1684 1583 1727 non
1606 1687 1700 1747 posse
1721 1680 1791 1747 pute,

432 1757 488 1815 nisi
512 1756 677 1816 introducta
700 1758 818 1835 insuper
840 1757 1017 1831 aequatione
1033 1750 1153 1828 annua,
1180 1757 1244 1814 siue
1267 1757 1296 1814 iu
1323 1764 1420 1815 motus
1443 1755 1550 1816 Lunae
1579 1759 1649 1818 sire
1671 1760 1704 1815 in
1725 1766 1789 1817 terr·

434 1845 514 1920 poris
544 1845 752 1920 aequationem
779 1844 928 1903 usitatam.
972 1842 1056 1902 Haec
1084 1858 1155 1901 vero
1183 1850 1267 1917 sunt,
1300 1860 1378 1920 quae
1408 1859 1461 1920 per
1487 1843 1544 1903 bos
1569 1843 1637 1905 dics
1660 1844 1791 1925 penedos

434 1928 588 2007 ‘tubingae
611 1948 699 2007 agere
722 1934 815 2009 coepi.

354 2044 357 2049 ·
520 2017 591 2077 dam
615 2026 646 2077 ιιι
669 2018 789 2096 dispice,
813 2035 880 2077 cnm
901 2017 1034 2076 honestis
1057 2023 1087 2076 et
1108 2018 1282 2076 necessariis
1305 2017 1341 2076 de
1364 2019 1463 2076 causis
1484 2019 1725 2094 tergiversentnr
1743 2017 1793 2077 llo·

433 2105 624 2182 abagenees
649 2109 784 2182 quamvis
808 2105 948 2165 admoniti
973 2108 1073 2164 aritae
1094 2121 1168 2164 auae
1183 2104 1303 2180 gloriae,
1327 2107 1458 2181 pessime
1472 2122 1526 2181 per
1551 2114 1674 2166 vestros
1690 2107 1791 2181 Argen·

435 2195 563 2253 tinenses
585 2193 656 2252 mihi
679 2195 844 2265 subveniri,
878 2196 902 2251 si
926 2194 1063 2251 nimirum
1086 2191 1135 2250 vel
1158 2193 1214 2267 ipsi
1237 2194 1267 2249 iu
1290 2192 1551 2267 Noribergensium
1576 2193 1681 2253 loenm
1702 2210 1791 2253 meer-

437 2279 504 2341 dere
520 2283 713 2354 consentiant,
736 2300 754 2340 a
770 2281 894 2342 Caesare
910 2282 1051 2355 requisiti,
1075 2289 1129 2338 aut
1142 2278 1406 2356 Noribergensibns
1419 2280 1624 2356 persuadeant
1647 2298 1704 2359 per
1716 2283 1790 2340 Ιιιιιι-

434 2371 585 2443 cesserim,
600 2375 654 2427 ant
667 2372 691 2427 sl
708 2369 934 2445 Argentinenses
949 2384 1055 2427 nomen
1072 2364 1190 2442 quidem
1205 2369 1369 2427 sustineant
1384 2366 1463 2443 apud
1474 2367 1648 2441 Caesarem,
1665 2369 1790 2428 Noriber·

433 2472 539 2539 ganeas
561 2474 643 2529 vero,
667 2458 716 2533 qni
741 2456 844 2515 nolunt
866 2457 1034 2531 opinionem
1057 2453 1177 2512 Caesari
1200 2457 1295 2530 petaei
1318 2455 1458 2530 praebere
1480 2456 1677 2531 pecuniariae
1692 2456 1789 2532 copiae,

435 2541 510 2603 clam
521 2543 592 2602 mihi
606 2543 676 2627 dent
686 2551 738 2604 aut
754 2543 1016 2620 argentinensibus
1031 2542 1161 2600 vicissim
1172 2550 1306 2614 caveant,
1322 2551 1374 2600 aut
1384 2544 1410 2600 ei
1425 2541 1497 2617 qnid
1509 2545 1698 2603 comminisci
1709 2552 1791 2621 potes.

520 2645 595 2707 Peto
618 2646 794 2724 etamplius
817 2645 938 2722 aliquid.
985 2644 1099 2705 Literas
1121 2644 1161 2704 ad
1183 2644 1396 2722 Tampaehium
1417 2654 1523 2724 posiae
1547 2647 1678 2722 tradidi,
1702 2658 1788 2726 petens

435 2734 583 2812 exemplar
604 2734 843 2812 Hyperaepistie;
873 2734 947 2793 nihil
969 2731 1134 2809 respondet.
1180 2730 1266 2808 Rogo
1288 2733 1377 2809 hrrjus
1407 2735 1448 2793 rei
1473 2751 1541 2792 eum
1567 2734 1733 2796 admoneas
1750 2751 1791 2810 per

433 2823 543 2894 literas,
566 2824 591 2882 si
612 2823 685 2882 torte
708 2839 791 2883 meae
812 2839 869 2880 non
893 2823 1086 2897 pervenerint.
1134 2818 1286 2879 Chemlino
1310 2823 1376 2878 miei
1398 2821 1643 2897 supplementum
1661 2821 1790 2881 Cbiliadis

434 2927 486 2969 een
510 2909 545 2969 de
567 2927 633 2969 neu.
679 2911 794 2969 Excusa
822 2911 899 2968 enim
922 2917 966 2968 est
989 2907 1100 2966 Cluilias
1123 2924 1170 2965 me
1194 2906 1359 2966 inconsultu
1390 2917 1419 2967 et
1442 2910 1546 2967 inscio.
1594 2910 1628 2969 Si
1652 2910 1728 2969 torte
1747 2926 1790 2966 er·

434 2996 516 3058 cudit
540 2997 592 3057 ille
614 3005 644 3057 et
665 2999 691 3056 si
716 2999 906 3073 argentinam
929 2995 1021 3055 allata
1042 2994 1150 3054 luerint
1172 2993 1366 3070 exemplaria,
1398 2997 1481 3055 mitte
1514 3012 1608 3057 unum
1633 2997 1787 3071 Tubingm

435 3084 473 3146 ad
495 3084 723 3159 Schickardum‚
752 3087 802 3163 qui
825 3093 855 3145 te
885 3101 950 3143 eum
975 3082 1084 3141 banaio
1107 3079 1216 3141 salutat
1242 3082 1363 3159 jamque
1391 3082 1462 3141 mihi
1494 3099 1618 3162 operam
1651 3082 1787 3161 impendet

434 3173 636 3233 examinandis
658 3176 730 3233 meis
753 3174 789 3232 da
812 3171 989 3249 genealogia
1005 3170 1111 3229 Christi
1135 3171 1297 3229 rationibus
1322 3179 1439 3229 etcum
1454 3169 1632 3234 Robbinicis
1655 3176 1720 3232 suis
1739 3185 1789 3230 tra·

436 3260 595 3321 ditionibus
619 3259 810 3321 conserendis.
857 3258 941 3318 Vale.
989 3253 1730 3335 Datae'l'ubingue20230.Juniianno1'625.

540 3364 778 3430 Berneguerue
804 3358 957 3427 respondit:
983 3356 1112 3411 Reddidit
1131 3355 1194 3410 mihi
1214 3356 1303 3418 Tuas,
1334 3357 1374 3410 ιιι
1392 3373 1508 3420 summe,
1537 3361 1688 3414 Clntenius
1714 3371 1792 3413 nester

436 3443 655 3509 (bibliothecarius
673 3445 827 3498 Arcentinae
846 3451 870 3491 et
889 3445 1015 3503 professor
1039 3441 1157 3487 historiae
1176 3441 1201 3485 iu
1226 3439 1367 3486 accarlemia
1387 3441 1578 3498 Argentiuensl.
1607 3440 1708 3488 celeber
1730 3442 1791 3487 eliis

434 3516 507 3564 libris
525 3516 649 3562 historicis
668 3521 692 3562 et
709 3514 833 3574 iuridicis.
871 3514 942 3561 llort.
966 3508 1065 3569 ibib).

538 3590 598 3642 Etsi
623 3606 682 3642 sum
704 3589 761 3654 jum
785 3588 900 3641 alierum
920 3586 1083 3645 studiorum,
1109 3592 1200 3636 tumen
1223 3600 1272 3650 pre
1296 3584 1379 3637 reteri
1405 3599 1465 3637 meu
1484 3584 1511 3635 in
1531 3584 1651 3637 elieinem
1671 3586 1792 3638 mathae

435 3686 525 3725 amore
543 3668 655 3723 mirifice
674 3684 732 3721 sum
752 3668 869 3733 gavisus.
889 3681 949 3719 cum
968 3662 1001 3716 de
1015 3661 1082 3714 Tub.
1101 3661 1171 3714 llud.
1192 3660 1317 3718 erlitiene.
1336 3668 1478 3726 tantopere
1498 3663 1633 3728 expetita,
1654 3666 1727 3717 serio
1746 3677 1792 3715 ra:-

435 3750 495 3805 dem
512 3756 540 3802 te
559 3747 679 3815 cogitare
699 3745 826 3800 riderem.
865 3746 986 3812 Ignosce,
1007 3756 1118 3808 quaeso,
1139 3739 1160 3791 si
1180 3738 1314 3790 hominem
1335 3738 1415 3790 humo
1435 3739 1612 3792 mortalitatis
1632 3741 1791 3793 admone-sn.

434 3829 473 3882 'l'e
492 3844 552 3883 sero
572 3826 717 3881 admodum
737 3825 819 3878 rebus
838 3822 962 3875 lurrnauis
974 3819 1062 3883 eximi,
1082 3816 1228 3885 pirblicnm,
1248 3833 1335 3870 meum
1356 3816 1463 3886 quidem
1477 3827 1551 3870 certe
1572 3829 1669 3873 emtum
1681 3833 1722 3872 est
1750 3821 1791 3870 Sei

435 3909 457 3962 si
476 3916 566 3961 tumen
579 3905 734 3959 humanitus
748 3902 850 3971 aliquid
863 3900 911 3953 tibi
923 3900 1068 3980 coritingat
1088 3912 1198 3962 quaese,
1219 3896 1277 3962 qrris
1291 3895 1462 3948 absolvendis
1481 3895 1533 3947 illis
1548 3897 1612 3950 tuis.
1633 3915 1707 3965 spirae
1720 3913 1793 3952 urrer-

434 3986 512 4040 uituti
531 3984 689 4044 destinasti,
713 3998 763 4050 par
782 3982 850 4034 urit?
878 3981 972 4046 ltaque
991 3984 1097 4029 matura
1115 3980 1246 4042 quantum
1266 3983 1344 4041 petes
1364 3983 1390 4028 et
1409 3974 1526 4027 labentis
1550 3977 1611 4028 ueri
1630 3976 1790 4031 uelocitatem

435 4064 577 4119 velocitate
604 4060 703 4114 laboris
729 4068 879 4114 anteverte2
909 4069 1072 4123 quamquam
1096 4068 1166 4118 eique
1192 4052 1317 4105 alacriter
1340 4053 1408 4106 curleo
1428 4053 1546 4107 errrrenti
1568 4071 1623 4108 rron
1644 4067 1701 4108 tam
1721 4057 1793 4110 caira·

437 4146 521 4213 ribus,
541 4141 675 4205 atridae,
696 4154 775 4206 quam
795 4136 894 4204 pabulo
915 4133 1030 4201 quodum
1050 4131 1205 4199 pecuniario
1224 4132 1307 4183 fuerit
1326 4148 1404 4199 opius.
1442 4131 1472 4183 ld
1488 4131 1534 4199 qui
1553 4135 1736 4200 serppediteut
1749 4136 1794 4188 iun·

437 4226 546 4289 deesse,
565 4217 739 4286 ingratissimi
759 4215 842 4269 seculi
862 4212 1037 4281 opprobrium
1056 4219 1105 4263 est.
1143 4211 1184 4261 lte
1202 4210 1248 4276 iis,
1269 4227 1336 4275 quus
1357 4211 1383 4262 iu
1403 4211 1586 4264 tincturarum
1606 4215 1792 4281 scripserint

436 4304 543 4355 rrrnuinu
563 4297 741 4368 sperandum:
772 4300 934 4346 mercatores
957 4290 1036 4343 isthic
1055 4304 1144 4341 rurum
1163 4288 1316 4355 partiuntur,
1344 4289 1416 4355 qued
1440 4304 1523 4341 unium
1550 4288 1657 4343 diarium
1684 4294 1732 4345 tibi
1749 4305 1792 4346 tau

435 4380 551 4449 sapienti
570 4379 626 4430 rire
646 4386 689 4432 aut
709 4383 758 4427 est.
795 4371 968 4425 llubreelrtus
989 4369 1077 4421 veniet
1096 4368 1200 4420 exactis
1220 4366 1346 4420 rrumliuis
1367 4367 1478 4433 uostris,
1499 4369 1554 4434 qui.
1575 4387 1638 4423 cum
1660 4371 1791 4425 sitinii·

436 4466 503 4526 quot
521 4455 671 4524 principum
691 4453 760 4505 aulis
773 4450 909 4519 gratiosus
928 4459 956 4502 ut
974 4447 1088 4500 numinis
1107 4446 1147 4498 tui
1167 4446 1255 4497 crrltor
1274 4444 1420 4500 maximus,
1445 4462 1499 4498 uren
1518 4445 1567 4498 :aba
1588 4463 1618 4498 re
1639 4451 1729 4506 tuerit.
1746 4467 1782 4517 ep:

436 4554 493 4597 rtur,
512 4536 571 4601 ejus
592 4535 624 4586 de
647 4530 776 4599 impensis
795 4528 847 4581 illis
867 4526 1015 4590 crirrsilium
1036 4525 1058 4576 si
1077 4540 1130 4576 nem
1150 4532 1177 4575 et
1195 4523 1323 4575 rrrrrilimu
1343 4523 1623 4593 intercessionemqnu
1643 4543 1745 4596 petere.

541 4610 582 4664 ml
607 4619 736 4663 rectorem
761 4608 891 4678 gymnasii
912 4603 1164 4660 lirankoturtmeis,
1190 4613 1306 4654 recreem
1326 4603 1455 4668 eretricum,
1481 4618 1571 4669 nuper
1592 4606 1692 4675 -cripsi
1711 4608 1742 4660 de
1758 4607 1790 4660 iic.

438 4707 506 4761 quae
525 4707 539 4743 a
560 4689 733 4757 Tampuchim
754 4704 770 4740 a
790 4687 929 4741 t'lremlino
949 4684 1036 4738 curari
1056 4682 1171 4734 soluisti.
1211 4682 1382 4749 Responsum
1402 4681 1427 4734 in
1448 4680 1506 4733 dies
1526 4681 1652 4747 sirrqnlos
1668 4696 1791 4755 erepat-2

437 4770 504 4823 l'ule
529 4768 568 4820 rir
591 4768 717 4821 maxime.
743 4766 809 4819 aD.
830 4762 1043 4833 Lingelshemiu,
1067 4761 1106 4815 tui
1131 4759 1208 4812 valde
1232 4759 1368 4828 studiose,
1395 4759 1468 4814 sulse
1493 4760 1651 4829 plurimum.
1694 4769 1792 4833 trgi-er.

437 4847 461 4898 l.
479 4845 542 4901 lulii
562 4844 663 4897 Jrrliuni
684 4845 757 4897 lues».

545 4932 663 5000 Keplere
679 4921 766 4984 silenii
780 4931 863 4983 instat
873 4932 1069 4997 Bernepgerus‚
1090 4936 1119 4981 ut
1132 4928 1307 4996 resqrerrrdeut,
1326 4928 1396 4980 inter
1408 4925 1461 4979 alia
1474 4924 1583 4979 dicens:
1605 4928 1713 4982 Obnixe
1731 4945 1792 4984 ruer.

438 5011 481 5065 iac
500 5019 530 5064 ut
548 5012 664 5065 sciamus
684 5023 747 5072 tege
766 5017 794 5060 et
813 5010 844 5062 l).
864 5009 1089 5072 Linuelslieminst
1108 5018 1139 5061 ut
1157 5008 1244 5070 viras,
1272 5018 1301 5058 ut
1325 5007 1415 5058 valeas
1439 5015 1466 5057 et
1490 5005 1555 5072 quid
1581 5023 1674 5060 rerum
1693 5019 1792 5060 ιιιιιιε.

440 5090 500 5141 Nun
513 5091 561 5143 ube
580 5106 609 5142 rc
628 5088 778 5142 metuimus.
798 5104 831 5140 ue
845 5090 895 5141 hur·
909 5098 1061 5154 temperum
1075 5088 1265 5153 hominumque
1285 5094 1360 5151 postu
1380 5084 1460 5137 divini
1474 5084 1575 5148 ingenii
1595 5087 1636 5138 tui
1658 5089 1746 5140 lueriis
1763 5101 1791 5136 ιι-

440 5167 623 5233 tereipiuntur,
643 5183 703 5219 eum
722 5175 833 5218 aeterua
851 5167 958 5219 iui'amia
978 5168 1086 5233 pessimi
1106 5165 1190 5219 seculi
1209 5173 1235 5218 et
1248 5164 1397 5217 studiorum
1415 5181 1469 5217 uon
1488 5163 1578 5216 sulum
1598 5166 1733 5218 ier-erius.
1753 5161 1790 5216 sed

443 5252 471 5295 et
488 5244 515 5299 iu
533 5260 626 5301 oerum
645 5245 790 5314 perniciem
803 5246 879 5314 quasi
896 5245 1037 5319 conjurati.
1076 5246 1143 5301 l'ule
1161 5243 1247 5304 seculi
1264 5244 1350 5300 uestri
1366 5243 1498 5302 Phoenix.
1517 5243 1591 5310 bii.
1610 5245 1668 5302 lul.
1691 5249 1761 5302 tr-tu
