4459 6275
897 776 1340 851 neocaesaream
1730 742 1795 843 uon

523 954 605 1030 Quid
625 957 762 1034 appellor
783 956 978 1019 ameum
1001 957 1110 1032 toralia
1133 965 1163 1016 et
1183 956 1259 1034 grstd
1278 956 1473 1019 durationem
1495 956 1791 1035 omnimodnccciip-

431 1043 586 1113 sntionia?
615 1041 709 1105 Omne
738 1042 768 1103 id
789 1052 920 1120 tempus,
948 1061 1007 1122 quo
1029 1051 1171 1121 punctum
1198 1043 1320 1120 aliquod
1347 1044 1468 1104 umbrae
1490 1043 1606 1116 Lunae,
1637 1047 1794 1122 praecipue

434 1139 568 1191 centrum
584 1131 662 1208 ejus,
683 1140 816 1206 versatur
829 1133 859 1189 in
883 1131 1097 1206 diacoTerrae,
1120 1131 1289 1193 attribuitur
1303 1131 1449 1193 durationi
1465 1131 1566 1193 totalis
1580 1129 1795 1208 arlipaaiionis.¹

433 1218 471 1277 ld
500 1220 579 1278 enim
607 1226 654 1278 est
680 1218 805 1295 iudicio,
834 1227 945 1295 partem
968 1219 1098 1295 aliquam
1122 1218 1286 1296 superficiei
1308 1218 1433 1294 Terrae,
1465 1235 1658 1295 quascunque
1686 1236 1722 1279 ea
1743 1221 1794 1294 sit,

434 1303 516 1365 Solis
546 1314 705 1382 conspectu
734 1307 765 1365 in
796 1304 923 1367 solidum
953 1314 1023 1367 tunc
1050 1323 1116 1367 esse
1142 1309 1289 1383 privatam
1318 1304 1422 1392 diuma
1445 1314 1585 1382 tempore.
1631 1306 1673 1365 at
1695 1310 1794 1367 omni·
1906 1301 1912 1309 “

433 1392 542 1452 modae
565 1392 749 1470 eclipsationi
771 1400 939 1453 accensetur
962 1396 1050 1453 ctiam
1072 1393 1155 1455 iilud.
1168 1401 1298 1471 tempus,
1331 1410 1397 1454 cum
1425 1396 1513 1454 stiam
1542 1411 1600 1452 noa
1629 1395 1794 1470 ipsissimas

433 1481 580 1554 umbrae,-
605 1480 657 1549 sed
686 1480 793 1540 saltem
820 1481 998 1558 perumbrat
1026 1481 1148 1558 aliquod
1174 1489 1316 1558 punctum
1346 1483 1375 1539 in
1398 1480 1481 1542 disco
1505 1481 1613 1549 Terras
1634 1482 1792 1542 inuenitur.

435 1566 589 1629 ludicatur
608 1569 688 1629 anim
709 1567 767 1629 bar
780 1585 820 1641 rc,
842 1585 907 1629 esse
929 1567 1026 1628 locum
1047 1568 1177 1647 aliquem
1199 1567 1363 1646 superficiei
1378 1567 1514 1644 Telluris,
1535 1570 1585 1629 cui
1607 1568 1712 1629 saltam
1735 1568 1794 1631 rdi-

437 1673 499 1731 qua
522 1653 600 1721 Solis
624 1655 769 1732 particula
791 1662 916 1730 tegatur.
1846 1713 1852 1719 ,

488 1745 662 1816 ’.Μανῆ
683 1744 766 1803 toan
784 1743 911 1803 Telluris
932 1741 1089 1803 indicatus·
1110 1762 1132 1803 a
1149 1750 1267 1818 puncto
1288 1741 1532 1805 aamercort
1552 1751 1581 1803 ci
1599 1744 1794 1818 mambrae

434 1831 484 1889 uel
504 1830 657 1890 amoram
695 1828 791 1893 Locus
814 1829 880 1904 iile,
909 1831 955 1889 cui
980 1838 1048 1889 tunc
1069 1829 1138 1905 Sol,
1167 1830 1214 1889 hic
1242 1830 1361 1906 quidem
1388 1836 1468 1890 totus
1498 1828 1674 1907 cclipsutus,
1703 1833 1794 1891 oritur
1846 1824 1849 1831 ’

435 1916 602 1991 occultes,
629 1916 689 1977 illic
720 1936 789 1979 varo
820 1919 954 1979 exoriens
976 1918 1078 1995 incipit
1100 1925 1230 1979 extremo
1253 1922 1385 1995 margine
1408 1917 1549 1994 deficere,
1582 1925 1636 1979 aut
1658 1919 1795 1981 occidens
1829 1970 1833 1979 .

438 2003 549 2067 desinit
571 2003 715 2082 eclipsari.

513 2086 556 2158 'ln
574 2104 833 2173 schamate'punotu
850 2109 993 2160 contactus
1010 2103 1125 2165 umbrae
1136 2110 1207 2162 'sunt
1225 2106 1259 2173 R,
1278 2105 1306 2174 S,
1324 2104 1492 2175 penumbrae
1510 2105 1548 2173 bl,
1568 2105 1601 2160 0.

485 2196 624 2276 -Ιρήιτο
649 2205 760 2274 puncta
787 2199 844 2256 ista
870 2204 938 2255 sunt
966 2195 1078 2256 indices
1108 2196 1240 2257 locorum
1263 2196 1385 2270 Terrae,
1417 2198 1524 2273 quibus
1546 2195 1600 2256 Sol
1630 2199 1722 2256 oritur
1745 2197 1794 2257 rel

436 2276 547 2345 occidit
575 2287 605 2343 in
633 2286 776 2362 principio
809 2290 838 2344 et
860 2283 917 2343 flue
948 2283 1150 2360 eclipsationis
1180 2287 1339 2360 utriusque.
1384 2284 1424 2343 At
1445 2286 1471 2342 si
1494 2290 1646 2344 contactus
1673 2286 1794 2345 umbrae

437 2372 492 2432 vcl'
509 2372 691 2449 penumbraa
712 2372 793 2432 deret
815 2373 844 2428 in
866 2378 975 2448 puncto
1000 2371 1034 2443 N,
1057 2371 1086 2431 id
1109 2370 1207 2431 locum
1230 2371 1348 2444 indicat,
1371 2374 1418 2430 cui
1441 2371 1528 2447 polus
1550 2371 1719 2448 eclipticas,
1741 2388 1794 2435 scu
1914 2410 1917 2415 -

437 2461 538 2535 potius
561 2460 673 2521 orbitae
697 2458 799 2519 Lunae
821 2466 866 2517 est
889 2461 917 2517 in
940 2461 1067 2530 vertice,
1095 2466 1126 2518 et
1148 2458 1200 2518 Sol
1224 2461 1252 2517 in
1275 2461 1339 2535 ipso
1362 2457 1483 2519 meridia
1505 2466 1550 2518 est
1573 2461 1602 2516 irr
1625 2459 1792 2536 iroriaonte3

438 2546 500 2607 illic
523 2542 641 2622 quidem
664 2553 744 2612 totus
767 2545 939 2622 eclipsatus,
957 2545 1005 2606 bic
1029 2562 1098 2612 veru
1112 2554 1250 2609 extumo
1272 2547 1404 2622 margine
1419 2545 1522 2606 Lunae
1543 2563 1625 2606 oram
1649 2546 1793 2607 delibans.

476 2662 482 2689 ι
527 2638 612 2708 Quae
632 2642 735 2710 partes
754 2635 865 2693 merae
884 2635 982 2710 priua
996 2652 1085 2709 guno
1105 2637 1255 2708 posteriue
1275 2637 1413 2693 sentiunt
1434 2633 1593 2694 macerari
1605 2635 1723 2711 -Soiem,
1746 2636 1796 2695 vet

437 2723 536 2782 icium
560 2723 607 2779 nei
629 2739 665 2781 ca
685 2721 796 2804 purte?
825 2719 955 2797 Semper.
968 2721 1072 2779 umbra
1094 2720 1197 2780 launae
1219 2721 1339 2781 'samam
1361 2720 1475 2781 invadit
1496 2722 1536 2781 sb
1558 2721 1795 2783 occidentaliori·

437 2809 650 2893 bns'purtibus,
667 2808 774 2869 deserit
788 2809 826 2866 ab
843 2806 1084 2867 orientalioribus.
1109 2808 1214 2884 ltaque
1228 2811 1255 2866 si
1269 2826 1321 2885 per
1335 2806 1483 2869 fictionem
1499 2807 1602 2869 oculus
1617 2811 1647 2866 in
1669 2808 1796 2886 sphaera

437 2894 543 2955 Lunae
565 2912 618 2968 sen
640 2897 669 2954 in
686 2895 771 2955 Luna
792 2894 961 2968 collocetur,
993 2903 1023 2956 ot
1044 2897 1257 2972 septentriones
1285 2899 1343 2955 sint
1365 2912 1495 2966 sursum,
1523 2897 1601 2972 incia
1629 2896 1667 2956 ad
1689 2897 1796 2957 Terras

437 2998 598 3043 convena:
629 2982 747 3065 scllppis
776 2984 834 3041 ista
862 2982 970 3042 Terrae
999 2981 1146 3043 videbitur
1174 2985 1303 3060 incipere
1324 3001 1343 3042 a
1364 2984 1504 3057 sinistis,
1535 2983 1611 3042 liniri
1633 3001 1653 3043 a
1674 2983 1794 3061 dextris,

437 3078 469 3131 et
489 3070 535 3130 sic
552 3071 641 3129 etiarn
663 3072 792 3148 pingitur
814 3072 844 3128 in
860 3069 1058 3129 schematibus
1080 3072 1196 3142 nostrie.
1326 3114 1331 3123 .
1668 3071 1670 3075 ’

528 3158 581 3217 list
602 3160 691 3233 igitar
713 3158 760 3217 hic
782 3154 854 3218 ordo
869 3160 1075 3237 apparitionis:
1098 3159 1177 3235 prior
1192 3166 1323 3234 temporo
1344 3158 1498 3238 eclipsatio
1512 3158 1682 3220 omnimoda
1703 3176 1796 3226 ocen-

437 3253 491 3322 pat
513 3243 580 3304 illas
595 3245 824 3323 Terrrepurtes
838 3244 879 3317 bi,
903 3262 980 3321 qnae
1001 3250 1140 3322 respectu
1159 3245 1278 3322 quidam
1300 3245 1426 3316 illarum,
1449 3263 1526 3323 qaae
1549 3246 1669 3308 ultimae
1693 3246 1795 3309 deiec-

437 3342 501 3391 tum
523 3333 667 3402 sentiunt,
700 3342 733 3392 ut
755 3332 795 3406 0,
825 3340 895 3391 ennt
916 3332 1129 3406 occidentales,
1158 3341 1191 3393 et
1211 3341 1345 3409 respectu
1368 3350 1483 3402 carum,
1514 3349 1598 3410 quae·
1612 3333 1703 3412 paulo
1726 3342 1803 3412 post.

436 3419 538 3490 Solem
568 3427 661 3480 toturn
683 3427 793 3479 tectam
812 3419 971 3493 ¹ridebunt,
995 3416 1028 3479 dt
1049 3419 1091 3493 R,
1121 3428 1190 3481 sunt
1212 3421 1378 3481 edentulos.
1423 3420 1572 3481 Posterior
1593 3425 1672 3482 enim
1692 3422 1796 3483 totalis
1871 3441 1876 3460 ¹

437 3507 608 3568 obscuratio
637 3509 673 3585 (si
701 3506 802 3568 totalis
831 3507 894 3566 lieri
921 3505 1029 3586 potest)
1056 3515 1160 3585 partes.
1182 3506 1310 3568 Telluris
1339 3511 1458 3585 attingit
1488 3508 1730 3582 occidentaiiores
1757 3509 1794 3585 R,

438 3610 517 3672 quae
539 3612 572 3654 se
594 3595 664 3657 inde
684 3613 705 3654 a
726 3596 869 3672 principio
888 3594 1066 3676 durationis
1078 3595 1262 3656 omnimodae
1285 3598 1315 3653 in
1337 3595 1451 3656 discum
1480 3598 1595 3656 interim
1622 3600 1795 3658 insinuave-
1917 3644 1922 3653 .

435 3690 515 3740 rnna
561 3682 699 3742 Vicissim
715 3680 824 3742 totalis
847 3683 1013 3742 obscuratio
1045 3685 1094 3742 'ria
1118 3685 1257 3742 continua
1285 3684 1315 3741 in
1344 3682 1501 3743 orientales
1523 3683 1631 3744 Terrae
1653 3684 1796 3762 partesfl
1888 3688 1892 3696 '

440 3770 571 3844 excurrit
595 3767 782 3846 llongissime3
811 3768 864 3835 aed
894 3768 962 3828 dum
992 3770 1160 3830 omnimoda
1187 3770 1341 3845 eclipsatio
1371 3773 1484 3829 ratione
1506 3774 1645 3848 temporis
1669 3772 1796 3831 tenditur

419 3856 577 3928 ulterius,
600 3865 699 3932 partes
721 3856 830 3917 Terrae
853 3854 895 3929 Ο,
918 3856 1091 3932 Jam'dictis
1113 3856 1134 3916 S
1158 3856 1414 3930 occidantaiiorcs,
1437 3865 1542 3917 nactae
1563 3860 1691 3935 spatium
1712 3861 1795 3918 inse-

436 3943 549 4020 q'uondi
571 3943 730 4019 plenariam
754 3945 902 4013 umbram,
927 3946 956 4001 in
979 3943 1169 4020 penumbram
1192 3942 1340 4016 incidunt,
1364 3943 1473 4019 elapsis
1493 3945 1556 4019 J'am
1579 3963 1596 4005 e
1619 3945 1700 4005 deco
1721 3944 1796 4003 iliu·

434 4033 550 4100 minato
573 4031 764 4090 orientalibus
789 4030 810 4091 S
833 4039 863 4091 at
885 4032 915 4088 in
937 4030 1061 4090 alterum
1083 4033 1178 4090 noctis
1200 4029 1446 4105 hemisphaerium
1461 4035 1594 4108 receptis
1631 4032 1678 4090 Ita
1694 4032 1794 4091 totalis

435 4118 555 4178 dnmtio
565 4116 614 4177 its
626 4118 768 4179 brevioris
784 4118 922 4194 temporis
936 4135 988 4192 per
1001 4117 1188 4190 longissimos
1200 4117 1308 4177 Tenea
1322 4124 1432 4177 tractus
1447 4122 1574 4180 excurrit
1589 4120 1627 4178 ab
1642 4118 1794 4178 occidente
1836 4133 1841 4143 ·

433 4206 517 4266 ltin
540 4206 680 4264 orientem
703 4206 830 4270 Telluris
853 4205 889 4279 ὃς
919 4214 951 4265 ut
979 4204 1164 4266 omnimodae
1192 4205 1354 4264 durationis
1376 4205 1443 4279 BE,
1471 4223 1547 4281 quae
1579 4204 1719 4282 longioris
1749 4214 1797 4268 cst

434 4294 587 4370 temporis,
611 4296 724 4366 termini
748 4294 901 4353 Terrarum
925 4296 1045 4352 extremi
1068 4292 1109 4364 M,
1135 4290 1161 4351 O
1185 4294 1260 4352 intra
1282 4292 1418 4352 breviora
1440 4294 1537 4368 spatia
1557 4301 1749 4355 onustantur.
1889 4343 1892 4348 .

469 4406 475 4416 ·
527 4382 630 4461 Quare
645 4380 796 4439 &viditur
809 4381 1030 4440 remidiumcter
1043 4380 1388 4456 circumponeremus,
1411 4387 1474 4439 inm
1491 4398 1571 4455 qnae
1591 4384 1633 4439 cis
1651 4380 1797 4442 umbrosa
1857 4379 1862 4387 ’

421 4465 564 4536 'areima
597 4485 701 4542 quom
724 4487 803 4543 quac
825 4469 909 4526 tarra
931 4469 1035 4541 illnm',
1063 4472 1098 4527 ia
1118 4475 1224 4543 parier
1250 4463 1400 4544 pundib'ci
1426 4466 1597 4542 duodenne,
1625 4468 1724 4526 duciis
1749 4467 1797 4526 bis

432 4553 585 4616 duodenis
612 4556 682 4613 nine
708 4553 816 4614 Lunae
845 4557 892 4613 ccl
921 4556 1049 4614 umbrae
1076 4556 1235 4629 parallelis
1254 4573 1309 4631 par·
1330 4562 1428 4614 totum
1449 4554 1590 4613 dammi
1625 4553 1703 4629 Quia
1726 4553 1793 4612 dia·

432 4650 529 4704 meter
551 4640 639 4713 Solis,
663 4648 698 4701 ut
718 4661 761 4715 as,
785 4645 813 4701 in
837 4642 992 4702 duodecim
1017 4644 1118 4702 bucias
1141 4660 1194 4701 sou
1216 4641 1326 4716 digitos
1348 4640 1441 4699 diuidi
1462 4639 1553 4700 solet:
1586 4657 1676 4717 quare
1698 4639 1796 4700 ductis

433 4733 505 4789 viae
535 4728 646 4786 lunaris
674 4730 794 4789 umbrae
817 4729 965 4805 parallelis
988 4747 1039 4804 per
1061 4739 1170 4805 puncta
1189 4728 1342 4787 divisionis
1365 4726 1646 4787 semidiametrornm
1667 4743 1795 4802 panum-

434 4820 523 4889 brae,
548 4815 742 4892 quaecunque
765 4816 831 4876 loca
853 4817 961 4878 Terrae
985 4820 1091 4893 quovis
1115 4826 1263 4878 momento
1284 4818 1313 4873 in
1337 4832 1426 4875 unam
1447 4814 1564 4874 illerum
1586 4812 1795 4891 parallelorum

436 4904 580 4976 incidunt,
605 4905 641 4961 iis
657 4905 686 4959 in
702 4901 774 4963 iocis
789 4903 839 4963 Sol
857 4904 977 4964 totidem
994 4904 1093 4979 digitis
1116 4904 1238 4964 deficere
1261 4908 1401 4974 cernetur,
1423 4907 1516 4976 quota
1530 4911 1575 4961 est
1597 4898 1741 4977 parallela
1755 4900 1795 4959 ab

433 5000 567 5056 extrema
590 4992 779 5067 penumbram
801 4999 940 5067 tangente
962 4992 1121 5052 exclusive.
1168 4989 1208 5052 Ut
1230 4994 1259 5048 in
1278 4989 1350 5048 iocis
1373 4987 1491 5060 Terrae,
1514 5005 1592 5064 quaa
1616 4990 1647 5043 in
1662 4982 1722 5043 ΜΟ
1747 4987 1795 5042 in-

433 5078 538 5141 cidunt
559 5085 690 5154 tempore
712 5078 889 5151 durationis,
920 5078 998 5139 Solis
1021 5079 1151 5138 deiectus
1173 5074 1366 5154 pervenitad
1387 5074 1495 5150 digitos
1520 5079 1548 5149 i,
1571 5075 1644 5150 qnia
1665 5068 1725 5130 blo
1749 5080 1796 5132 est

433 5168 563 5244 septima
592 5165 631 5224 ab
653 5163 738 5226 HlK.
783 5166 859 5226 Nam
888 5170 997 5227 extima
1020 5165 1110 5239 HIK,
1141 5172 1265 5240 tangens
1288 5161 1492 5239 penumbram,
1523 5160 1635 5220 nullius
1664 5157 1794 5218 deiectus

436 5262 482 5316 cst
504 5250 603 5329 index,
626 5251 679 5313 sod
701 5255 841 5315 terminus
864 5256 963 5331 potius
986 5261 1039 5329 est,
1062 5271 1081 5313 a
1104 5268 1164 5329 quo
1185 5251 1318 5320 deiectus
1333 5250 1436 5327 incipit
1456 5250 1566 5310 sentiri
1612 5244 1652 5304 Et
1669 5251 1797 5320 septen·-
