4459 6275
403 830 408 839 .
511 783 573 847 aaa
861 865 865 878 .
979 748 1153 853 'expromo
1171 782 1361 841 samsonem

512 961 590 1034 nico,
612 957 643 1019 id
666 958 756 1022 'l'erra
777 967 824 1021 est
844 959 884 1020 ad
905 963 1107 1039 apparentiam
1130 961 1246 1039 qnidam
1268 964 1298 1022 in
1320 963 1447 1041 sphaera
1468 978 1521 1023 san
1542 963 1664 1040 regions
1685 959 1784 1035 nolu,
1806 958 1872 1038 Ty·

515 1047 603 1108 eboni
627 1047 744 1124 quidem
775 1052 864 1108 etiam
887 1049 917 1107 lu
939 1052 980 1107 rci
1006 1052 1136 1111 veritate.
1179 1051 1219 1111 Et
1238 1051 1316 1110 sient
1336 1051 1388 1111 Sol
1412 1053 1441 1109 in
1456 1060 1563 1111 -eentro
1584 1050 1710 1109 lixarrrm
1732 1057 1789 1121 est,
1815 1050 1872 1107 im·

515 1136 635 1196 mobilis
657 1137 719 1212 ipsc
741 1137 771 1194 in
794 1135 943 1197 domicilio
959 1137 1110 1211 immobili,
1133 1139 1296 1210 sicariam,
1319 1146 1452 1216 respectu
1467 1137 1585 1214 quidem
1605 1145 1742 1198 motuum
1757 1136 1872 1207 Lunae,

511 1222 602 1283 Tarra
632 1222 789 1282 immobilis
817 1230 863 1283 est
890 1226 920 1282 in
944 1233 1043 1285 oenus
1073 1225 1217 1301 sphaerae
1238 1224 1333 1300 Solis,
1365 1228 1450 1301 qnasi
1472 1224 1640 1284 immobilis.
1684 1223 1772 1283 Sicut
1794 1226 1871 1283 enin

490 1312 594 1399 'regio
616 1309 767 1369 mobilium
790 1312 867 1370 circa
889 1311 988 1371 Solem
1011 1322 1056 1371 cst
1078 1310 1223 1392 ordinata,
1245 1314 1289 1373 sic
1310 1314 1398 1372 ctiam
1419 1314 1499 1373 orbis
1522 1311 1626 1373 banse
1647 1313 1727 1371 cirea
1749 1310 1871 1371 Terram

511 1397 725 1460 circumductus
747 1405 805 1457 est:
829 1398 891 1459 illic
909 1399 985 1459 fixae
1007 1398 1143 1476 planetis,
1166 1400 1215 1459 hic
1237 1399 1289 1460 Sol
1312 1402 1376 1478 ipse
1398 1400 1500 1460 Lunae
1521 1399 1607 1459 limes
1629 1406 1690 1471 ast,
1719 1397 1761 1459 ad
1783 1415 1869 1475 quera

513 1484 566 1545 illa
587 1485 719 1545 coniecto
742 1502 841 1546 menso
856 1485 1058 1563 phasibusque
1082 1486 1217 1548 omuibus
1239 1489 1403 1548 revertitur.
1446 1487 1682 1548 Consentaneum
1699 1496 1747 1547 est
1760 1488 1871 1562 imque,

513 1579 546 1632 ut
574 1574 652 1632 sicut
681 1572 760 1632 orbis
784 1573 885 1633 Lunae
914 1573 1042 1633 medium
1069 1575 1286 1653 proportionale
1315 1575 1412 1635 tactus
1438 1584 1484 1635 est
1508 1575 1673 1635 rationibus
1695 1575 1871 1633 arceamus

513 1661 587 1720 iuter
610 1660 709 1720 orbem
730 1659 810 1722 Solis
832 1669 1020 1738 apparentem
1044 1671 1073 1721 et
1095 1679 1201 1739 corpus
1220 1662 1328 1723 Terrae
1350 1664 1380 1720 in
1402 1661 1467 1737 ejus
1488 1670 1598 1736 centro,
1619 1663 1664 1722 sie
1685 1663 1779 1721 etima
1792 1664 1870 1735 regio

513 1748 679 1821 mobilium,
710 1765 763 1807 seu
786 1752 911 1809 extimus
932 1748 1050 1808 Saturni
1073 1750 1217 1821 ambitus,
1245 1751 1284 1808 sit
1304 1749 1432 1811 medium
1454 1748 1673 1827 proportionale
1696 1750 1775 1808 inter
1796 1750 1870 1807 esti·

513 1851 590 1895 mam
611 1834 766 1912 sphaeram
788 1836 912 1895 fixarum
934 1844 965 1896 et
985 1853 1091 1914 corpus
1113 1836 1192 1897 Solis
1214 1839 1242 1895 in
1265 1844 1363 1896 centro
1385 1837 1496 1897 mnndi.

599 1920 725 1982 Rursum
748 1921 825 1983 idam
849 1923 1002 1983 coniicitur
1018 1927 1116 1999 ctiam,
1139 1927 1203 1984 siue
1225 1932 1358 2001 respectu
1374 1924 1412 1983 ad
1434 1923 1574 1983 mundum
1586 1940 1723 2002 parrum,
1746 1940 1786 1982 ex
1800 1938 1870 1983 aas·

511 2007 691 2069 siderations
719 2011 813 2087 lpsins
841 2013 940 2088 magni
969 2012 1079 2073 mnndi.
1125 2012 1198 2070 Cum
1227 2013 1306 2070 onim
1332 2012 1456 2071 mobilia
1477 2029 1514 2073 ex
1544 2028 1604 2072 nna
1626 2018 1710 2089 purte
1735 2010 1869 2071 areant

514 2095 748 2157 immobilitatem
770 2099 927 2158 ambientis
949 2102 1087 2176 eorporis,
1111 2097 1190 2175 quod
1212 2099 1309 2158 locum
1332 2099 1467 2176 praebet,
1490 2098 1561 2157 dum
1582 2100 1675 2157 motui
1699 2099 1869 2171 renituntur,

513 2191 546 2243 ut
576 2200 635 2242 non
664 2192 747 2244 tauta
768 2185 916 2246 celeritate
940 2195 1128 2258 nrovcantur,
1159 2193 1299 2262 qnanmm
1329 2186 1446 2245 allectat
1467 2194 1577 2259 motor,
1607 2203 1644 2245 ex
1666 2184 1766 2246 altera
1787 2192 1869 2262 parts

512 2278 624 2330 motum
647 2288 682 2331 ax
704 2280 817 2333 motore
840 2272 1053 2349 quadamtenus
1068 2276 1241 2349 suscipiant,
1266 2281 1298 2332 ut
1313 2274 1341 2331 in
1357 2274 1516 2333 mobilibus
1530 2276 1710 2333 misceantur
1724 2271 1869 2348 quodan-

516 2357 604 2418 modo
626 2368 723 2419 motus
751 2377 786 2420 ex
810 2369 920 2422 merore
949 2369 979 2422 ct
1000 2364 1084 2437 qrries
1110 2379 1147 2420 ox
1168 2375 1288 2438 corpora
1310 2359 1443 2420 locante.-
1473 2362 1563 2437 igitur
1583 2362 1610 2419 si
1632 2376 1694 2418 rem
1718 2359 1869 2437 physicam

513 2444 583 2507 licet
613 2449 769 2507 enunciare
799 2447 896 2507 verbis
927 2448 1156 2520 mathematicis,
1186 2447 1308 2507 mobilia
1329 2454 1465 2525 poterunt
1487 2450 1639 2526 aptissime
1661 2446 1721 2507 dici
1743 2446 1869 2507 median

512 2533 732 2611 proportionale
761 2536 836 2595 inter
863 2552 982 2613 corpus,
1015 2534 1094 2612 qued
1117 2542 1213 2595 motus
1236 2535 1300 2594 lons
1322 2543 1384 2606 est,
1417 2542 1447 2594 et
1478 2537 1552 2594 iuter
1580 2551 1688 2611 corpus
1710 2532 1870 2603 immobile,

408 2630 411 2641 ·
512 2620 592 2697 quod
621 2621 717 2682 locum
744 2630 883 2700 praestat
936 2622 1024 2698 Quod
1055 2640 1121 2684 cum
1157 2630 1187 2683 at
1214 2622 1336 2700 physice
1365 2631 1394 2681 et
1425 2621 1557 2683 localiter
1585 2625 1624 2681 sit
1654 2638 1760 2682 verum
1792 2616 1870 2703 (lons

514 2712 591 2769 enim
614 2717 660 2770 est
682 2712 775 2784 intus,
808 2709 908 2769 locans
931 2718 1026 2783 extra,
1049 2709 1173 2771 mobilia
1197 2713 1226 2767 in
1247 2707 1372 2789 medio),
1402 2709 1474 2768 uihil
1497 2712 1585 2785 igitur
1606 2708 1800 2769 vemsimilins
1820 2718 1870 2777 ert,

515 2814 605 2873 quam
634 2806 666 2857 nt
694 2798 783 2858 etiam
812 2801 987 2874 geometrice
1015 2799 1231 2859 semidiameter
1260 2799 1387 2874 regionis
1416 2797 1568 2856 mobilium
1589 2798 1628 2857 sit
1649 2796 1784 2856 medium
1804 2812 1870 2873 pro·

513 2884 677 2963 portionale
700 2886 775 2947 inter
796 2885 1042 2947 semidiametmm
1066 2886 1196 2961 corporis
1217 2882 1295 2943 Solis
1317 2892 1347 2944 et
1369 2884 1615 2944 semidiametrum
1636 2883 1785 2960 sphaeras
1798 2882 1870 2943 fixa·

512 2989 592 3046 rum,
621 2981 655 3033 ut
672 2974 749 3033 sicut
770 2989 803 3034 sc
824 2972 913 3033 habet
935 2973 1042 3051 globus
1064 2972 1143 3033 Solis
1166 2971 1205 3031 ad
1226 2971 1410 3049 sphaericum
1432 2982 1563 3049 systema
1591 2972 1780 3049 planetarum
1807 2987 1869 3031 esr-

511 3062 602 3134 nium,
625 3063 668 3121 sic
690 3059 748 3121 hoc
768 3060 933 3121 schabest
955 3060 993 3120 ed
1015 3060 1199 3139 sphaericum
1222 3061 1312 3119 totius
1333 3058 1435 3119 mundi
1457 3075 1576 3138 corpus,
1605 3058 1731 3119 fixarum
1753 3061 1869 3138 regione

512 3151 705 3209 minatum.

601 3236 757 3313 Quomodo
783 3239 895 3295 emmau
925 3237 1067 3296 diametri
1099 3238 1234 3311 corporis
1255 3236 1334 3296 Solis
1361 3238 1589 3313 proportionem
1618 3233 1663 3292 od
1683 3234 1870 3295 diam

513 3326 644 3396 repiorris
666 3325 846 3382 mobilium?
879 3324 922 3383 Ex
944 3324 1063 3400 angulo,
1086 3332 1228 3399 quantum
1251 3325 1346 3399 ipsum
1369 3340 1475 3399 corpus
1498 3322 1577 3382 Solis
1599 3331 1726 3397 occupat
1750 3324 1779 3378 in
1804 3323 1866 3381 visu

512 3419 627 3479 nostro,
658 3414 855 3470 instrumentis
882 3412 1095 3470 mathematicis
1125 3410 1237 3485 adjuto.
1282 3411 1356 3467 Cum
1384 3413 1461 3469 enim
1491 3413 1516 3465 is
1538 3411 1669 3485 proxima
1693 3412 1732 3466 sit
1756 3408 1866 3468 dimidii

513 3495 630 3572 gradus,
654 3501 793 3574 sequitur,
817 3499 899 3557 illum
914 3500 1052 3560 abcssca
1078 3501 1142 3556 visu
1159 3500 1221 3557 2⁶29
1245 3496 1468 3557 semidiametris
1482 3498 1553 3554 suia
1590 3497 1628 3552 Ar
1644 3512 1716 3554 vero
1733 3499 1815 3555 visus
1829 3505 1869 3554 est

516 3585 544 3639 iu
568 3583 695 3658 Tellure,
719 3596 748 3646 ot
770 3585 896 3645 Telluris
920 3588 1007 3658 orbis,
1031 3588 1108 3645 circa
1130 3582 1227 3644 Solem
1250 3587 1347 3660 positi,
1372 3583 1512 3643 diameter
1536 3582 1624 3661 paulo
1641 3583 1736 3657 nrnJor
1760 3591 1806 3642 est
1821 3582 1870 3640 de·

515 3672 592 3729 eima
613 3680 695 3749 partc
719 3674 796 3733 orbis
820 3675 953 3733 Saturni:
986 3691 1055 3750 ergo
1078 3674 1203 3733 extimus
1226 3670 1375 3730 mobilium
1400 3672 1485 3742 orbis,
1509 3670 1565 3729 hoc
1594 3677 1639 3728 est
1662 3670 1793 3744 Saturni,
1814 3671 1870 3730 iere

515 3756 639 3834 decuplo
662 3760 759 3836 plures
782 3761 859 3820 Solis
884 3762 1040 3821 diametros
1065 3762 1202 3833 continet,
1226 3758 1282 3818 hoc
1305 3768 1348 3816 est
1372 3760 1484 3817 circiter
1507 3760 1601 3816 0000.

603 3848 730 3923 Quanto
757 3867 812 3924 per
842 3850 922 3907 hunc
950 3854 1106 3908 rationem
1137 3846 1238 3905 euadit
1262 3846 1392 3922 sphoera
1414 3846 1572 3904 soritarum
1593 3845 1754 3919 finarum?
1788 3847 1866 3903 Sient

514 3932 655 3993 diameter
677 3934 814 4008 Saturni,
840 3939 967 3995 extimae
990 3937 1133 4012 sphaerae
1156 3933 1321 4003 mobilium,
1345 3935 1475 3992 eontinet
1499 3934 1527 3989 in
1551 3950 1582 3990 se
1606 3932 1782 3990 diametrum
1806 3951 1869 3990 ror-

516 4023 594 4098 poris
617 4021 727 4081 Solaria
755 4024 800 4082 bia
828 4024 933 4082 millies
956 4026 1086 4092 circiter,
1119 4023 1161 4080 sic
1183 4024 1272 4081 etiam
1294 4020 1437 4079 diameter
1458 4020 1601 4095 sphaerae
1624 4019 1750 4077 lixarum
1775 4022 1867 4079 conti·

515 4117 596 4168 neret
619 4108 789 4169 diametrum
805 4110 920 4170 Saturni
947 4114 974 4167 in
997 4130 1029 4171 sc
1052 4112 1110 4170 lere
1134 4110 1179 4167 his
1201 4108 1315 4167 millies.
1355 4108 1459 4182 Itaque
1483 4107 1626 4165 diameter
1648 4107 1774 4164 fixarum
1797 4123 1867 4165 con·

513 4196 618 4255 tinebit
647 4198 676 4253 in
705 4214 736 4256 sc
759 4200 871 4258 circiter
904 4198 1079 4274 quadragies
1101 4207 1226 4256 centena
1248 4195 1340 4253 millia
1361 4194 1569 4253 diametrorum
1593 4196 1723 4268 eorporis
1746 4195 1866 4254 Solaria.

512 4282 719 4341 diametrorum
741 4282 849 4342 Terrae
872 4282 1044 4363 (eorundum
1067 4286 1282 4361 proportionem
1306 4299 1458 4358 corporum
1481 4281 1560 4341 Solis
1583 4291 1612 4338 et
1639 4281 1748 4339 Terrae
1772 4299 1792 4340 a
1816 4299 1867 4340 re·

513 4370 624 4428 teribus
648 4369 796 4446 creditam)
820 4372 1005 4449 quintuplum
1028 4381 1057 4430 et
1080 4371 1161 4448 plus,
1190 4370 1218 4428 h.
1242 4388 1266 4428 e.
1291 4369 1443 4428 ducenties
1466 4379 1589 4428 centena
1611 4367 1707 4426 millia
1729 4367 1818 4446 plus,
1839 4377 1868 4428 ct

512 4455 672 4515 secundum
695 4467 810 4517 nostras
834 4461 961 4517 rationes
984 4458 1110 4535 triplum,
1135 4475 1176 4517 sc.
1200 4459 1362 4516 sexcenties
1386 4463 1510 4516 centena
1533 4456 1634 4515 millia.

602 4542 788 4603 Incredibilis
813 4564 882 4605 uero
903 4547 975 4604 hom
997 4555 1038 4605 est
1060 4544 1233 4621 amplitudo
1254 4545 1401 4619 sphaerae
1421 4546 1572 4617 tinorum,
1604 4560 1700 4618 quem
1732 4551 1769 4602 tu
1790 4545 1866 4618 foris

511 4633 556 4690 his
578 4630 685 4687 millies
705 4635 853 4704 mojorem
875 4634 1006 4708 sphaere
1024 4634 1163 4705 Saturni,
1186 4649 1255 4690 cum
1271 4631 1358 4706 opud
1373 4638 1482 4688 rerer-es
1497 4632 1552 4689 illu
1564 4634 1708 4705 pror-ime
1720 4637 1867 4705 supersim

513 4719 661 4777 Saturno
707 4717 798 4777 lmmo
822 4736 892 4778 vero
915 4720 1007 4778 multo
1030 4719 1228 4779 incredibilior
1250 4729 1295 4777 est
1316 4717 1396 4793 apud
1421 4726 1537 4778 veteres
1560 4719 1720 4794 pernicitas
1742 4717 1866 4776 fixarum

512 4816 541 4866 et
564 4805 698 4868 Saturrrir
724 4823 846 4880 quornm
871 4808 1041 4866 alterutrum
1065 4825 1130 4865 cum
1153 4808 1333 4864 accessesit
1357 4815 1505 4880 statuere,
1527 4804 1713 4880 probabilius
1736 4816 1800 4866 cst.
1824 4805 1868 4862 bis

513 4893 618 4952 rnillics
644 4890 690 4948 vel
722 4893 827 4952 millies
858 4911 922 4954 esso
951 4893 1122 4967 ampliorem
1145 4894 1298 4970 sphaeram
1323 4893 1446 4951 fixarum
1470 4903 1559 4967 atquc
1583 4903 1697 4950 veteres
1721 4890 1868 4952 dixerunt.

514 4998 602 5056 quam
627 4980 716 5036 ricics
740 4989 843 5054 qrrster
866 4980 971 5039 millies
995 4995 1059 5036 esre
1082 4979 1248 5038 celeriorem
1271 4991 1360 5055 atque
1375 4981 1555 5056 Copernicus
1570 4981 1683 5037 statuit.
1732 4979 1777 5037 lbi
1794 4982 1868 5038 enim

514 5071 544 5125 in
566 5067 701 5140 subJeelo
723 5066 904 5142 amplissimo
928 5075 957 5127 et
981 5063 1060 5140 qrrod
1083 5075 1127 5123 est
1150 5069 1263 5125 inlinito
1286 5067 1380 5126 similo
1403 5077 1499 5125 motus
1523 5069 1598 5124 ineat
1619 5065 1736 5138 nullus,
1770 5066 1819 5125 hie
1841 5069 1869 5122 in

514 5155 584 5212 orbo
607 5154 724 5212 Saturni
755 5152 871 5212 modico
902 5163 1000 5213 motas
1030 5153 1125 5212 inesse
1155 5164 1331 5216 statueretur
1361 5155 1474 5213 inlinito
1503 5154 1616 5216 similis.
1663 5153 1869 5214 Persevera
