4459 6275
385 794 387 800 ’
436 820 498 884 aas
568 866 570 870 .
881 814 913 870 n
930 813 1078 885 aarum
1095 805 1185 870 uuae
1202 811 1333 869 aarum.

435 993 508 1049 ticae
526 997 554 1046 et
573 989 710 1046 constanti
728 994 755 1044 et
773 987 937 1058 Tychouica
974 990 1077 1045 Causas
1095 989 1185 1046 habeo
1202 988 1346 1057 utriusque
1363 986 1429 1042 iacti
1451 987 1571 1043 idoneas.
1619 986 1692 1041 Nam
1709 986 1799 1056 paine.

435 1071 509 1143 quod
527 1070 626 1126 attinet
643 1069 818 1124 variationem
841 1067 1023 1138 obliquitatis,
1051 1069 1121 1139 scio,
1139 1066 1322 1123 Reinholdum
1345 1067 1374 1121 iu
1392 1064 1546 1121 Prutenicis
1564 1080 1714 1120 excessum
1731 1063 1799 1132 adit»

435 1151 507 1205 ciam
526 1159 582 1204 um
600 1146 825 1202 declinationibus
845 1163 925 1216 quam
944 1164 1002 1205 asc,
1020 1150 1102 1204 rectis
1128 1164 1177 1217 pro
1195 1146 1356 1216 obliquitate
1373 1146 1499 1213 maxima,
1518 1151 1547 1199 et
1563 1143 1694 1199 docuisse
1712 1141 1801 1197 amari

437 1237 545 1301 partem
563 1225 792 1296 proportionalem
817 1241 866 1294 per
885 1225 1014 1296 scrupula
1032 1226 1174 1282 secularia.
1209 1226 1312 1281 Verum
1330 1227 1424 1299 Tycho
1442 1226 1581 1293 Braneus,
1609 1223 1718 1293 primus
1738 1222 1801 1277 iata·

397 1304 399 1311 ’
436 1317 497 1363 rum
515 1306 669 1362 tabularum
688 1312 791 1371 auctor,
807 1305 865 1374 jam
884 1305 1121 1365 dudumiormam
1139 1304 1213 1358 illam
1232 1305 1446 1374 Copornicanam
1463 1312 1553 1359 motus
1571 1303 1746 1373 obliquitatis
1762 1318 1800 1357 re·

436 1387 538 1443 sumsit
554 1386 588 1440 ab
608 1384 789 1453 experientia,
815 1386 909 1452 itaque
928 1385 1059 1440 convulsa
1076 1393 1119 1439 est
1136 1384 1183 1439 illa
1207 1384 1302 1454 politia
1325 1384 1531 1454 scrupulorum,
1558 1383 1620 1437 sine
1639 1381 1740 1451 quibua
1757 1396 1800 1435 ex·

437 1482 530 1521 cessus
548 1465 613 1520 dicti
631 1464 702 1519 fiunt
719 1464 838 1519 inutiles.
875 1465 937 1518 Etsi
955 1481 1019 1520 vero
1038 1465 1133 1535 Tycha
1158 1481 1213 1519 non
1231 1464 1340 1533 negavit
1358 1464 1476 1533 omnino,
1494 1463 1627 1531 maiorem
1645 1461 1735 1517 luisse
1752 1461 1800 1515 aab

435 1542 592 1599 Ptolemaeo
611 1550 640 1597 et
657 1542 816 1611 Hipparcho
836 1543 1034 1614 obliquitatem,
1053 1544 1122 1599 illud
1140 1552 1232 1599 temen
1250 1543 1439 1614 deprehendit,
1464 1541 1534 1596 rixas
1552 1540 1650 1597 stellas
1667 1541 1743 1594 hanc
1760 1552 1801 1591 ra·

436 1621 580 1677 riatiouem
598 1636 652 1675 non
671 1623 726 1674 unt
743 1620 849 1675 subire:
877 1639 933 1678 non
956 1625 1026 1678 enim
1050 1623 1133 1678 rixam
1158 1639 1219 1678 esse
1241 1623 1292 1678 sub
1310 1623 1372 1679 rixis
1390 1622 1477 1678 stellis
1501 1621 1670 1691 eclipticam,
1700 1628 1733 1672 ut
1750 1619 1802 1673 una

435 1717 498 1757 cum
516 1700 570 1756 illis
588 1700 622 1753 ab
641 1699 833 1768 aequinoctiali
851 1700 974 1757 discedat
992 1703 1173 1771 accedatque,
1200 1703 1249 1758 sed
1272 1703 1359 1758 selam
1376 1694 1528 1770 'eclipticam
1548 1710 1576 1754 et
1595 1716 1613 1753 a
1630 1699 1696 1755 liris
1719 1697 1803 1753 stellis

435 1789 463 1838 et
481 1782 515 1837 ab
535 1780 726 1849 aequinoctiali
744 1779 864 1834 abnam
882 1780 923 1835 rel
943 1797 1071 1836 annuere.
1107 1783 1167 1837 Hoc
1185 1797 1249 1837 vero
1269 1782 1292 1836 si
1311 1781 1351 1836 sic
1368 1789 1423 1848 est,
1447 1780 1504 1847 J‘am
1521 1779 1634 1847 penitus
1652 1778 1759 1834 ionariis
1776 1790 1803 1833 et

437 1874 607 1928 supervacua
624 1859 656 1914 fit
674 1859 709 1914 ad
727 1859 904 1928 pragmatiam
924 1861 1032 1929 quidem
1047 1860 1164 1915 fixarum
1188 1860 1235 1914 illa
1259 1860 1469 1915 declinationum
1493 1867 1522 1914 et
1549 1860 1744 1914 ascensionum
1760 1874 1803 1911 ra·

437 1936 518 1992 riatio
536 1937 691 1992 Prutenica.
729 1936 837 2003 Quanta
855 1939 926 1993 enim
945 1940 1087 1996 coniicitur
1104 1940 1251 1995 declinatio
1270 1948 1297 1993 et
1315 1938 1438 1993 ascensio
1464 1937 1582 2006 alicujus
1600 1936 1673 1991 lixae
1692 1955 1745 2007 per
1760 1936 1803 1991 ob

441 2015 595 2084 liquitatem
614 2016 756 2085 eclipticas
774 2023 909 2072 uetustam
927 2019 1152 2087 latitudinemque
1170 2019 1245 2074 fixae
1267 2022 1301 2074 ab
1320 2019 1367 2072 illa
1383 2026 1528 2084 ranetam,
1550 2025 1629 2072 tanta
1646 2017 1758 2071 omnino
1774 2014 1804 2069 ht

441 2104 557 2163 utraque
576 2097 658 2150 etiam
676 2110 726 2164 per
743 2102 873 2162 utrasque
892 2096 1042 2153 modernas.
1080 2099 1176 2152 ltestat
1201 2098 1285 2167 igitur
1308 2098 1404 2152 arnicas
1423 2095 1482 2164 Sol,
1506 2095 1552 2165 qui
1576 2106 1673 2150 centro
1692 2112 1743 2148 suo
1761 2094 1802 2148 de

437 2173 530 2229 scribit
549 2173 702 2243 eclipticam
719 2173 853 2241 cujusque
873 2179 940 2230 aevi.
978 2175 1048 2230 Solis
1076 2192 1139 2230 sero
1158 2177 1331 2239 ascensiones
1351 2183 1378 2231 et
1397 2174 1607 2244 declinationes,
1626 2191 1745 2243 quaeso,
1761 2174 1803 2228 cui

437 2251 499 2307 usui
524 2251 724 2320 exquiruntur?
760 2252 813 2305 Per
837 2252 1033 2310 declinationes
1053 2255 1123 2310 Solis
1149 2254 1264 2311 latitudo
1289 2255 1411 2310 locorum
1436 2253 1597 2323 exploratur
1622 2252 1718 2325 hodie,
1743 2250 1803 2305 olim

435 2347 486 2400 per
503 2331 557 2385 diei
569 2331 688 2387 aestivae
705 2330 905 2400 longitudinem
919 2334 1107 2401 quaerebatur.
1146 2334 1307 2403 Quicunque
1325 2334 1422 2388 modus
1440 2333 1523 2388 luerit
1542 2332 1695 2400 adhibitus,
1714 2346 1803 2386 omnes

437 2412 536 2466 ueteris
554 2410 736 2479 geographiae
753 2408 912 2464 latitudines
930 2411 1050 2468 locorum
1068 2415 1258 2469 vitiosissimas
1276 2423 1341 2469 suut
1359 2420 1386 2467 et
1404 2429 1511 2468 crassae
1524 2410 1673 2467 admodum
1685 2420 1715 2464 et
1726 2411 1803 2480 plena

438 2490 516 2559 quasi
534 2489 605 2556 vola,
625 2489 777 2557 ὁλοσχερως,
796 2489 950 2547 admensae.
988 2493 1171 2549 ascensiones
1190 2501 1316 2564 spectant
1334 2493 1369 2547 ad
1387 2490 1578 2560 aequationem
1596 2489 1744 2557 temporit,
1760 2487 1803 2541 abi

442 2572 482 2626 15¹
502 2568 650 2624 conficiunt
667 2585 751 2623 unum
777 2568 860 2621 horae
885 2571 1027 2628 minutum,
1063 2574 1147 2642 Atqui
1174 2575 1290 2628 maxima
1313 2573 1502 2627 ascensionum
1531 2567 1687 2623 differentia
1713 2566 1741 2621 in
1760 2568 1804 2621 Π·

440 2650 524 2705 Tauri
543 2656 586 2704 est
603 2650 627 2704 5¹
647 2648 709 2716 16¹⁴,
729 2662 800 2716 quae
819 2654 883 2700 aunt
901 2648 929 2704 in
947 2655 1070 2720 tempore
1087 2654 1149 2722 21¹²,
1168 2655 1252 2709 triam
1271 2652 1351 2707 unius
1369 2651 1474 2719 minuti,
1497 2666 1542 2705 res
1561 2648 1643 2717 plane
1661 2646 1803 2703 insensati·

439 2725 486 2795 iis;
508 2742 569 2783 cum
588 2727 616 2781 in
635 2724 870 2780 observationibus
889 2735 1010 2782 veterum
1029 2729 1190 2800 plerumque
1207 2731 1322 2787 trientes
1341 2731 1467 2786 horarum
1487 2729 1588 2784 sintin
1607 2727 1703 2783 dnbio.

545 2806 598 2861 Sed
628 2813 710 2874 caput
736 2805 776 2879 rel
803 2803 924 2859 nondum
951 2808 1044 2877 attigi;
1070 2808 1157 2877 ipsam
1185 2824 1222 2863 sc.
1250 2810 1438 2881 obliquitatem
1461 2809 1605 2877 eclipticas
1629 2806 1696 2860 olim
1722 2804 1804 2861 initae

440 2885 578 2954 majorem,
596 2901 642 2940 res
660 2901 715 2939 non
737 2892 844 2940 tantum
870 2891 912 2939 est
930 2884 1021 2956 darbia,
1047 2887 1095 2942 sed
1114 2886 1210 2941 validis
1229 2891 1394 2958 argumentis
1421 2906 1456 2944 er
1478 2889 1545 2959 ipsis
1571 2894 1699 2941 ueterum
1716 2883 1805 2939 obaer-

440 2963 592 3021 uationibus
611 2980 628 3018 a
645 2980 688 3019 me
707 2963 838 3019 conuulsa
862 2972 891 3018 et
914 2965 1010 3033 procul
1035 2964 1118 3020 dubio
1141 2965 1223 3035 plane
1247 2967 1324 3023 falsa.
1361 2971 1388 3026 Si
1406 2979 1497 3027 amen
1516 2969 1580 3024 olim
1598 2967 1690 3035 major
1707 2974 1750 3020 eat
1765 2964 1805 3019 iu·

441 3049 504 3099 tura
526 3043 673 3111 obliquitas
697 3059 778 3112 quam
796 3041 888 3112 hodie,
915 3043 975 3111 ejus
994 3045 1120 3114 equidem
1145 3047 1186 3100 rei
1212 3047 1412 3115 praevidentiae
1439 3047 1732 3107 loculamentum,
1757 3058 1805 3097 nec

440 3122 563 3194 regulam
590 3123 673 3192 igitur
697 3122 851 3193 confingere
879 3139 1035 3192 possumus.
1069 3124 1223 3195 Prospiciat
1244 3125 1338 3195 itaque
1361 3127 1413 3182 sibi
1435 3134 1511 3184 aetas
1536 3124 1676 3195 quaelibet
1701 3120 1803 3190 ipsein

443 3201 636 3257 constituenda
653 3218 702 3256 sua
720 3200 890 3270 obliquitate,
910 3209 938 3257 et
956 3221 1006 3259 nos
1024 3220 1074 3274 pro
1093 3205 1165 3260 omni
1183 3221 1249 3262 aero
1262 3206 1442 3261 astronomiae
1455 3213 1553 3261 exacto
1565 3203 1693 3259 conteuti
1709 3202 1805 3258 eaimu

442 3279 599 3347 obliquitate
613 3279 752 3334 hotlierna

547 3362 606 3410 Jam
625 3377 715 3409 causas
733 3363 948 3426 affcrtlieplerus.
967 3369 1060 3431 quibus
1079 3373 1162 3415 motus
1175 3368 1299 3428 'l'ychouis
1319 3369 1494 3430 obliquitatem
1512 3366 1642 3426 eclipticas
1662 3369 1805 3415 assumserit

443 3436 468 3479 at
487 3431 549 3495 quid
568 3434 593 3479 iu
613 3432 658 3479 hec
683 3434 854 3493 corrigendum
874 3445 986 3494 censeat,
1012 3453 1085 3501 quom
1111 3439 1193 3486 locum
1212 3440 1375 3487 annotatione
1394 3441 1436 3489 ⁶29.
1461 3440 1597 3500 praemissa
1624 3440 1804 3500 proposuimus

442 3508 467 3549 et
485 3504 521 3549 sic
539 3504 628 3563 pergit.

548 3585 608 3638 Hoc
627 3584 673 3639 ubi
688 3586 745 3653 jam
764 3589 924 3655 praemoniti
945 3591 1010 3644 artis
1030 3592 1145 3645 studiosi
1168 3592 1365 3655 intellexerint,
1393 3590 1602 3646 existimabunt.
1631 3592 1715 3645 etiam
1739 3593 1804 3647 hant

443 3661 627 3730 Tychonieam
646 3662 852 3720 declinationem
875 3668 1016 3737 ecliptieae
1035 3670 1120 3724 faisse
1139 3671 1323 3738 corrigendam
1343 3670 1431 3737 adque
1449 3686 1536 3722 meam
1558 3670 1629 3725 Solis
1656 3671 1805 3739 paralluin

443 3741 704 3795 accommodandam.
742 3745 841 3799 Verum
861 3747 878 3798 ii
902 3746 1003 3815 sciant,
1028 3749 1138 3802 truicum
1164 3749 1319 3818 scrirpuiarn
1339 3751 1366 3805 irr
1391 3748 1532 3802 altitudine
1557 3749 1629 3803 Solis
1659 3750 1804 3804 rrreridiana

443 3821 547 3874 aestiva
565 3829 657 3875 tautae
676 3823 834 3878 subtilitatis
855 3828 1072 3881 observationem
1092 3845 1161 3897 esse,
1181 3839 1211 3882 ut
1229 3830 1365 3884 rarissime
1385 3826 1437 3881 duo
1457 3827 1620 3882 observandi
1639 3842 1719 3882 actus
1738 3831 1803 3882 intra

445 3914 599 3953 mensuram
619 3900 699 3953 unius
718 3903 839 3971 scrupuli
861 3906 1039 3960 consentiant
1077 3907 1107 3960 lu
1128 3906 1209 3961 darbia
1229 3908 1310 3975 igitur
1328 3907 1469 3961 caluerunt
1488 3909 1560 3975 apud
1578 3925 1622 3962 mc
1640 3908 1803 3977 praejudicia

443 3996 492 4047 pro
513 3978 675 4047 obliquitate
693 3981 859 4050 majuscula,
884 3982 1136 4054 valentinaeque
1157 3988 1257 4041 notium
1276 3988 1302 4040 in
1325 3989 1414 4055 scirpo
1442 3987 1609 4055 quaesivisse
1635 4001 1685 4042 nrrt
1704 4005 1802 4042 arranem

444 4057 580 4127 Tychonis
611 4061 802 4113 astronomiam
830 4079 845 4113 a
870 4062 1053 4118 fundamentis
1084 4067 1175 4121 studio
1202 4066 1346 4120 inhonesto
1373 4066 1525 4120 conuellere
1551 4067 1672 4122 uoluisse
1698 4069 1802 4132 viderer,

444 4137 521 4192 nulla
540 4138 576 4191 ad
595 4138 648 4192 hoc
667 4140 831 4194 necessitate
850 4143 1015 4212 compulsus,
1036 4145 1110 4199 nulla
1128 4145 1247 4213 liquidae
1266 4145 1387 4198 veritatis
1406 4162 1471 4199 cura
1489 4146 1660 4201 sollicitatus.

554 4237 629 4289 Haec
650 4236 767 4305 praefari
786 4240 913 4305 oportuit.
934 4258 1005 4296 nuuc
1018 4244 1126 4297 modum
1140 4243 1302 4316 excerpendi
1321 4242 1430 4297 (locabo.
1467 4244 1600 4298 Obserret
1618 4245 1703 4313 igitur
1721 4246 1799 4299 caleu-

444 4312 524 4375 lut0r‚
551 4314 660 4369 tabulae
678 4324 770 4384 quantes
790 4332 849 4370 esse
876 4325 943 4384 troo,
972 4320 1050 4373 sicuti
1070 4325 1085 4373 :l
1105 4321 1182 4389 signa
1207 4322 1383 4389 aqrradrantenr
1403 4323 1578 4377 constituunt.
1616 4324 1721 4376 liuram
1740 4325 1798 4376 duae

445 4394 545 4447 arabus
564 4394 635 4447 inter
654 4410 682 4448 se
701 4404 764 4449 suut
780 4395 901 4462 junctae,
920 4414 1075 4452 communes
1089 4400 1221 4454 habentes
1240 4401 1333 4456 titulos
1347 4401 1444 4457 frontis
1463 4411 1490 4457 et
1507 4402 1599 4462 caleis,
1618 4413 1796 4471 praeterquam

445 4472 582 4538 signorum
600 4475 728 4542 ipsorum.
747 4492 816 4543 quae
830 4476 865 4529 ibi
879 4484 942 4529 srrut
954 4478 1063 4543 laeena,
1082 4479 1127 4530 rrlai
1141 4480 1273 4547 crrjusque
1286 4480 1353 4534 ordo
1372 4482 1502 4549 graduum
1515 4482 1626 4550 incipit:
1646 4485 1728 4538 tertia
1744 4495 1796 4552 part

444 4551 524 4618 (sigui
542 4553 624 4620 tertii)
648 4555 767 4608 excreuit
785 4556 813 4609 iu
837 4570 953 4622 sequens
972 4555 1065 4609 lolium
1089 4572 1176 4625 eoque
1207 4559 1264 4613 sola
1287 4560 1323 4613 ibi
1343 4577 1406 4614 suos
1433 4560 1527 4614 titulos
1554 4560 1651 4616 lrorrtis
1676 4572 1705 4618 et
1726 4559 1794 4615 calcia

445 4636 489 4683 est
507 4639 597 4684 nacta.

552 4727 685 4793 Conjunxi
704 4735 795 4782 autern
815 4731 1012 4795 semicirculos,
1031 4749 1047 4785 a
1064 4734 1172 4801 paractis
1193 4735 1436 4803 aequinoctialibus
1456 4737 1587 4806 inceptos,
1608 4739 1686 4804 signu
1704 4755 1739 4792 se.
1757 4753 1793 4804 op

444 4804 535 4872 posita
554 4805 700 4871 primorum
720 4806 901 4873 quadrantem
920 4814 1092 4880 superposita
1118 4815 1231 4883 singulis
1256 4816 1364 4870 tabulae
1389 4816 1526 4884 pertibus.
1555 4834 1617 4870 cum
1636 4818 1729 4871 ordine
1746 4831 1794 4884 gra·

447 4884 530 4936 duum
549 4883 584 4936 ad
603 4884 738 4938 sinistram
758 4887 939 4943 descendente
959 4901 986 4945 ct
1005 4893 1083 4960 signa
1102 4894 1257 4948 ultimorum
1270 4897 1450 4964 quadrantem
1469 4899 1614 4965 srqrposita
1634 4916 1694 4951 cum
1714 4897 1793 4951 ordint

446 4961 578 5027 graduum
597 4963 632 5017 ad
652 4962 774 5018 dextram
793 4966 965 5034 ascendente,
985 4970 1025 5024 sic
1037 4978 1067 5023 ut
1086 4972 1186 5040 gradus
1199 4974 1304 5026 antiscii
1318 4985 1462 5030 occurrant
1481 4976 1506 5029 iu
1525 4976 1622 5031 eadem
1640 4973 1794 5034 lineariter

447 5039 474 5128 in¹
492 5040 596 5108 derbe,
625 5042 695 5096 alter
712 5044 739 5097 in
758 5045 867 5099 sinistro
886 5049 1013 5116 margine.
1050 5051 1081 5103 lu
1100 5052 1247 5118 cujuslibet
1270 5053 1426 5118 junctorum
1445 5054 1584 5121 signorum
1603 5054 1744 5110 columella
1759 5065 1791 5102 er

448 5117 575 5174 amantur
592 5120 783 5176 ascensionum
801 5134 934 5180 rectarum
953 5135 1074 5196 tempora
1098 5128 1195 5183 saltent
1214 5131 1333 5200 integra,
1361 5134 1458 5198 quibus
1478 5134 1512 5187 ad
1531 5135 1604 5190 latus
1624 5136 1713 5190 adstat
1730 5131 1791 5186 eele-

447 5195 859 5267 m⁰l¹h⁰0mm1¹¹¹ffl⁰¹ffib0ttt
882 5205 1024 5262 efflamus
1047 5207 1210 5266 muichcutt
1228 5217 1382 5282 temporum
1406 5213 1574 5279 integrorum
1595 5209 1790 5284 appendicesir

447 5275 757 5348 amputamur
1181 5301 1275 5360 naua
1295 5290 1478 5362 quaenam
1501 5285 1789 5359 mattaratium·
