4459 6275
692 765 738 821 Da
755 764 827 821 Anni
846 763 1006 834 Qnmtitme
1022 770 1052 823 ot
1068 764 1309 836 Asqunoctiorum
1326 765 1528 824 Praecessions.
1747 772 1786 835 81

435 950 548 1009 tanturn
569 941 657 1021 polus
673 943 833 1020 descendit,
856 943 977 1006 sedam
991 946 1021 1003 in
1038 946 1090 1026 ,5,
1122 943 1151 1017 ,ἶ
1179 942 1525 1017 luitnilrildeacendsns‚
1550 951 1601 1005 aut
1619 945 1648 1002 in
1667 947 1721 1023 1η,
1752 943 1782 1016 ,l

433 1046 537 1106 parum
559 1030 749 1094 descendens·
795 1033 833 1093 Et
854 1041 934 1106 nota,
957 1032 1036 1108 quod
1058 1033 1177 1093 omnino
1201 1031 1289 1093 debat
1311 1050 1375 1093 esse
1397 1030 1518 1093 celerior
1548 1033 1577 1090 in
1600 1033 1787 1108 proportione

433 1117 479 1177 sui
501 1117 612 1179 circelli
641 1128 738 1180 motus
759 1119 822 1198 poli
844 1118 997 1198 eclipticas
1026 1122 1104 1181 circa
1126 1119 1226 1198 polum
1249 1118 1343 1193 Solis,
1372 1136 1460 1196 quam
1490 1119 1551 1197 poli
1573 1118 1681 1180 Terrae
1711 1120 1788 1181 cirea

434 1203 527 1278 ulum,
555 1205 631 1267 alias
658 1207 742 1267 nulla
772 1207 854 1268 lieret
882 1207 1129 1285 appropinquatio
1159 1205 1304 1283 polorum.
1349 1206 1423 1267 Cum
1445 1214 1544 1268 autern
1571 1206 1657 1285 polus
1680 1204 1789 1268 Terrae

434 1300 480 1353 sat
502 1292 636 1353 celeriter
657 1304 812 1357 moveatur
832 1295 888 1355 sub
911 1295 992 1368 lixis,
1023 1294 1084 1373 poli
1108 1295 1268 1354 orbitarum
1292 1293 1470 1368 tardissime,
1496 1312 1556 1355 non
1580 1290 1694 1355 ridetur
1716 1312 1789 1355 con-

436 1378 546 1441 sultum
568 1387 622 1441 ant
642 1391 765 1443 naturae
788 1389 1025 1457 cousentaneum,
1049 1383 1169 1442 incitare
1192 1383 1292 1458 polum
1316 1381 1467 1459 eclipticas
1490 1384 1545 1443 sub
1567 1381 1632 1443 fixis
1655 1378 1788 1458 celerius,

434 1483 525 1544 quam
548 1469 644 1546 ipsum
667 1470 768 1547 polum
790 1470 908 1531 Terrae.
952 1470 1056 1531 Potest
1078 1472 1167 1547 igitur
1190 1469 1274 1528 aliter
1296 1469 1367 1542 fieri,
1391 1479 1424 1529 ut
1445 1469 1515 1548 polo
1531 1470 1638 1533 Terrae
1658 1468 1788 1547 fugiente

434 1554 546 1632 apol'o
570 1555 723 1632 eclipticas
752 1560 781 1615 in
807 1560 860 1629 ὲ
885 1555 972 1634 (tnnc
1002 1564 1126 1635 angetur
1158 1553 1332 1639 declinatio)
1356 1560 1386 1617 in
1408 1558 1612 1619 antecedentia
1638 1565 1668 1618 st
1694 1558 1787 1618 limite

435 1642 524 1702 boreo
554 1644 586 1702 in
610 1644 645 1719 Υ
672 1649 845 1719 consutum,
881 1644 933 1705 liat
959 1647 1149 1723 transpositio
1180 1644 1302 1705 celerior
1334 1646 1548 1707 intersectionis
1578 1644 1730 1723 eclipticas
1758 1655 1788 1705 st

433 1732 617 1806 aequaturis,
646 1734 814 1809 quiescente
845 1734 1050 1793 intersectione
1078 1729 1231 1808 eclipticas
1260 1739 1292 1793 st
1312 1733 1386 1809 regii
1408 1733 1518 1806 circuli,
1549 1742 1602 1792 aut
1627 1733 1788 1810 aequaliter

435 1817 598 1879 incedente.
642 1819 702 1880 Sed
725 1830 795 1881 tnnc
816 1834 854 1880 ex
874 1820 1036 1880 mutatione
1059 1818 1222 1881 latitudinis
1244 1819 1367 1881 lixarum
1391 1816 1443 1879 200
1465 1816 1539 1879 nibil
1562 1818 1661 1898 colligi
1679 1828 1786 1898 potest,

435 1904 514 1981 qnod
536 1906 628 1966 iacnt
649 1906 687 1967 ad
710 1923 876 1968 mensuram
899 1908 1037 1967 circuitus
1058 1907 1120 1984 poli
1144 1905 1315 1985 eclipticas,
1345 1909 1402 1966 nisi
1425 1907 1504 1985 quod
1532 1916 1628 1968 motus
1651 1916 1787 1985 peractus

434 1994 552 2053 omniuo
574 1993 670 2071 maJor
691 2003 736 2054 est
758 1996 799 2054 20
821 1996 950 2054 minutis.

428 2089 430 2092 ’
520 2079 809 2159 Comprsbeudsntnr
836 2084 894 2141 ista
921 2080 1092 2141 certioribus
1123 2082 1334 2142 axiomatibus:
1371 2079 1536 2159 timorata
1561 2080 1685 2143 latitudo
1712 2082 1787 2141 lirra-

433 2184 495 2227 rom
529 2169 627 2245 arguit
656 2169 757 2248 polum
789 2169 942 2244 eclipticas
974 2170 1092 2228 omnino
1126 2168 1211 2229 sedes
1243 2178 1393 2245 mutasse;
1432 2168 1463 2248 3)
1485 2179 1599 2232 mutata
1628 2169 1787 2245 obliquitas

436 2254 590 2331 eclipticas
610 2266 710 2334 potest
731 2255 862 2317 indidem
883 2252 996 2317 salvari
1017 2266 1046 2315 ct
1069 2253 1174 2330 debet,
1201 2258 1271 2332 qnia
1293 2259 1444 2334 quantitas
1467 2257 1569 2318 eadem
1593 2256 1635 2317 30
1658 2259 1787 2319 minuto·

434 2359 513 2418 rum3
556 2340 588 2422 3)
609 2361 669 2403 non
698 2353 743 2404 est
773 2346 863 2422 igitur
894 2350 1008 2403 mutata
1036 2342 1162 2402 latitudo
1191 2342 1314 2405 fixarum
1349 2362 1385 2404 ex
1414 2346 1698 2424 appropinquatione
1725 2345 1787 2423 poli

434 2428 542 2490 Terrae
563 2429 603 2490 ad
625 2430 725 2509 polum
748 2431 921 2508 eclipticas,
949 2438 1001 2491 aut
1024 2438 1099 2501 certe
1123 2430 1243 2491 effectus
1265 2435 1530 2509 permutationem
1552 2433 1613 2510 poli
1636 2430 1789 2510 eclipticas

435 2526 478 2577 cst
499 2516 592 2594 duplo
617 2518 730 2596 major3
765 2516 797 2599 4)
819 2536 888 2581 narn
910 2520 937 2579 si
959 2534 1088 2578 cresccre
1112 2516 1201 2578 debet
1221 2516 1273 2577 lat.
1296 2519 1358 2583 bor.
1388 2522 1418 2581 in
1442 2522 1497 2595 Π,
1529 2527 1600 2581 tunc
1631 2527 1684 2580 aut
1704 2519 1788 2580 limes

434 2605 541 2665 boreus
563 2605 715 2682 eclipticas
738 2615 783 2667 est
804 2609 834 2666 in
861 2607 911 2679 Υ,
933 2603 1020 2689 polus
1042 2602 1195 2682 eclipticas
1218 2606 1249 2665 in
1275 2609 1344 2682 st,
1373 2615 1403 2668 et
1423 2607 1579 2667 retrocedit
1600 2606 1709 2680 nodus,
1737 2618 1789 2667 aut

434 2690 518 2752 limes
541 2693 572 2750 iu
598 2696 670 2767 ὲ,
704 2694 793 2770 polus
816 2697 844 2752 in
869 2694 925 2769 Υ,
959 2700 987 2752 et
1008 2691 1103 2752 nodus
1133 2692 1334 2770 progreditur3
1370 2691 1401 2774 5)
1422 2697 1520 2771 posito
1551 2698 1628 2754 enim
1656 2694 1735 2754 uodo
1758 2698 1789 2754 in

435 2776 497 2860 ὓ,
530 2797 789 2858 quorsumcunque
816 2782 913 2857 vergit
934 2780 1018 2839 limes
1040 2780 1164 2854 boreus,
1195 2781 1328 2841 inillam
1357 2789 1471 2861 partem
1493 2781 1581 2843 debet
1608 2781 1669 2842 fieri
1693 2789 1789 2843 motus

434 2866 495 2944 poli
519 2869 682 2944 eclipticas,
705 2878 739 2928 ut
761 2868 898 2946 ecliptica
919 2864 1078 2927 descendat
1100 2869 1130 2925 in
1153 2876 1294 2944 austrum,
1319 2879 1348 2930 et
1372 2871 1510 2945 vicissim,
1534 2878 1567 2930 ut
1588 2868 1675 2948 polus
1698 2868 1790 2947 cclip·

436 2957 512 3015 tiras
536 2957 755 3033 appropinquet
776 2955 842 3015 suls
865 2958 894 3014 iu
919 2957 975 3030 Π,
999 2950 1055 3035 Θ,
1080 2953 1168 3014 debet
1191 2972 1228 3015 ex
1246 2959 1298 3027 Q
1323 2956 1514 3032 retrocedere,
1538 2976 1574 3018 ex
1594 2959 1627 3031 Υ
1655 2957 1790 3034 progredi

435 3060 537 3102 rersna
561 3039 612 3124 Θ.
657 3043 706 3103 Ita
728 3044 847 3102 omnino
871 3045 1087 3116 convincimur,
1117 3043 1305 3105 statuendum
1328 3064 1392 3107 esse
1419 3054 1529 3106 motum
1552 3045 1613 3124 poli
1638 3044 1791 3123 eclipticas

435 3132 656 3191 concitatiorem
678 3132 707 3190 in
731 3130 950 3201 antecedentia,
979 3149 1068 3207 quam
1091 3136 1136 3190 est
1158 3138 1255 3192 motus
1277 3134 1339 3210 poli
1361 3134 1479 3195 Terrae.

522 3219 624 3279 Posito
648 3227 762 3293 autem,
794 3218 874 3296 quod
903 3217 999 3289 Bac,
1030 3217 1096 3276 Blc
1123 3219 1162 3276 sit
1192 3221 1266 3280 inter
1293 3239 1347 3282 nos
1379 3232 1408 3282 ct
1433 3219 1634 3300 Hipparchum
1665 3215 1731 3293 24⁰,
1762 3231 1792 3282 et

436 3303 507 3369 oni
532 3301 605 3380 300,
636 3314 668 3366 et
687 3308 812 3383 quilibet
833 3305 941 3382 gradun
965 3313 1100 3365 causetur
1121 3303 1199 3364 diem
1225 3305 1459 3387 (potestantem
1483 3316 1512 3370 ct
1533 3307 1630 3383 msJor
1656 3312 1735 3384 essa)
1764 3317 1793 3370 et

435 3393 477 3453 ΒΙ
499 3388 558 3453 230
582 3388 689 3476 51οβ,’,
712 3392 763 3455 00
787 3390 844 3454 230
868 3388 979 3474 31οβ,0,
1003 3389 1042 3452 01
1057 3409 1127 3453 varo
1150 3391 1217 3452 lon·

435 3483 497 3558 gior
531 3499 620 3559 quam
648 3478 706 3540 230
735 3476 844 3564 510[,’,
876 3481 1000 3556 ideoque
1028 3477 1071 3539 01
1099 3478 1215 3557 longior

435 3586 524 3645 quam
547 3570 616 3629 20‘:
639 3567 745 3645 quodsi
768 3567 811 3629 01
827 3570 971 3641 essetab,
994 3565 1145 3626 dimidium
1164 3571 1212 3642 10,

435 3665 464 3717 et
491 3656 642 3716 dimidium
669 3654 741 3716 ΟΑΙ
770 3651 825 3716 150
852 3664 882 3717 et
910 3654 980 3715 ΑΟΙ
1009 3653 1085 3728 350,
1110 3671 1214 3715 secans

435 3745 575 3819 386330,
599 3744 650 3804 fiet
665 3741 721 3803 oa
746 3745 799 3803 38‘
823 3745 896 3817 380,
919 3744 1021 3820 major.
1056 3741 1102 3802 Sit
1116 3750 1214 3802 autem

435 3840 565 3909 tempore
579 3829 741 3909 Hipparchi
763 3830 807 3889 nt
822 3834 851 3889 in
868 3827 955 3911 0⁰,ss
979 3836 1009 3889 et
1024 3846 1126 3889 versus
1149 3830 1216 3904 illas

435 3918 517 3994 lixas¹
542 3935 618 3995 quae
640 3919 757 3979 suerunt
778 3920 809 3977 iu
832 3915 869 3979 00
883 3915 941 3999 Θ,
964 3924 1094 3993 tempore
1117 3926 1216 3977 nostro
1260 3918 1286 3955 ²⁵

436 4001 491 4065 ΟΑ
514 4008 543 4064 iu
568 4001 625 4065 24⁰
648 4007 707 4082 Π,
731 4005 829 4067 brevis
858 4004 975 4082 quidem
997 4003 1065 4063 hinc
1087 4007 1217 4064 nascitur

436 4110 539 4169 muns,
563 4092 616 4154 sed
638 4101 737 4154 mmcn
759 4110 818 4153 nou
840 4092 915 4154 adeo
938 4092 1112 4167 inaequalis.
1141 4092 1217 4152 Nam

436 4183 525 4242 etiam
560 4181 599 4241 ab
628 4180 799 4258 Hipparcho
831 4180 869 4240 ad
904 4178 1105 4240 Ptolemaeum
1140 4188 1218 4240 esset

437 4275 495 4329 lam
531 4269 629 4329 brevia
663 4277 693 4329 et
724 4268 934 4345 relinqueretur
968 4265 1087 4342 quidem
1120 4266 1218 4328 media

1487 3454 1536 3504 Tlg.
1550 3450 1570 3496 8.

437 4351 540 4435 tropici
564 4355 717 4433 longitudo
740 4363 840 4430 tanta,
863 4365 896 4416 nt
918 4357 948 4413 in
972 4355 1035 4413 300
1059 4352 1121 4414 dies
1144 4353 1218 4414 defi·

438 4451 523 4518 cerat,
547 4443 664 4504 sedilia
685 4460 744 4505 non
767 4446 949 4521 contingeret
969 4441 1070 4501 multis
1088 4442 1218 4502 millibus

437 4548 578 4592 annornm
601 4536 699 4603 (1714.
718 4541 752 4587 co
770 4556 805 4582 =
825 4536 951 4605 rosseo),
974 4531 1025 4589 vix
1046 4532 1136 4608 igitur
1152 4537 1220 4606 post

439 4622 477 4679 25
504 4614 600 4680 millia
629 4636 771 4680 annorum
801 4625 929 4680 cessaret
950 4616 1117 4680 decrescere
1141 4615 1219 4678 obil-

439 4710 534 4784 quitas
558 4702 721 4784 eclipticas,
745 4704 813 4768 inda
834 4712 902 4783 post
924 4705 984 4765 alia
1007 4705 1250 4765 rinocruram
1274 4712 1425 4766 cresceret.

523 4794 603 4871 Quin
625 4797 685 4855 imo
707 4794 814 4854 laisum
836 4802 889 4865 sst,
915 4794 1104 4870 aequinoctia
1125 4801 1243 4870 propter
1260 4793 1574 4872 appropinquationem
1590 4793 1723 4871 polorum
1746 4791 1794 4856 vei

438 4885 603 4958 promoveri
624 4882 675 4943 vsi
696 4884 812 4942 morari.
857 4880 933 4940 Nam
954 4887 1166 4958 promoventur
1190 4881 1238 4941 rel
1259 4888 1409 4941 morantur
1431 4880 1535 4940 saltem
1558 4890 1676 4958 propter
1699 4885 1793 4943 circn-

438 4969 527 5032 larem
550 4972 750 5031 circuitionem
773 4968 835 5046 poli
858 4966 996 5045 ecliptici,
1020 4969 1167 5045 siqnidem
1189 4968 1249 5043 ΙΒ,
1273 4969 1325 5029 00
1347 4986 1463 5047 semper
1484 4976 1552 5028 snut
1574 4969 1680 5043 coluri,
1712 4980 1742 5031 et
1763 4970 1794 5029 hi

438 5074 540 5133 parum
563 5058 720 5119 admodum
744 5056 881 5118 differunt
903 5057 942 5115 ab
968 5056 1029 5130 AB,
1054 5056 1116 5116 AC.
1162 5056 1217 5115 Est
1238 5058 1328 5133 igitur
1350 5071 1464 5117 summa
1491 5055 1648 5116 retardatio
1671 5057 1720 5117 vel
1743 5075 1795 5118 ac·

439 5146 577 5208 celeratio
593 5146 662 5206 ABI
684 5145 821 5226 angulas,
845 5144 925 5222 quia,
948 5161 1007 5220 quo
1030 5145 1140 5221 angulo
1155 5163 1188 5205 sc
1210 5152 1312 5205 secant
1334 5144 1435 5217 coluri,
1458 5143 1572 5207 medius
1588 5144 1642 5204 ΑΒ
1663 5153 1692 5206 et
1706 5164 1794 5221 verus

438 5229 497 5309 ΙΒ,
520 5232 625 5296 eodem
646 5233 757 5312 angulo
780 5249 846 5296 sese
870 5238 972 5293 secant
995 5239 1025 5293 et
1047 5232 1138 5292 coluri
1161 5233 1421 5309 aequinoctiorum.

490 5353 585 5404 lauteri
599 5353 674 5406 Opera
687 5353 727 5397 Vl.
1014 5421 1016 5425 Ι
1566 5338 1584 5395 0
