4459 6275
452 773 514 837 tet
718 787 725 798 ·
843 772 845 779 '
951 767 1094 839 Epitomes
1111 767 1303 826 muonomiae

446 956 558 1010 tractus
580 949 636 1008 iste
659 947 735 1008 coeli
758 946 863 1022 ahxis,
887 950 1011 1023 quaein
1035 965 1101 1009 eum
1118 948 1261 1023 incidunt,
1284 965 1442 1027 earumque
1459 947 1662 1028 dispositione.
1685 951 1812 1014 Vetera

447 1039 525 1098 enim
555 1053 623 1097 cum
645 1037 676 1094 in
699 1052 777 1095 anno
800 1051 859 1094 uno
884 1033 1038 1095 duodecim
1061 1034 1224 1112 plenilunio
1245 1036 1307 1097 lieri
1329 1040 1494 1111 cernerent,
1527 1037 1674 1099 interdum
1696 1048 1728 1099 et
1750 1048 1810 1101 tre·

447 1122 551 1198 decim,
574 1124 724 1199 regionem
748 1124 837 1183 ctiam
859 1122 973 1183 zodiaci
997 1125 1028 1182 in
1051 1122 1206 1183 duodecim
1227 1130 1326 1200 partes
1349 1123 1544 1185 distinxerunt
1559 1125 1742 1188 adminiculo
1764 1126 1810 1186 dl·

449 1228 555 1272 versae
578 1211 780 1288 dispositionis
802 1210 935 1283 fixarum,
959 1217 988 1270 et
1011 1209 1166 1288 diligenter
1188 1210 1383 1286 attenderunt,
1407 1214 1516 1291 inquo
1539 1214 1625 1291 signo
1640 1231 1696 1275 seu
1717 1236 1809 1294 uoprp

446 1297 598 1376 quaelibet
619 1297 743 1373 lunatio,
765 1296 855 1374 piena
877 1304 929 1357 aut
951 1295 1094 1357 dimidata
1117 1296 1210 1372 Luna,
1235 1298 1432 1359 conficeretur.

535 1385 716 1463 Quaerunt
737 1387 792 1445 illc
813 1385 971 1446 duodecim
992 1388 1092 1461 dpnn,
1115 1393 1143 1444 ct
1163 1403 1243 1461 quac
1264 1389 1410 1463 cujusque
1424 1386 1621 1462 imopincndi
1643 1404 1742 1448 cautu
1762 1390 1809 1449 oei

445 1471 694 1534 adminiculum?
714 1472 795 1533 Situs
818 1471 968 1532 stellarum
992 1471 1115 1531 lixarum
1131 1472 1284 1533 admonuit
1305 1476 1415 1550 primos
1430 1474 1637 1536 observatores
1660 1475 1699 1537 de
1713 1492 1808 1537 mem·

447 1560 508 1622 bris
530 1562 616 1621 certis
638 1559 819 1620 animalium.
864 1559 969 1618 Dictus
999 1560 1088 1636 igitur
1118 1568 1163 1620 est
1186 1561 1271 1620 Aries
1302 1579 1320 1621 a
1350 1561 1466 1622 duobus
1496 1562 1682 1640 potissimum
1710 1564 1807 1624 corni·

445 1650 516 1722 bus,
547 1664 606 1707 uuo
636 1655 757 1708 curvato
787 1654 816 1708 ct
844 1664 863 1706 a
892 1647 1027 1722 subjecto
1051 1662 1187 1723 corpore3
1219 1647 1335 1708 Tantus
1364 1650 1479 1709 aiacle
1506 1651 1624 1709 taurina
1653 1657 1684 1712 et
1715 1648 1807 1712 oculis

446 1736 620 1811 duobusque
643 1736 798 1809 cornibus,
820 1732 937 1793 Gemini
961 1751 979 1792 a
1002 1734 1118 1794 duobus
1141 1735 1300 1811 capitibus,
1324 1743 1451 1812 quatuor
1472 1734 1564 1797 veluti
1587 1735 1730 1814 brachiis,
1752 1756 1805 1815 ge·

444 1824 531 1883 nibus
554 1831 583 1883 et
604 1821 748 1898 pedibus;
781 1821 894 1881 Cancer
916 1839 934 1880 a
957 1819 1108 1881 nebulosis
1133 1820 1235 1896 oculis,
1259 1840 1277 1882 a
1298 1822 1486 1883 multitudiue
1507 1824 1616 1901 pedum
1639 1827 1719 1885 circa
1741 1842 1805 1886 onr-

443 1928 515 1988 pus,
545 1909 607 1969 Leo
636 1927 655 1969 a
681 1912 756 1968 rictu
785 1916 814 1969 et
844 1915 970 1985 quatuor
1000 1910 1115 1985 magnis
1144 1908 1237 1969 stellis
1269 1911 1298 1968 in
1330 1910 1453 1970 formam
1475 1911 1612 1971 animalis
1635 1911 1804 1992 dispositis;

445 1998 537 2075 Virgo
569 1995 726 2056 nduabus
757 1995 830 2065 alis,
864 1997 960 2072 capite
990 2003 1020 2056 et
1048 1995 1141 2055 limbo
1164 1998 1310 2074 syrmatis.
1357 1997 1447 2058 Libra
1477 1996 1590 2057 nullum
1620 2007 1666 2059 est
1688 2000 1804 2077 signnm

449 2083 559 2158 (adrat,
583 2100 649 2143 cnm
670 2086 783 2143 nonsit
806 2081 923 2157 animal,
947 2099 1001 2143 nec
1016 2083 1170 2161 dispositio
1193 2083 1344 2144 stellamm
1358 2084 1440 2145 aliud
1463 2092 1668 2161 argumentum
1684 2086 1805 2167 praebet

446 2170 652 2248 imaginandas
675 2169 776 2244 librae,
801 2186 889 2246 quum
912 2168 991 2246 quod
1014 2169 1090 2231 duae
1105 2187 1231 2246 magnae
1252 2170 1357 2232 stellae
1373 2179 1440 2232 sunt
1455 2188 1509 2248 pro
1525 2171 1642 2234 duabus
1656 2172 1803 2235 lancibus.

443 2258 518 2318 Illae
534 2275 603 2318 sero
618 2257 722 2319 stellae
738 2264 928 2317 accensentur
943 2258 1028 2334 signo
1044 2259 1178 2335 sequenti
1194 2266 1223 2318 et
1239 2257 1374 2320 dicuntur
1388 2259 1490 2320 chelae
1502 2258 1684 2339 Scorpionis.
1715 2260 1803 2322 Libra

443 2347 532 2422 igitur
555 2345 661 2405 dicitur
682 2345 720 2404 ab
743 2343 917 2420 aequilibrio
934 2343 993 2405 diei
1015 2355 1044 2405 et
1059 2347 1164 2419 noctis,
1188 2353 1217 2406 et
1232 2347 1275 2405 sic
1297 2347 1336 2406 ab
1352 2363 1397 2422 co,
1421 2345 1501 2423 quod
1523 2346 1555 2406 dt
1577 2351 1608 2406 in
1628 2348 1687 2409 hoc
1709 2350 1804 2426 signo,

442 2451 501 2494 non
524 2434 562 2493 ab
586 2448 638 2507 eo,
662 2430 742 2507 quod
766 2440 888 2509 apparet
911 2432 1019 2506 oculis,
1049 2430 1086 2493 de
1108 2432 1191 2508 lixis,
1214 2431 1336 2512 Scorpio
1359 2452 1378 2493 a
1400 2450 1508 2495 curvae
1531 2434 1644 2496 eandm
1658 2434 1804 2516 spondilia

443 2528 473 2582 et
495 2518 608 2594 aculeo,
632 2512 760 2598 corporis
784 2519 935 2594 vertebris,
959 2519 1052 2579 lrontc
1069 2526 1098 2580 et
1121 2519 1210 2581 chelis
1232 2522 1395 2597 protensis3
1419 2521 1598 2599 Sagittarius
1620 2522 1659 2584 ah
1683 2540 1755 2585 areu
1774 2530 1803 2583 et

442 2610 553 2686 sagitta
582 2615 612 2667 ct
640 2606 774 2683 subjecta
805 2607 913 2683 equina
943 2606 1051 2681 torma3
1084 2607 1278 2686 Capricornus
1298 2625 1317 2668 a
1339 2610 1493 2682 cornibus,
1523 2609 1599 2670 iacis
1629 2618 1659 2671 et
1681 2617 1802 2683 ventem

444 2697 594 2775 Aquarius
616 2712 635 2752 a
658 2696 769 2772 capite,
792 2693 936 2767 humeris,
960 2694 1098 2765 brachio,
1124 2711 1258 2772 corpore,
1290 2712 1362 2754 urna
1385 2703 1415 2756 et
1436 2695 1525 2772 longo
1548 2699 1630 2772 τίνος
1660 2696 1765 2759 Pisces
1785 2714 1804 2756 a

442 2784 613 2862 corporibus
636 2783 776 2860 piscium,
808 2780 875 2840 linis
899 2789 929 2840 et
950 2779 1028 2839 nodo
1052 2781 1120 2856 lini,
1145 2783 1203 2841 situ
1227 2781 1378 2842 stellarum
1400 2786 1554 2862 expressis.
1600 2784 1647 2845 De
1669 2782 1719 2844 his
1741 2784 1801 2845 triti

440 2878 510 2931 sunt
531 2867 669 2930 versiculi
692 2868 730 2929 ad
753 2871 923 2928 memoriam
943 2867 1122 2945 jurandam:

649 2967 722 3024 Sunt
739 2969 829 3037 Aries,
850 2969 966 3036 Taurus,
986 2968 1102 3038 Gemini,
1123 2968 1236 3036 canace
1255 2969 1321 3036 Len,
1345 2968 1442 3042 Virpm

649 3039 798 3109 Libraque,
816 3039 957 3108 Scorpius,
976 3039 1147 3107 Arcitenens,
1168 3039 1263 3108 Caper,
1282 3040 1435 3110 Amphora,
1453 3040 1555 3096 Pisces.

530 3131 613 3210 Quas
633 3130 782 3207 sphaerae
801 3139 904 3207 partes
925 3132 1079 3192 comtituit
1100 3129 1266 3191 zodiacus?
1290 3128 1547 3210 Hcmispheerium
1569 3130 1801 3212 septentrionis

359 3251 363 3262 .
440 3228 470 3281 et
492 3218 629 3293 australe,
653 3220 727 3278 sicut
751 3225 909 3295 aequatur,
933 3215 969 3279 de
993 3235 1053 3294 qua
1075 3217 1221 3278 divisione
1243 3218 1318 3278 inira
1341 3218 1433 3297 plura.

945 3356 982 3417 V.
1018 3355 1072 3416 VI.
1102 3356 1294 3433 Tropici.

532 3479 616 3541 Unde
638 3481 784 3539 emuntur
812 3478 954 3556 llopici?
985 3478 1128 3557 Ecliptica
1159 3487 1204 3539 est
1226 3478 1263 3539 ad
1287 3478 1531 3554 aequinoctialem
1554 3488 1583 3541 et
1605 3482 1649 3541 sic
1672 3480 1713 3543 nd
1734 3484 1796 3560 pri·

439 3585 520 3630 mum
549 3575 661 3626 motum
691 3565 821 3644 obliqua
866 3567 959 3643 Finge
990 3569 1095 3644 igitur,
1130 3565 1212 3626 educi
1235 3566 1343 3627 lineam
1372 3585 1407 3628 ex
1430 3575 1529 3629 centro
1551 3567 1659 3630 Terrae
1683 3572 1715 3629 in
1737 3568 1797 3631 dno

440 3663 553 3734 puncta
575 3654 728 3733 eclipticac
750 3656 805 3714 sub
828 3653 902 3728 fixis,
926 3671 1003 3731 quae
1024 3662 1093 3714 sunt
1115 3654 1153 3713 ab
1177 3653 1384 3730 aequinoctiali
1399 3658 1602 3730 remotissime,
1626 3657 1753 3718 alterum
1768 3660 1798 3718 ht

439 3745 659 3822 septentriones,
683 3742 869 3818 reliquumin
892 3751 1031 3818 austrum,
1055 3742 1234 3817 Terramque
1257 3743 1371 3801 interim
1387 3743 1526 3803 convolvi
1548 3747 1719 3821 quiescente
1742 3746 1798 3806 hnc

438 3832 532 3906 llnea;
560 3831 673 3891 secabit
701 3831 789 3904 igitur
815 3830 888 3889 baec
918 3829 996 3889 linea
1025 3829 1222 3889 circumducta
1244 3829 1427 3907 superficiem
1449 3830 1556 3891 Terrae
1579 3834 1718 3911 utrinque
1739 3836 1798 3894 eir·

439 3919 506 3980 culo
530 3934 589 3977 non
611 3919 750 3995 maximo,
772 3917 825 3976 sed
847 3919 957 3978 minore
980 3926 1010 3977 et
1032 3916 1069 3977 ad
1091 3918 1170 3976 latus
1193 3920 1361 3993 sequuturis
1383 3926 1489 3977 stante.
1535 3917 1648 3978 Horum
1671 3920 1797 3981 duorum

439 4006 613 4066 circulorum
635 4004 747 4082 effigies
769 4003 887 4083 depingi
910 4003 1006 4065 solent
1030 4007 1058 4062 in
1081 4003 1204 4081 globulo
1226 4004 1368 4081 sphaerae
1383 4006 1553 4065 materialis.
1587 4006 1705 4067 Deinde
1719 4006 1797 4085 dage

437 4092 547 4153 lincam
569 4093 659 4166 hano,
692 4095 721 4150 in
749 4091 850 4168 aliquo
872 4101 980 4170 puncto
1009 4091 1097 4168 hujus
1122 4090 1221 4151 circuli
1244 4094 1386 4151 terrestris
1408 4092 1526 4153 affixam
1554 4099 1584 4152 et
1604 4092 1797 4156 nihilominus

438 4180 594 4257 usquead
617 4180 689 4238 fixas
706 4189 866 4252 extensam,
891 4181 1040 4239 circumire
1064 4197 1129 4238 cum
1144 4178 1235 4239 Terra
1258 4186 1309 4239 aut
1332 4182 1419 4239 ctiam
1438 4182 1587 4256 quiescere
1610 4198 1679 4241 cum
1693 4181 1795 4256 Terra,

439 4267 523 4328 coelo
545 4266 667 4327 fixarum
690 4269 901 4327 circumeunte:
926 4266 1063 4325 describit
1086 4268 1175 4341 igitur
1197 4269 1254 4326 ista
1270 4265 1349 4327 linea
1371 4268 1509 4327 circulum
1525 4270 1553 4325 in
1575 4285 1693 4329 summo
1708 4269 1792 4330 coelo

438 4354 571 4429 dxamm,
596 4354 869 4433 correspondentem
893 4353 1000 4413 circulo
1016 4356 1104 4431 priori
1127 4355 1156 4412 in
1172 4353 1262 4414 Terra
1285 4363 1314 4414 et
1336 4355 1392 4415 hoc
1414 4356 1582 4432 inutraque
1604 4355 1697 4436 plaga
1711 4356 1795 4419 coeit

438 4441 551 4501 Horum
574 4445 662 4520 igilur
685 4443 809 4501 duorum
832 4439 1004 4501 circulorum
1028 4443 1140 4518 efligies
1163 4450 1231 4500 sunt
1252 4441 1295 4500 illi
1323 4441 1382 4502 duo
1405 4443 1504 4503 circuli
1528 4446 1556 4501 in
1579 4441 1707 4522 sphaera
1727 4461 1795 4506 ms·

437 4527 531 4590 teriali
553 4529 748 4590 collaterales.
794 4533 826 4587 ln
843 4531 980 4587 schemate
997 4532 1040 4588 28.
1059 4533 1102 4588 LS
1121 4539 1149 4587 et
1167 4533 1226 4600 RQ.

527 4614 611 4675 Unde
628 4635 739 4677 nomen
760 4624 802 4675 est
821 4616 976 4694 Tropicis?
997 4617 1145 4693 Agraeca
1169 4632 1242 4675 voce
1265 4638 1366 4695 spone,
1390 4619 1559 4677 conversio:
1583 4616 1635 4678 Sol
1652 4620 1730 4689 enlm
1754 4618 1792 4680 ad

438 4710 549 4780 puncta
571 4703 732 4781 eclipticac,
757 4722 808 4784 per
830 4721 907 4780 quae
930 4712 1081 4764 transcunt
1103 4703 1132 4762 hi
1149 4701 1257 4777 circuli,
1281 4721 1321 4764 sc
1345 4703 1383 4763 ad
1397 4706 1541 4784 principia
1557 4704 1663 4767 cancri
1686 4715 1718 4769 et
1732 4705 1795 4769 Cn·

434 4792 561 4868 pricornl
585 4794 721 4866 veniens,
753 4808 868 4852 cursum
892 4792 1106 4867 quadamtenus
1130 4795 1288 4865 convertit,
1319 4800 1352 4850 ut
1380 4794 1432 4868 qui
1461 4794 1543 4870 prius
1569 4792 1608 4852 ab
1631 4803 1794 4873 sequutura

433 4895 549 4957 semper
571 4882 666 4955 magis
689 4889 779 4957 atque
803 4882 897 4955 magis
920 4878 958 4938 ad
981 4880 1059 4938 latus
1083 4881 1158 4939 inter
1179 4879 1424 4956 progrediendum
1452 4880 1677 4958 exspatiahatur
1699 4897 1795 4960 eoque

434 4969 463 5025 in
486 4975 585 5027 nostra
607 4968 750 5044 sphaerae
775 4969 920 5045 positione
944 4976 1026 5026 extra
1048 4970 1176 5044 tropicos
1200 4966 1331 5043 quotidie
1354 4966 1441 5026 altior
1456 4974 1591 5028 eraserat
1615 4971 1644 5027 in
1659 4964 1792 5044 meridie,

433 5054 542 5129 islam
564 5056 686 5131 incipiat
713 5053 751 5114 ad
775 5062 964 5130 aequatorem
994 5056 1095 5113 iterum
1125 5054 1276 5115 deflectere
1300 5071 1416 5114 cursum
1444 5062 1474 5115 et
1497 5052 1630 5132 quotidie
1652 5056 1792 5117 humilior

432 5139 493 5200 lieri
517 5144 546 5201 in
576 5140 714 5216 moridie,
750 5142 924 5202 contrarium
952 5142 983 5200 in
1015 5144 1150 5219 opposito
1180 5141 1332 5221 eclipticac
1361 5150 1482 5221 puncto:
1511 5158 1571 5219 quo
1599 5141 1680 5205 iacto
1701 5147 1792 5206 edan

432 5235 621 5309 tempestates
646 5230 678 5288 ln
701 5226 828 5294 umus
852 5235 1016 5306 mutentur,
1047 5244 1125 5307 quae
1154 5232 1333 5293 mutationes
1361 5229 1431 5294 iden
1452 5232 1541 5293 etiam
1564 5250 1673 5313 sporta
1693 5229 1792 5296 dictas
