4459 6275
416 796 418 802 '
522 730 587 843 ild
1021 774 1164 847 apim
1181 777 1373 835 Astromise

521 952 561 1015 ad
584 951 637 1014 uu
666 955 762 1015 sinum
789 970 874 1015 meus
896 953 952 1014 Pu
979 954 1056 1030 dati,
1086 958 1130 1016 sie
1161 964 1206 1017 est
1226 955 1312 1015 DBA
1332 955 1372 1016 ad
1393 972 1493 1018 aream
1514 954 1608 1017 una
1652 955 1753 1019 Semel
1775 957 1870 1035 itaque

522 1043 682 1103 eonstituta
704 1060 775 1102 area
796 1043 934 1118 trianguli
957 1041 1041 1101 Dua
1064 1044 1201 1118 maximi,
1232 1043 1427 1120 multiplicata
1454 1042 1566 1105 seiiieet
1587 1042 1713 1105 dimidia
1733 1046 1871 1106 eneeutri·

522 1131 611 1189 eitate
634 1131 662 1187 in
684 1130 780 1189 sinum
803 1136 897 1189 totum
918 1136 947 1190 et
961 1129 1040 1189 laeto
1057 1134 1086 1188 ln
1102 1129 1354 1192 denominationes
1370 1134 1581 1193 astronomicas
1594 1148 1751 1207 converso,
1774 1142 1871 1210 poetes

522 1232 637 1293 seraper
658 1216 713 1275 erit
735 1215 826 1276 stilis.

611 1301 696 1363 Num
717 1306 844 1378 insuper·
865 1306 958 1362 etiam
980 1304 1062 1363 aliua
1083 1319 1157 1363 usass
1178 1312 1221 1362 est
1240 1305 1332 1381 piam·
1353 1304 1539 1365 maria?
1560 1305 1613 1364 liat
1634 1306 1664 1363 ln
1686 1306 1803 1366 theoria
1817 1305 1873 1365 Lu·

522 1405 579 1451 nae
600 1390 758 1468 pamellaris
781 1391 846 1465 ejus
869 1407 941 1451 usas
962 1390 1002 1451 ad
1024 1388 1282 1451 demonaaandam
1304 1390 1371 1468 eius
1393 1392 1639 1469 inaequalitatum
1659 1408 1766 1467 masa,
1790 1411 1872 1472 quan

522 1476 574 1537 ilia
595 1475 781 1552 singulariter
808 1476 898 1538 habet
920 1494 992 1554 prae
1014 1478 1118 1538 esteris
1138 1477 1274 1555 planetis.
1320 1477 1380 1538 Sed
1403 1480 1474 1556 qula
1496 1479 1547 1540 hie
1566 1474 1641 1539 liber
1660 1480 1701 1539 V.
1724 1479 1814 1540 datus
1834 1490 1873 1541 est

522 1567 559 1625 lis
587 1571 700 1625 tautum
730 1565 977 1641 proprietatibus,
1009 1580 1085 1641 quae
1108 1567 1299 1625 communiter
1321 1568 1420 1626 meunt
1440 1566 1568 1643 planetis
1592 1567 1747 1641 omnibus,
1781 1568 1872 1645 igitur.

522 1648 602 1728 quod
631 1658 722 1712 restat
751 1658 912 1728 apparatm
938 1654 1106 1729 geometriel
1136 1650 1175 1713 sd
1204 1652 1416 1715 absolvendam
1437 1653 1527 1729 hujus
1548 1652 1708 1731 singulans
1729 1672 1804 1715 usus
1825 1654 1873 1713 ds-

521 1741 771 1815 naoustratienem,
795 1737 825 1797 id
847 1739 977 1800 dillertur
999 1747 1076 1801 reete
1098 1742 1129 1798 iu
1151 1740 1219 1801 iibri
1235 1740 1286 1803 Vl.
1311 1750 1423 1818 partem
1439 1744 1469 1815 t,
1492 1740 1605 1802 sullae
1626 1742 1656 1801 iu
1680 1744 1778 1821 ipsam
1793 1742 1873 1803 thee-

526 1828 599 1885 riam
622 1824 734 1888 Lunae.

612 1913 683 1990 sta
712 1915 833 1974 ratione
862 1919 947 1971 miras
969 1912 1160 1972 Ptolemaiou
1187 1916 1378 1975 astronomia
1406 1918 1533 1976 metitus·
1552 1932 1658 1977 moras
1677 1916 1873 1993 pimenem

523 2001 654 2079 matter
674 2018 752 2061 areu
773 2003 1083 2074 necessariisque
1106 2000 1184 2076 quid
1201 2001 1290 2061 habet
1311 2003 1367 2060 iiia
1388 2003 1758 2079 leeopiaaieireularia?
1783 2000 1875 2063 utus

523 2087 641 2151 adhue
663 2086 771 2164 eireulo
794 2086 952 2165 peculiari,
976 2090 1022 2147 eui
1046 2090 1256 2163 aequantia
1277 2106 1383 2149 nomen
1407 2097 1453 2150 aet
1474 2092 1612 2168 positum,
1635 2092 1723 2167 enjus
1744 2098 1873 2151 emnam

524 2183 604 2237 esset
632 2176 660 2232 in
690 2174 791 2252 liguris
812 2177 922 2234 nestns
944 2172 1018 2234 alter
1039 2174 1186 2248 ioeorum,
1211 2177 1241 2234 iu
1262 2179 1396 2253 pmxtmo
1417 2176 1568 2237 schemate
1590 2176 1628 2251 V,
1651 2178 1682 2235 in
1704 2176 1875 2257 antepmul·

523 2265 596 2324 time
618 2263 652 2336 F,
676 2265 749 2338 quia
768 2269 882 2323 tautum
905 2260 994 2320 dlstat
1016 2279 1035 2320 a
1057 2270 1156 2321 eentro
1178 2265 1333 2325 eeeentriei
1355 2263 1382 2323 B
1404 2280 1507 2325 versus
1528 2280 1674 2324 sunrmam
1696 2264 1830 2343 amdeur
1843 2264 1875 2337 Ρ,

524 2356 665 2427 quantum
682 2349 709 2408 Α
724 2347 776 2410 Sei
798 2349 837 2409 ab
859 2347 962 2409 eodem
986 2357 1085 2410 aestuo
1107 2352 1262 2410 eeeentriei
1285 2352 1374 2410 dismt
1397 2368 1501 2411 versus
1515 2353 1604 2412 imam
1618 2352 1655 2414 li.
1689 2351 1769 2413 liam
1786 2354 1875 2431 eleota

523 2437 603 2498 linea
626 2454 661 2497 ex
685 2444 782 2497 eentm
805 2435 1004 2514 sequantisV
1025 2453 1078 2513 per
1100 2453 1206 2513 eorpus
1222 2436 1369 2514 planetae,
1393 2453 1479 2499 uuus
1494 2439 1582 2519 hujus
1596 2442 1766 2517 aequantia,
1789 2442 1874 2501 inier-

524 2532 626 2602 eeptus
649 2527 723 2585 inter
743 2523 819 2585 haue
840 2522 949 2584 lineam
971 2529 1000 2583 et
1023 2525 1098 2583 inter
1112 2522 1174 2598 VP,
1197 2523 1306 2585 lineam
1327 2524 1474 2603 apsidum,
1495 2528 1636 2588 statuitur
1647 2544 1790 2589 menanra
1803 2536 1873 2591 tem·

523 2615 613 2691 poris,
636 2610 715 2688 quod
737 2611 859 2688 planeta
880 2611 1027 2671 eemumit
1047 2612 1078 2669 ln
1099 2626 1170 2670 aas
1192 2628 1265 2672 suae
1287 2612 1409 2674 orbitae.

618 2699 745 2759 Videtur
773 2698 942 2777 hypothesis
969 2700 1030 2757 ista
1055 2697 1241 2758 mmofflos·
1270 2716 1329 2759 esee
1349 2700 1394 2759 ad
1412 2703 1598 2760 maneamus
1619 2704 1807 2763 meusim
1822 2718 1874 2778 par

523 2791 743 2860 mammio,
775 2786 905 2848 moriae
927 2785 1024 2845 &aas
1044 2802 1102 2844 etse
1122 2787 1214 2844 istam
1234 2802 1299 2846 saon
1320 2790 1439 2859 renna,
1462 2790 1620 2862 murima
1642 2788 1874 2849 madidum

524 2883 551 2935 st
581 2877 644 2950 ipae
672 2876 804 2935 vinarias
827 2876 1014 2951 quanfitates
1035 2873 1101 2932 loeo
1122 2874 1293 2933 mamam?
1333 2879 1358 2932 l.
1383 2872 1461 2950 Quia
1483 2890 1616 2952 sequane
1637 2892 1791 2953 nunquam
1812 2892 1875 2955 per·

525 2963 599 3022 laete
629 2979 730 3023 rerum
753 2960 840 3036 dieii,
868 2961 925 3020 nisi
948 2957 1072 3020 velimus
1096 2966 1225 3019 canuam
1259 2961 1324 3037 ejus
1345 2962 1497 3039 inaequali
1517 2968 1599 3023 motu
1622 2962 1755 3024 libratile
1776 2962 1874 3035 tseae,

524 3067 585 3127 qua
606 3051 719 3111 ratione
742 3048 944 3109 resederemus
967 3066 985 3107 a
1007 3045 1193 3125 simplicitate
1215 3046 1423 3125 hypothesium
1447 3049 1599 3129 multoque
1613 3049 1831 3127 perplexiorem
1849 3060 1876 3109 et

506 3140 722 3216 ¹operosiorem
751 3139 994 3198 constitueremus
1022 3133 1231 3195 astronomiam
1260 3135 1291 3194 in
1321 3153 1391 3210 usu,
1422 3155 1511 3216 quam
1540 3134 1592 3198 illa
1620 3144 1666 3198 est
1694 3136 1744 3198 his
1766 3138 1876 3199 duobus

523 3225 621 3299 libris,
650 3231 755 3302 quarto
785 3236 815 3286 et
844 3226 964 3300 quinte,
993 3224 1023 3281 in
1053 3239 1206 3281 causarum
1230 3219 1439 3299 explicatione:
1474 3242 1540 3285 eum
1562 3225 1643 3286 hisee
1666 3228 1771 3286 musis
1791 3224 1875 3286 send

524 3315 679 3389 perceptis,
702 3314 761 3372 ime
785 3316 873 3372 etiam
895 3328 954 3371 nou
978 3308 1104 3383 eraditis,
1130 3307 1183 3369 sed
1198 3308 1302 3369 mem
1326 3313 1437 3387 positis,
1461 3327 1532 3371 usus
1554 3323 1659 3389 postea
1682 3323 1768 3391 parte
1789 3314 1877 3372 altera

524 3400 590 3460 libri
614 3399 649 3462 V.
673 3408 702 3460 et
727 3399 803 3459 libro
826 3400 879 3458 Vl.
902 3398 998 3458 facilis
1018 3399 1068 3458 slt.
1114 3399 1143 3455 2.
1169 3395 1247 3471 Quia
1269 3401 1424 3473 aequantia
1454 3397 1543 3476 hujus
1564 3402 1639 3459 ratio
1662 3417 1756 3478 penes
1778 3399 1875 3460 Ptole-

524 3503 640 3548 maeum
672 3485 732 3546 alia
754 3495 799 3546 est
822 3489 850 3544 in
872 3485 999 3562 planetis
1020 3484 1233 3561 superioribus,
1264 3484 1324 3545 alia
1346 3488 1376 3542 in
1399 3485 1583 3546 interioribus
1605 3486 1737 3560 duobus,
1769 3487 1829 3548 alia
1849 3491 1876 3544 in

525 3574 624 3646 Luna,
653 3581 791 3649 essetque
819 3590 897 3633 nune
926 3575 1015 3633 etiam
1042 3571 1102 3631 alia
1124 3572 1154 3629 in
1177 3569 1264 3645 Sole;
1294 3578 1326 3631 at
1347 3572 1467 3649 plenum
1490 3573 1589 3632 elrenli
1613 3577 1770 3635 secentriei
1792 3591 1877 3652 penes

524 3678 578 3720 nes
609 3663 638 3720 iu
666 3661 802 3720 omnibus
829 3661 955 3738 planetis
985 3658 1081 3720 eidem
1110 3662 1177 3718 usui
1205 3660 1296 3717 servit
1323 3658 1545 3720 eodemmodo.
1592 3664 1621 3721 3.
1652 3661 1732 3737 Quia
1755 3663 1876 3722 circulus

525 3764 657 3825 aequans
685 3766 704 3807 a
732 3750 829 3808 eaesis
860 3748 995 3825 genuinis
1024 3756 1157 3805 motuum
1184 3744 1294 3805 recedit
1321 3745 1506 3824 longissime,
1538 3765 1612 3824 quas
1634 3748 1757 3826 planum
1781 3751 1876 3809 circuli

526 3836 562 3896 de
590 3838 756 3914 propinquo
786 3842 1000 3912 repraesentat,
1030 3836 1140 3911 quippe
1170 3831 1248 3909 qued
1278 3840 1323 3893 est
1351 3851 1416 3894 oum
1445 3834 1534 3911 plane
1563 3833 1676 3912 ellipsis
1698 3837 1756 3897 sub
1779 3835 1876 3897 eodem

525 3941 643 4000 genere.

611 4009 722 4069 &dem
752 4006 951 4086 intelligantur
979 4008 1058 4068 dieta
1080 4008 1170 4066 etiam
1194 4013 1295 4065 eontra
1318 4005 1393 4066 alias
1416 4008 1680 4086 aequipollentias,
1710 4027 1787 4087 quas
1809 4014 1877 4070 mira

525 4101 570 4158 vis
594 4098 716 4157 humaui
738 4098 846 4174 ingenii
869 4097 996 4172 proferre
1018 4094 1108 4166 solet,
1135 4102 1168 4150 ut
1191 4092 1270 4169 quod
1293 4092 1414 4153 David
1438 4095 1639 4156 Fabricius
1661 4098 1751 4158 unies
1774 4105 1877 4176 (quau-

523 4203 612 4263 quam
636 4184 759 4244 duorum
783 4183 950 4260 aequalium
975 4181 1148 4242 circulorum
1171 4182 1323 4240 cannariis
1345 4183 1524 4243 motionibus
1540 4183 1702 4262 indigente)
1726 4186 1876 4246 libratione

524 4275 613 4334 centri
637 4272 791 4332 eeaentriei
815 4273 844 4328 in
868 4269 980 4347 ellipsis
1003 4277 1120 4330 nostrae
1142 4268 1269 4327 breviori
1293 4266 1435 4329 diametro
1465 4280 1495 4330 et
1521 4270 1618 4332 salvet
1641 4275 1792 4350 ingressus
1815 4274 1877 4350 pia·

523 4370 608 4421 netae
631 4377 650 4419 a
672 4358 812 4419 lateribus
835 4360 927 4416 nostri
949 4358 1102 4418 eeeentriei
1126 4354 1227 4414 circuli
1251 4355 1416 4427 immobilis,
1442 4365 1471 4416 et
1493 4357 1580 4417 simul
1594 4357 1683 4420 librat
1698 4360 1816 4438 apsida,
1837 4364 1876 4419 sie

523 4455 555 4507 ut
574 4447 637 4525 jam
660 4448 724 4524 ipse
746 4443 872 4505 eireulua
895 4447 1073 4506 eeceutrieus
1095 4444 1298 4502 numeratione
1320 4444 1358 4502 ah
1381 4444 1484 4522 apside
1506 4445 1626 4506 libratili
1649 4448 1801 4524 usquead
1816 4465 1877 4507 eor-

522 4552 578 4612 pus
608 4534 744 4611 planetae
774 4533 945 4592 eoufinuata
972 4539 1103 4611 praestet
1125 4530 1211 4591 uehis
1232 4546 1398 4590 mensuram
1421 4535 1570 4609 temperis.
1615 4533 1679 4594 Nee
1700 4539 1781 4595 euim
1802 4553 1877 4594 mesa

522 4622 720 4699 aequabilitas
742 4630 892 4692 motuum,
916 4636 971 4681 nee
993 4619 1136 4698 praecisio
1159 4617 1329 4678 omnimode
1352 4619 1508 4692 obtinetur,
1531 4637 1584 4681 nee
1607 4637 1717 4698 operae
1741 4640 1877 4701 conspon-

523 4709 604 4769 dium
628 4711 668 4783 tit,
693 4717 721 4769 et
744 4725 852 4769 causae
875 4715 1006 4767 motuum
1031 4707 1214 4767 occultantur
1236 4703 1538 4782 abneganturque.⁶¹i

610 4795 754 4857 Omnibus
784 4812 854 4856 vere
882 4794 978 4856 modis
1000 4793 1171 4872 repudiatur
1193 4793 1395 4869 Gopemieana
1417 4794 1611 4869 machinatio,
1642 4799 1696 4872 qui
1719 4797 1796 4858 duos
1818 4800 1877 4874 epi·

523 4885 622 4962 eyeles
644 4887 834 4962 proportione
857 4890 989 4942 motuum
1013 4881 1105 4958 dupla
1127 4882 1291 4940 eireumiert
1313 4884 1341 4938 in
1364 4885 1568 4943 eonsentrioe:
1592 4901 1658 4943 eum
1682 4887 1762 4944 enim
1779 4887 1877 4945 obsu-

523 4973 658 5032 retioues
681 4978 833 5042 testentur,
858 4968 969 5045 ingredi
992 4967 1141 5044 planetam
1164 4966 1201 5027 ad
1225 4969 1318 5027 latere
1339 4966 1414 5028 loeis
1435 4970 1540 5029 mediis
1563 4973 1638 5030 inter
1653 4971 1786 5048 apsidas,
1809 4973 1878 5030 haer

524 5057 727 5135 Copernieaua
748 5055 922 5134 hypothesis
945 5056 1015 5115 iacit
1036 5057 1132 5132 ipsum
1154 5057 1300 5114 oenusria
1322 5058 1421 5132 potius
1443 5060 1556 5118 ratione
1571 5062 1691 5135 evagari
1707 5071 1876 5120 extrorsum.

524 5143 606 5206 llaee
636 5141 781 5221 particula
810 5142 1018 5219 hypothesium
1042 5142 1196 5218 Coperniei
1228 5142 1410 5203 emendenda
1436 5147 1555 5205 omnino
1578 5154 1641 5218 est,
1674 5145 1762 5207 salva
1785 5159 1876 5207 umen

524 5232 589 5306 ejus
610 5230 769 5296 untrusatt
793 5229 950 5307 hypothesi
972 5237 1070 5291 metus
1085 5228 1213 5290 Telluris
1235 5233 1335 5306 auaui,
1356 5229 1434 5292 uude
1452 5232 1523 5293 huie
1537 5233 1689 5295 demrinae
1703 5251 1812 5296 noers
1826 5245 1875 5294 est
