4459 6275
812 780 814 786 s
853 767 995 841 uxama
1012 767 1173 827 ιιιιιιιι
1187 736 1381 840 landulphinis.
1733 773 1796 841 eoa

432 942 588 1010 (receptum
613 940 685 996 euim
707 941 736 997 id
760 940 813 998 luit
830 944 922 1000 statim
940 958 975 999 ex
993 961 1047 1013 quo
1066 945 1194 1002 editum
1186 963 1215 1001 ιι
1232 945 1358 1001 omnibns
1375 943 1486 1014 Imperii
1503 942 1621 999 Romani
1642 943 1797 1014 provinciis,

433 1026 463 1081 et
466 1018 584 1076 ‘formae
601 1037 735 1078 annorum
754 1023 960 1093 provincialium
978 1039 1013 1079 ex
1032 1039 1065 1081 eo
1083 1024 1216 1095 paulatim
1233 1023 1436 1093 exoleverunt),
1458 1023 1551 1091 itaque
1567 1023 1717 1103 astronomi
1735 1029 1800 1092 post

432 1097 630 1167 Ptolemaeum,
648 1101 729 1157 etiam
748 1118 842 1158 earum
860 1105 989 1174 gentium,
1008 1120 1079 1172 quae
1091 1106 1245 1160 Romanum
1257 1104 1405 1174 Imperium
1422 1120 1478 1159 non
1495 1091 1672 1171 agnoveruni.
1689 1101 1797 1156 tubulus

432 1191 499 1231 snas
522 1169 558 1231 ad
577 1178 649 1234 hanc
667 1179 815 1238 calendarii
831 1186 932 1242 veteris
954 1183 1069 1239 formam
1087 1185 1336 1240 accommodarunt
1372 1184 1431 1240 Nec
1454 1181 1482 1237 id
1506 1181 1565 1235 sine
1582 1194 1665 1237 causa
1687 1177 1796 1247 iactum,

432 1265 477 1313 est
502 1256 574 1312 enim
597 1257 685 1314 forma
710 1269 775 1330 post
796 1264 991 1333 Aegyptiarum
1015 1262 1251 1334 aequabilissima‚
1277 1272 1319 1319 est
1342 1262 1428 1317 motui
1452 1257 1555 1314 Solis'
1548 1273 1609 1328 rpsa
1631 1256 1800 1347 Aegyptiace

435 1334 652 1395 conuenientior
698 1338 931 1407 Quemadmodum
957 1340 1040 1409 igitur
1067 1340 1242 1396 Ptolemaeus
1268 1342 1377 1398 tabulas
1404 1355 1469 1396 suas
1495 1336 1709 1394 accommodavit
1735 1334 1800 1397 anni

432 1410 539 1469 formae
557 1415 760 1488 Aegyptiacae,
785 1420 854 1475 nihil
871 1418 1017 1488 impeditus
1034 1435 1111 1474 more
1129 1435 1146 1473 a
1164 1420 1295 1477 Romania
1312 1436 1403 1477 rerum
1421 1417 1537 1474 dominis
1557 1415 1728 1486 introducto,
1752 1415 1800 1485 qui

433 1489 520 1546 fixum
544 1497 674 1551 tenebant
690 1514 789 1553 annum
808 1499 1080 1573 AegyptiacumJam
1098 1498 1297 1567 perducentes
1322 1499 1380 1554 fere
1398 1514 1498 1560 annos,
1527 1496 1752 1587 quemadmodum
1772 1503 1799 1551 et
1831 1494 1834 1499 ’

434 1649 486 1705 sici
504 1649 675 1722 ordinariam,
694 1671 764 1724 quae
777 1659 972 1727 quinquedium
990 1655 1067 1724 illud,
1080 1656 1243 1713 ιιιιιιιιιιι
1261 1658 1370 1722 dictum,
1390 1657 1521 1711 intortio
1530 1657 1585 1710 ιιι
1597 1655 1685 1711 ultimi
1698 1655 1799 1710 menna

433 1729 539 1785 Persici
557 1730 736 1805 Asphendar,
759 1752 810 1792 nec
833 1743 1013 1806 respexerunt
1037 1698 1072 1791 ad
1095 1715 1227 1791 usualem
1244 1735 1408 1792 locationem
1431 1733 1491 1802 ejus
1512 1732 1702 1803 quinquedii
1693 1749 1721 1787 m
1743 1731 1800 1786 fine

438 1806 541 1862 mensis
561 1809 648 1879 Aban,
666 1829 748 1882 quam
764 1815 927 1872 invenerunt
945 1832 995 1870 suo
1008 1822 1139 1886 tempore,
1157 1823 1312 1885 propterea,
1331 1815 1406 1884 qarod
1418 1821 1473 1869 tam
1485 1812 1533 1882 illi,
1553 1830 1633 1882 quam
1652 1812 1712 1867 istie
1730 1810 1800 1866 baec

436 1902 488 1941 sua
507 1884 595 1944 torma
620 1894 683 1946 euni
707 1894 805 1964 cuique
824 1896 961 1952 rideretur
982 1895 1016 1951 ad
1040 1892 1175 1950 calculum
1200 1892 1499 1950 accommodationem
1522 1893 1603 1948 etiam
1622 1891 1715 1961 'lJeho
1733 1890 1799 1945 Bra·

392 1988 400 1995 ·
435 1966 520 2041 bens,
548 1968 652 2042 primda
670 1971 765 2026 harum
784 1973 937 2033 tabularum
956 1979 1140 2042 nuncupator,
1164 1972 1277 2027 tomol.
1295 1973 1509 2043 Progymnasm,
1534 1971 1608 2027 edito
1631 1986 1703 2025 auno
1723 1970 1800 2048 1602

437 2046 583 2106 Juliauam
601 2058 721 2106 ueterem
746 2052 810 2107 anni
827 2052 941 2109 iormam
963 2069 1029 2122 prae
1048 2053 1217 2122 Gregoriuna
1240 2051 1275 2107 ob
1292 2049 1493 2120 simplicitatem
1516 2056 1548 2130 et·
1568 2051 1800 2120 opportunitatem

436 2125 498 2194 ejus
523 2130 552 2186 in
574 2130 670 2186 calculi
697 2129 861 2189 tractatione
883 2131 973 2198 elegit.
1017 2131 1093 2186 Vidit
1115 2131 1231 2200 quippe,
1260 2130 1283 2184 si
1310 2129 1438 2198 epochas
1450 2119 1572 2185 motuum
1595 2129 1743 2185 deduceret
1766 2129 1800 2186 ab

436 2203 518 2263 initio
537 2210 601 2265 anui
619 2210 828 2278 aragonam,
817 2227 874 2279 Jam
893 2210 946 2265 sibi
963 2209 1138 2264 nihilomiuus
1162 2225 1230 2278 opus
1249 2209 1307 2263 sore
1329 2223 1399 2262 anno
1425 2207 1510 2264 reteri
1527 2206 1651 2278 Juliauo,
1671 2223 1704 2262 ex
1722 2208 1801 2278 cujas

435 2289 641 2359 comparatione
660 2288 768 2343 demum
786 2289 900 2358 intelligi
918 2288 1011 2357 datur,
1041 2295 1173 2358 quantum
1192 2287 1288 2356 quovis
1306 2286 1400 2341 seculo
1418 2286 1527 2343 detrahi
1549 2286 1648 2342 (ιιιιιι
1665 2287 1699 2343 de
1716 2286 1800 2349 inter·

434 2367 572 2425 mistione
598 2368 696 2423 ueteris
715 2367 826 2423 Juliani
863 2369 933 2431 Nam
957 2368 1039 2423 etiarn
1060 2382 1145 2436 penes
1170 2366 1303 2436 Clarium,
1330 2367 1393 2420 anni
1418 2366 1576 2440 Gregoriani
1600 2365 1800 2437 computistam,

411 2448 538 2511 -haec'
529 2464 591 2519 rpaa
613 2454 692 2501 vetus
718 2445 805 2501 forma
822 2445 933 2501 Juliana
957 2445 1122 2501 moderatrix
1146 2454 1189 2501 est
1214 2445 1427 2501 intercalationis
1455 2446 1638 2516 Gregoriauae
1665 2452 1693 2499 et
1717 2444 1800 2501 index

434 2529 544 2586 dierum
562 2524 765 2583 intercalarium
783 2535 930 2594 custosque
949 2541 999 2581 seu
1017 2525 1226 2580 commentarius
1244 2524 1480 2580 intercalationum
1495 2531 1675 2594 peractarum,
1694 2539 1728 2579 ex
1747 2517 1805 2593 qud,

435 2620 570 2664 nummus
590 2602 790 2665 e'xemtitiorum
809 2605 912 2660 dierum
932 2605 1027 2674 quasis
1046 2612 1136 2681 aetate
1154 2604 1276 2674 depromi
1294 2605 1401 2661 daeheatz
1437 2602 1499 2657 Etsi
1516 2619 1580 2656 reru
1603 2619 1659 2658 una
1677 2617 1706 2656 re
1723 2598 1809 2670 prae-¹

435 2691 497 2740 stat
514 2684 685 2742 intercalatio
706 2685 884 2752 Gregoriana.
910 2685 983 2753 qnod
1001 2674 1174 2754 aequinoctia
1191 2684 1291 2738 retinet
1309 2684 1380 2738 circa
1398 2681 1509 2736 eosdem
1527 2681 1586 2736 dics
1604 2681 1748 2751 mensium,
1770 2680 1802 2739 fia

432 2774 530 2822 tamen
554 2766 582 2822 id
604 2764 675 2820 saltu
698 2764 815 2833 quodam
840 2772 868 2819 et
891 2764 1106 2833 reciprocatione
1129 2778 1179 2832 per
1204 2763 1274 2827 dies,
1302 2770 1399 2831 estque
1421 2777 1466 2817 res
1484 2759 1647 2816 astronomia
1670 2768 1802 2828 exoptata

435 2845 543 2916 magis,
571 2860 623 2900 usu
651 2842 797 2898 calendarii
815 2843 918 2898 Julieni
937 2842 1036 2896 veteris
1054 2841 1234 2910 quantitatem
1252 2843 1397 2898 ohservare
1414 2838 1597 2910 repedationis
1615 2837 1801 2908 aequinoctio·

432 2940 500 2978 rum
518 2928 609 2978 aetate
627 2920 757 2990 qualibet,
774 2930 920 2990 propterea
933 2919 1006 2990 quod
1024 2928 1123 2973 natura
1134 2919 1194 2988 ipsa
1212 2919 1396 2988 repedationis
1409 2918 1491 2988 hujus
1505 2917 1689 2975 observandae
1707 2932 1801 2972 ausam

434 3000 537 3057 statuit
554 3001 582 3054 in
601 3012 673 3053 anno
692 2997 798 3053 sidereo
817 3000 952 3068 longiore,
976 2999 1105 3069 quodque
1124 2999 1263 3067 quantitas
1287 3001 1350 3054 anni
1369 2999 1472 3054 Juliani
1495 2997 1610 3067 pulchro
1629 3013 1695 3054 casu
1713 2995 1802 3051 media

435 3077 592 3134 intercedit¹
604 3077 676 3130 inter
693 3084 839 3147 utrumqne
859 3077 1012 3133 naturalem
1025 3094 1134 3147 annum,
1153 3085 1208 3132 tam
1221 3078 1356 3148 tropicum
1368 3077 1553 3148 repedantem,
1573 3092 1654 3145 quam
1667 3076 1802 3132 sidereum

433 3164 635 3229 prorepentem
652 3153 681 3209 in
699 3155 758 3212 dies
767 3165 916 3225 sequentes
935 3158 999 3212 anni
1010 3158 1121 3213 Juliani.
1141 3158 1179 3213 Ut
1191 3167 1245 3212 non
1261 3157 1319 3226 J’arn
1332 3157 1512 3212 demonstrem
1524 3154 1665 3224 prolixius,
1684 3162 1802 3226 quantae

435 3251 578 3308 quamque
594 3233 749 3304 'perplexae
767 3251 867 3305 operae
884 3252 929 3290 res
947 3237 1040 3293 lutura
1058 3236 1153 3306 hierii,
1176 3235 1356 3305 multiplicare
1375 3234 1508 3304 epochas,
1536 3232 1671 3289 studiosos
1690 3248 1803 3290 onerare

434 3315 626 3393 cautionibus,
653 3315 808 3371 calendaria
832 3317 973 3372 nationum
996 3323 1149 3373 ceterarum
1171 3316 1301 3372 reducere
1324 3317 1358 3372 ad
1382 3317 1496 3371 formam
1522 3314 1729 3382 Gregorianam‚
1752 3328 1803 3382 per

435 3392 534 3451 secula
552 3392 659 3447 diversa
671 3394 827 3462 variamen,
848 3402 1006 3463 quantoque
1018 3394 1133 3465 bacillus,
1153 3410 1252 3465 operae
1264 3394 1327 3450 talis
1346 3393 1437 3450 facere
1459 3391 1647 3463 compendium
1665 3392 1803 3449 additione

433 3472 579 3548 praecepti
605 3473 677 3527 unici
703 3473 737 3529 de
761 3474 921 3529 reductione
945 3473 988 3528 ιιι
1018 3482 1153 3545 motuum,
1182 3476 1228 3545 qui
1252 3477 1281 3531 iu
1306 3474 1423 3531 duliauis
1449 3472 1620 3544 temporibus
1653 3471 1803 3541 computati

436 3556 514 3685 ιιιιιιι
532 3551 567 3606 ad
585 3555 710 3619 tempora
728 3551 910 3622 Gregoriana,
936 3553 980 3607 rel
1004 3560 1157 3622 temporum
1174 3554 1402 3623 Gregorianorum
1420 3551 1456 3608 ad
1473 3558 1597 3622 tempora
1612 3550 1724 3606 Juliana
1749 3550 1803 3607 cal.

438 3647 455 3692 ι
489 3636 598 3699 capta

441 3705 445 3712 “
546 3709 639 3763 Ριιιι.
659 3708 701 3763 6ι.
737 3708 775 3763 Et
792 3718 969 3781 praeceptum
987 3711 1097 3781 quidem
1115 3710 1291 3780 tabellaipsa
1309 3708 1720 3778 quadamtenuscomplectitur.
1748 3708 1803 3764 Ob-

420 3788 498 3880 ·lato
516 3787 588 3843 euim
607 3786 650 3842 die
668 3786 881 3842 mensisJuliani
898 3790 1007 3856 veteris,
1026 3790 1062 3844 ad
1082 3805 1163 3858 quem
1181 3797 1246 3844 snut
1257 3788 1408 3857 computati
1424 3796 1514 3843 motus
1527 3787 1667 3856 coelestes,
1686 3788 1709 3843 si
1721 3803 1803 3858 quae-

436 3947 521 4015 sexti,
539 3960 640 4015 quaere
658 3944 687 3999 ιι
700 3944 794 3999 tabula
811 3960 912 3999 annum
930 3946 1129 4020 iucarnationis
1146 3947 1319 4020 propositum
1337 3954 1386 4001 aut
1404 3946 1526 4015 proxime
1544 3945 1757 4012 antecedentem,
1776 3953 1804 4004 et

435 4022 562 4080 invenies
574 4022 729 4091 appositum
747 4038 888 4078 nnmerum
901 4016 1012 4093 dierum,
1034 4040 1104 4094 quos
1115 4024 1200 4079 addes
1214 4025 1353 4094 proposito
1372 4041 1484 4080 numero
1497 4023 1615 4089 Juliauo,
1632 4024 1672 4079 ita
1684 4031 1805 4095 emerget

437 4115 572 4157 numerus
591 4099 645 4153 diei
664 4100 856 4171 Gregoriauus,
874 4103 974 4157 mensis
993 4102 1036 4156 ιιι
1054 4101 1177 4170 ejusdem
1196 4103 1246 4166 vel,
1265 4103 1288 4156 si
1308 4103 1445 4170 queuntes
1463 4118 1556 4157 mense
1573 4102 1661 4170 major
1678 4104 1803 4173 ιιιιιιιι,

437 4195 474 4236 ea
496 4177 600 4246 reJecta
622 4178 723 4232 mensis
749 4177 894 4248 sequeutia.
933 4179 962 4234 Si
987 4195 1050 4234 sero
1074 4180 1133 4237 dies
1157 4181 1220 4236 anni
1246 4181 1337 4237 oblata
1359 4180 1551 4252 praecesserit¹
1566 4181 1658 4237 sedern
1680 4182 1804 4253 bissexti,

437 4258 545 4314 habeto
560 4256 718 4310 ianuarium
736 4262 765 4311 et
774 4264 879 4325 partem
892 4257 1035 4314 Februarii
1051 4276 1101 4328 pro
1121 4261 1271 4331 appendice
1284 4262 1349 4317 anni
1358 4259 1553 4331 praecedentis.
1588 4259 1731 4329 Exemplis
1749 4278 1805 4318 non

438 4347 487 4397 cst
503 4354 583 4408 opus.
619 4336 753 4406 Vicissim,
772 4338 795 4392 si
814 4336 871 4391 sint
888 4338 1063 4407 computandi
1080 4346 1171 4395 motus
1190 4339 1225 4394 ad
1243 4347 1368 4411 tempora
1380 4337 1555 4408 Gregoriana,
1572 4338 1733 4394 tantundem
1749 4339 1804 4396 illis

438 4418 564 4486 deame,
583 4426 714 4485 quantum
731 4415 835 4471 tabella
851 4415 938 4486 priori
955 4432 1020 4473 casu
1036 4417 1122 4486 jussit
1132 4417 1241 4487 addere,
1260 4419 1373 4487 adscito,
1392 4418 1416 4474 si
1433 4417 1516 4472 tuerit
1528 4433 1605 4487 opus,
1623 4434 1737 4476 numero
1749 4418 1804 4476 die·

437 4513 503 4554 rum
520 4494 621 4551 mensis
640 4494 841 4550 antecedentis:
861 4494 900 4549 ita
918 4501 1026 4562 tempus
1045 4497 1097 4551 erit
1115 4502 1238 4565 aptatum
1256 4496 1292 4553 ad
1309 4496 1383 4552 bunc
1400 4494 1543 4551 calculum.

549 4571 603 4629 Sed
621 4573 798 4643 scriptoribus
816 4572 1029 4641 Ephemeridum
1047 4573 1114 4628 nibil
1134 4584 1177 4629 est
1194 4591 1262 4644 opus
1281 4571 1415 4642 subjicere
1433 4571 1576 4627 consilium
1596 4571 1663 4640 boc,
1685 4582 1716 4630 ut
1737 4581 1805 4644 quot

439 4654 553 4711 omnino
575 4655 634 4710 dies
652 4658 732 4707 erunt
754 4650 889 4705 eximendi
910 4650 943 4705 de
961 4651 1072 4706 Juliana
1093 4652 1197 4722 forma,
1220 4652 1332 4709 totidem
1356 4652 1460 4707 dierum
1477 4658 1569 4705 motus
1587 4650 1751 4709 subtrahant
1768 4654 1803 4710 ah

439 4733 574 4805 epochis,
599 4742 631 4789 ut
652 4746 700 4787 eas
725 4729 846 4784 babeant
871 4728 905 4784 ad
924 4729 1120 4799 Gregorianam
1138 4730 1251 4793 formam
1269 4732 1298 4786 in
1316 4729 1409 4786 seculo
1429 4728 1481 4784 sibi
1497 4729 1638 4799 proposito
1656 4747 1805 4787 accommo-

440 4815 534 4872 datas.
568 4815 629 4883 Ego
655 4810 708 4867 etsi
725 4808 924 4878 premeridas
951 4810 1049 4879 scripsi
1077 4811 1148 4881 stylo
1172 4811 1339 4879 Gregoriano
1366 4816 1395 4864 et
1417 4807 1537 4876 'epochas
1560 4806 1622 4862 illas
1647 4810 1675 4864 in
1702 4810 1805 4867 obortis

439 4895 545 4950 haheo:
565 4911 620 4955 non
637 4890 731 4948 censui
748 4897 854 4953 tamen,
874 4888 1003 4944 uarietate
1022 4888 1188 4957 epocharum
1207 4890 1249 4945 vel
1267 4904 1361 4945 ansam
1379 4885 1561 4958 praebendam
1579 4884 1731 4945 confusioni
1748 4888 1805 4945 cal·

444 4972 609 5040 caletorum,
627 4971 672 5025 rel
689 4969 787 5025 librum
807 4968 888 5024 etiam
906 4968 1082 5023 onerandum.

551 5052 632 5107 Valet
649 5058 741 5107 autem
757 5054 933 5140 praeceptum
957 5063 974 5102 a
991 5048 1143 5105 Februario
1161 5047 1294 5118 onjnsquc
1310 5046 1375 5103 anui
1392 5045 1517 5116 expressi
1534 5063 1621 5117 usque
1638 5048 1666 5102 in
1683 5046 1804 5104 Februa·

441 5130 516 5186 rium
532 5131 598 5188 anni
614 5132 739 5201 proxime
757 5128 896 5198 sequentis
914 5128 943 5183 in
960 5128 1070 5185 tabella.
1107 5129 1191 5184 Verbi
1208 5144 1298 5198 cansa,
1317 5146 1334 5183 a
1351 5129 1378 5182 5.
1390 5124 1516 5182 Octobris
1533 5126 1598 5182 anni
1615 5126 1684 5182 1582
1697 5124 1805 5196 juberis

445 5210 551 5272 addere
569 5213 605 5269 10
622 5211 724 5284 utute
716 5226 746 5268 ιι
756 5209 912 5282 provinciis,
929 5209 959 5264 iu
975 5208 1076 5280 quibus
1087 5208 1240 5266 emendatio
1258 5208 1351 5268 atatim
1365 5211 1477 5277 recepta
1494 5206 1564 5277 init).
1600 5205 1633 5262 Id
1650 5206 1733 5278 igitur
1745 5204 1806 5268 seri
