4459 6275
868 766 1095 855 cheronaeus.
1130 767 1198 823 em
1216 765 1367 823 menea-
1571 801 1573 804 -
1633 740 1640 756 '
1720 766 1785 835 εει·

436 945 600 1021 cundarlos,
624 956 656 1008 ut
677 947 769 1009 Terra
789 948 912 1022 Lunam,
935 947 1131 1025 efficiuntque,
1155 953 1188 1006 ιιι
1210 944 1375 1030 secundarii
1397 948 1428 1004 in
1449 945 1572 1008 eandem
1595 945 1714 1024 plagam
1735 965 1786 1010 ee·
1896 948 1900 963 ¹

436 1043 571 1112 quantur,
594 1035 706 1096 tardius
728 1041 825 1096 tamen
848 1043 878 1097 et
900 1038 984 1112 quasi
1006 1036 1099 1097 relicti
1122 1042 1190 1113 post
1211 1042 1333 1111 tergum.

524 1124 642 1201 Qaribre
671 1127 861 1201 urpumertiis
888 1126 1049 1184 veriumile
1074 1123 1229 1194 redditur,
1258 1124 1427 1198 primarios
1455 1123 1535 1197 ipses
1555 1124 1718 1183 weciliure
1738 1141 1785 1183 se·

435 1210 593 1270 eamme
618 1217 719 1271 moises
744 1228 815 1272 euos
841 1215 923 1271 circa
949 1229 996 1293 ee,
1024 1213 1205 1287 praesertim
1233 1227 1305 1269 vero
1336 1208 1463 1267 Terram
1486 1206 1621 1270 meuc?
1656 1210 1784 1271 Primam

435 1297 522 1357 tidem
545 1290 630 1357 L'uua
659 1307 689 1358 ει
711 1299 803 1359 Terra
832 1299 951 1360 iaciunt.
998 1297 1079 1358 Sicut
1107 1300 1184 1358 enim
1206 1314 1295 1373 supra
1318 1313 1353 1356 ex
1375 1311 1432 1369 eo,
1460 1295 1539 1371 quod
1560 1297 1697 1373 planctae
1720 1298 1784 1359 Soli

434 1387 705 1462 appropinquantes
731 1386 854 1446 celerius
883 1384 1097 1461 provehuntur,
1128 1386 1294 1445 ratiocinati
1316 1399 1430 1455 sumus,
1461 1382 1560 1443 Solem
1582 1400 1635 1461 per
1656 1389 1785 1462 speciem

435 1476 479 1533 sui
502 1476 641 1551 corporis,
664 1472 694 1532 id
717 1475 815 1533 estin
837 1476 981 1533 rotatione
1003 1475 1203 1546 constitutum,
1227 1475 1302 1532 clere
1325 1473 1403 1532 circa
1424 1487 1456 1530 se
1471 1470 1607 1547 planetas
1622 1473 1651 1530 iu
1666 1472 1786 1551 plagam

435 1561 568 1633 moden,
590 1563 634 1621 sic
656 1562 745 1621 etiam
766 1563 837 1638 quia
853 1560 1107 1639 deprehendimus,
1131 1560 1254 1633 liuram,
1281 1556 1311 1638 1)
1334 1565 1444 1635 quanto
1459 1560 1555 1634 magis
1569 1561 1786 1638 appropinquat
1823 1561 1828 1571 '

435 1647 545 1707 Telluri
577 1653 646 1726 (non
675 1664 746 1708 vero
775 1647 869 1724 Soli),
902 1654 984 1708 tanto
1013 1650 1189 1709 concitatius
1217 1648 1293 1707 circh
1321 1646 1441 1706 Terram
1468 1643 1618 1721 incedere,
1650 1645 1681 1728 9)
1704 1655 1735 1707 ει
1757 1650 1787 1706 iu

435 1734 558 1796 eundem
580 1735 699 1812 quidem
721 1733 848 1812 plagam,
871 1737 900 1793 in
917 1752 1005 1812 quam
1021 1736 1123 1796 Tellus
1137 1738 1214 1796 circa
1229 1751 1313 1794 uem
1329 1733 1467 1807 volvitur,
1490 1748 1604 1794 summa
1625 1735 1787 1811 probabili-

434 1832 495 1882 tate
525 1822 607 1883 illum
637 1830 749 1883 motum
772 1823 874 1883 Lunae
897 1841 933 1883 ex
955 1822 1011 1882 hac
1033 1824 1229 1882 turbinatioue
1251 1821 1379 1881 Telluris
1401 1819 1567 1880 defleamus
1591 1819 1679 1898 idque
1700 1829 1782 1883 tanto

434 1911 538 1988 magis,
562 1911 641 1987 quod
666 1910 697 1989 3)
719 1911 807 1970 etiam
830 1911 887 1970 hoc
908 1909 1072 1987 respondet,
1096 1918 1129 1970 ut
1150 1911 1227 1970 sicut
1240 1909 1318 1970 solta
1341 1910 1493 1968 conversio
1508 1909 1585 1972 circa
1599 1926 1685 1969 suurn
1701 1926 1787 1970 axem

434 1998 552 2057 brevior
581 2006 625 2058 est
647 1997 767 2074 periodo
791 1997 927 2059 Mercurii
951 1998 1138 2070 brevissima,
1169 2000 1212 2057 sic
1235 2000 1324 2057 etiam
1347 1996 1436 2061 Terra
1459 1997 1557 2055 tricies
1580 1996 1638 2056 lere
1661 2013 1786 2057 conver·
1834 2049 1838 2055 .

435 2093 522 2157 tatur,
547 2083 639 2146 donec
662 2080 776 2144 Lunam
797 2085 888 2146 semel
910 2087 1054 2145 restituat.
1092 2084 1168 2145 Nam
1189 2088 1215 2144 sl
1230 2084 1315 2145 Luna
1329 2083 1477 2144 Tellurem
1499 2089 1703 2159 antemrteret,
1726 2102 1785 2145 non

434 2189 505 2233 saue
528 2179 628 2250 posset
649 2173 714 2248 ejus
735 2180 833 2232 motus
864 2171 1055 2233 evolutione
1076 2171 1203 2233 Telluris
1226 2189 1299 2232 esse.
1346 2170 1377 2248 4)
1401 2170 1595 2231 confirmatur
1618 2188 1688 2232 vero
1710 2171 1784 2234 fides

434 2259 523 2335 hujus
544 2262 586 2320 rei
610 2262 828 2336 comparatione
851 2268 976 2335 quatuor
997 2259 1162 2320 Jovialium
1185 2267 1214 2320 et
1236 2258 1323 2319 Jovis
1346 2275 1412 2318 cum
1434 2275 1486 2318 sex
1507 2258 1635 2335 planetis
1657 2266 1686 2320 et
1706 2259 1786 2324 Sole.

434 2347 497 2406 Etsi
521 2349 599 2406 enim
621 2346 657 2407 de
680 2364 800 2423 corpore
821 2346 924 2422 Jovis,
956 2365 995 2407 an
1016 2355 1045 2407 et
1068 2350 1164 2423 ipsum
1187 2348 1263 2406 cirea
1285 2364 1370 2407 suurn
1393 2362 1479 2405 arem
1502 2354 1702 2425 convertatur,
1725 2363 1785 2409 non

434 2452 469 2494 ea
494 2432 671 2494 documenta
692 2434 851 2508 habemus,
883 2452 959 2512 quae
982 2435 1067 2494 uobis
1090 2440 1251 2511 suppetunt
1272 2437 1301 2493 iu
1324 2435 1494 2511 corporibus
1516 2433 1624 2495 Terrae
1647 2441 1677 2496 et
1697 2453 1785 2514 prae-

434 2524 521 2599 cipue
544 2521 639 2594 Solis,
663 2525 813 2599 quippca
835 2539 922 2582 εεεειι
945 2525 1029 2599 ipso:
1058 2529 1090 2582 at
1111 2521 1182 2581 illud
1205 2539 1309 2582 sensns
1331 2527 1462 2594 testetur,
1484 2520 1573 2598 plane
1596 2529 1629 2581 ut
1651 2530 1696 2583 est
1718 2540 1785 2584 cum
1913 2577 1917 2587 .

435 2626 487 2670 sex
517 2608 644 2685 planetis
675 2612 751 2669 eirca
774 2607 886 2682 Solem,
917 2612 960 2670 sic
989 2612 1078 2670 etiam
1099 2626 1132 2669 εε
1155 2627 1216 2669 rem
1239 2608 1348 2668 habere
1371 2625 1436 2668 curn
1459 2614 1585 2684 quatuor
1606 2607 1786 2684 Jorialibus,

435 2704 467 2756 ut
490 2698 570 2756 circa
592 2713 698 2774 corpus
720 2695 807 2757 doris
829 2695 961 2774 quilibet,
986 2714 1044 2774 quo
1067 2697 1184 2773 longius
1208 2697 1246 2755 ab
1269 2696 1321 2754 illo
1343 2703 1441 2774 petest
1462 2711 1622 2770 excurrere,
1645 2696 1702 2758 huc
1723 2703 1786 2757 tar·

436 2784 503 2843 dius
525 2782 635 2858 redeat,
658 2791 688 2845 et
710 2784 738 2842 id
763 2783 880 2861 quidem
896 2788 1085 2862 proportione
1099 2801 1157 2843 non
1174 2783 1286 2857 eadem,
1309 2781 1362 2843 esd
1378 2784 1497 2859 mej0re,
1521 2781 1578 2842 hoe
1592 2789 1638 2843 εει
1652 2785 1788 2864 sescupla

434 2872 634 2948 proportionis
662 2872 879 2933 intervallorum
912 2874 1054 2950 cuiusque
1083 2870 1220 2931 adore:
1251 2888 1327 2947 quae
1355 2871 1444 2948 plene
1465 2872 1615 2947 ipsissima
1637 2879 1696 2946 est,
1727 2889 1787 2949 qna
1883 2881 1887 2894 “

435 2959 595 3018 utebantur
621 2977 710 3035 supra
739 2978 791 3020 sex
822 2960 968 3034 planetae.
1017 2958 1179 3032 Intervalla
1208 2961 1285 3018 enim
1317 2965 1443 3034 quatuor
1470 2957 1634 3019 Jovialium
1663 2979 1682 3020 a
1708 2958 1788 3020 Jove

434 3045 533 3123 prodit
555 3045 667 3106 Marius
690 3049 719 3105 in
742 3063 796 3107 sun
819 3046 930 3106 Mundo
952 3045 1065 3107 Joviali
1089 3049 1162 3106 ista:
1198 3048 1226 3118 3,
1252 3050 1280 3120 h,
1306 3048 1337 3125 8,
1364 3048 1401 3105 1³
1427 3045 1488 3122 (val
1515 3047 1554 3106 14
1577 3044 1728 3121 Galileen)
1750 3064 1787 3107 ec

434 3136 459 3193 εἰ
483 3132 607 3193 orbiculi
631 3133 746 3195 illorum
768 3136 1059 3211 interstinguerentnr
1091 3134 1184 3194 tribus
1206 3133 1307 3208 figuris
1329 3133 1501 3207 rhombicis,
1535 3130 1564 3213 i)
1584 3132 1709 3195 rhombo
1732 3133 1787 3194 do-

435 3219 581 3282 decaddro
605 3224 679 3282 inter
700 3224 827 3295 intimos,
851 3239 973 3297 quorum
997 3220 1151 3282 intervalla
1174 3223 1202 3294 3,
1228 3224 1264 3295 53
1289 3223 1323 3295 2)
1345 3220 1468 3281 rhombo
1483 3221 1698 3282 triacontaddro
1713 3224 1789 3293 iuter

434 3307 558 3380 medios,
584 3310 611 3381 5,
637 3311 655 3368 8
671 3318 701 3369 ει
716 3310 749 3386 3)
770 3310 856 3382 cubo,
879 3326 937 3369 non
953 3327 1022 3371 vere
1037 3310 1196 3381 rhombico,
1220 3308 1272 3368 scd
1288 3310 1429 3386 principio
1445 3307 1573 3385 quodam
1588 3309 1784 3382 rhombomm,

435 3399 512 3456 inter
534 3403 680 3456 extremos
703 3399 739 3465 8,
773 3395 892 3478 13(ch
919 3396 979 3479 lt).
1024 3397 1178 3458 Periodica
1201 3412 1270 3457 vcro
1297 3404 1428 3472 tempore
1457 3396 1555 3473 prodit
1576 3395 1653 3457 idem
1676 3397 1787 3458 Marius

434 3487 509 3544 ista:
543 3482 605 3543 dies
632 3488 657 3546 l.
681 3484 709 3543 h.
736 3479 830 3564 18¹l„
855 3484 917 3544 dies
941 3487 970 3545 3.
994 3485 1022 3544 h.
1051 3479 1149 3567 13¹s„
1174 3483 1236 3543 dics
1261 3488 1289 3543 l.
1313 3484 1342 3544 h.
1366 3485 1401 3557 3,
1425 3483 1487 3545 dies
1515 3485 1562 3543 16.
1586 3484 1614 3543 h.
1640 3485 1696 3544 18:
1719 3486 1788 3546 ubl·

436 3588 496 3649 que
518 3574 668 3648 proportio
691 3578 736 3631 est
757 3571 852 3646 maj0r
875 3589 963 3649 quam
987 3572 1091 3648 dupla,
1122 3572 1218 3647 major
1240 3572 1329 3650 igitur
1351 3588 1439 3648 quern
1462 3569 1681 3632 intervallorum
1705 3574 1734 3646 3,
1760 3573 1788 3645 5,

436 3661 464 3730 8,
493 3661 533 3716 le
558 3658 606 3719 vel
632 3661 686 3732 14,
717 3661 811 3718 minor
841 3667 938 3719 temen
962 3678 1049 3736 quarn
1072 3659 1293 3737 quadratorum,
1326 3660 1374 3735 qui
1404 3658 1555 3735 duplicant
1581 3662 1786 3736 proportiones

436 3745 669 3818 intervallorum,
691 3764 734 3806 sc.
760 3748 788 3817 9,
813 3747 864 3818 95,
890 3749 939 3820 61,
966 3750 1026 3808 169
1051 3747 1098 3808 vel
1125 3747 1194 3819 196,
1218 3748 1295 3806 εἰειιι
1316 3748 1406 3805 etiam
1428 3744 1564 3823 sescupla
1585 3753 1654 3806 eunt
1675 3748 1789 3823 majora

435 3833 561 3910 simplis,
585 3836 697 3893 minora
720 3850 790 3895 vero
814 3832 920 3909 duplis.
945 3838 979 3902 (v.
997 3855 1016 3890 a,
1034 3856 1061 3904 p.
1081 3839 1132 3896 sl.)
1825 3906 1827 3910 ι

518 3920 598 3980 Cum
629 3924 728 3996 itaqua
759 3928 819 3979 turn
848 3930 968 3981 exactus
991 3921 1029 3979 sit
1052 3935 1212 3979 consensus
1234 3917 1398 3980 Jovialium
1422 3938 1487 3981 cunr
1510 3921 1582 3996 ipsis
1604 3934 1657 3980 sex
1679 3921 1790 3998 prima·

434 4011 501 4069 riis:
525 4024 584 4069 nun
607 4016 721 4069 tanturn
744 4008 812 4066 binc
833 4016 912 4068 recte
934 4025 1023 4083 supra
1045 4005 1234 4080 conjecimus,
1257 4008 1346 4066 etiarn
1366 4007 1454 4068 doris
1478 4023 1583 4084 eorpus
1606 4010 1683 4067 cirea
1704 4024 1790 4067 enum

434 4115 521 4157 axem
545 4098 618 4157 verti
648 4095 687 4155 ad
716 4093 881 4171 exemplum
903 4093 996 4167 Solis,
1030 4103 1062 4153 ut
1093 4101 1206 4152 constet
1235 4093 1373 4170 analogia
1402 4095 1538 4154 omnibus
1560 4095 1622 4154 suls
1643 4094 1790 4168 membris,

435 4184 487 4247 sed
511 4184 560 4242 lrie
579 4184 641 4259 jrm
665 4185 785 4260 insuper
805 4184 893 4242 etiam
917 4183 973 4242 hoc
995 4184 1024 4239 in
1045 4185 1152 4259 genere
1168 4181 1372 4240 confirmamus
1387 4181 1466 4242 haud
1484 4185 1591 4259 inepte,
1614 4182 1790 4242 rotationem

435 4273 512 4332 hauc
534 4272 736 4348 primariorum
766 4272 842 4329 eirca
872 4286 942 4329 euos
970 4286 1040 4329 ares
1063 4285 1183 4329 caueam
1206 4285 1271 4329 εεεε
1294 4271 1432 4329 circuitus
1453 4269 1692 4332 secundariorum
1714 4271 1792 4346 eirca

434 4377 504 4421 suos
528 4360 697 4435 primarios:
723 4357 751 4415 id
775 4355 807 4435 h)
829 4363 910 4416 tanto
934 4356 1125 4433 probabilius,
1150 4355 1229 4432 quod
1252 4355 1395 4430 videmus,
1419 4359 1462 4416 nti
1477 4354 1528 4417 Sol
1551 4355 1645 4433 major
1664 4362 1710 4417 est
1724 4373 1791 4417 cnr·

434 4432 520 4508 nibus
543 4444 676 4522 planetis,
701 4461 775 4521 quoe
797 4446 860 4520 ipse
884 4451 991 4516 movet,
1014 4445 1059 4504 sie
1080 4445 1169 4503 ctiam
1192 4444 1312 4504 Terram
1330 4444 1414 4503 Luna
1436 4461 1501 4519 suu,
1522 4443 1632 4505 Jovem
1654 4446 1716 4505 suis
1738 4461 1791 4506 sa·

434 4533 578 4595 tellitlbue
602 4550 667 4592 esee
690 4530 782 4591 multo
805 4531 931 4606 maj0res
955 4547 1049 4608 ecque
1072 4534 1190 4592 nomine
1213 4549 1308 4607 acque
1331 4549 1367 4593 ac
1380 4531 1480 4593 Solem
1502 4542 1588 4609 aptos
1611 4530 1649 4591 ad
1664 4547 1790 4593 meren·
1894 4589 1897 4594 .

432 4622 512 4681 dum.
558 4619 702 4695 Reliquae
732 4617 998 4679 verisimilitudines
1031 4635 1144 4678 rursum
1175 4618 1289 4679 Lunam
1318 4620 1453 4680 attinent.
1504 4619 1579 4678 Nem
1611 4616 1642 4698 6)
1663 4628 1791 4697 cognata

433 4726 499 4770 esse
523 4724 648 4783 corpora
671 4707 772 4767 Lunae
796 4713 825 4766 et
847 4706 972 4777 Terrae,
1003 4706 1103 4766 docuit
1125 4720 1179 4765 nos
1202 4706 1412 4782 telescopium,
1435 4705 1514 4783 quod
1539 4705 1646 4767 indicia
1668 4707 1738 4768 lacit
1760 4710 1790 4766 br

433 4796 520 4856 huna
541 4797 686 4854 montium
709 4803 738 4854 ει
759 4796 891 4867 mariam,
916 4793 1015 4870 qualia
1037 4802 1105 4853 sunt
1128 4795 1156 4851 in
1180 4802 1280 4853 nostro
1303 4792 1410 4853 Terrae
1432 4792 1532 4870 globo.
1577 4793 1789 4870 cognationem

432 4884 509 4944 hauc
533 4885 656 4959 agnovit
678 4884 765 4942 etiam
782 4879 962 4955 Aristoteles,
987 4880 1121 4942 defensor
1144 4879 1219 4942 alias
1241 4880 1361 4957 quintae
1383 4880 1529 4941 coelorum
1547 4884 1691 4943 ementire
1706 4896 1790 4940 acer-

432 4974 534 5043 rimus,
558 4972 618 5046 qni,
642 4971 783 5029 referente
800 4972 939 5041 Arerrce,
963 4968 1078 5029 Lunam
1102 4967 1175 5027 dixit
1190 4966 1283 5029 videri
1297 4967 1418 5027 Terram
1441 4968 1588 5045 quandam
1611 4968 1789 5029 aetheream.

433 5058 533 5118 Taceo
557 5055 748 5117 Plutarchum
771 5064 800 5116 et
820 5056 1014 5134 philosophos
1038 5063 1149 5116 eeteros
1172 5054 1251 5133 apud
1274 5055 1467 5115 Mamoblum.

521 5143 777 5220 Quemadmodum
799 5145 904 5220 igitur,
930 5151 962 5201 ut
985 5159 1105 5220 magnes
1127 5148 1293 5217 magnetem
1316 5150 1368 5201 aut
1390 5142 1494 5202 ιεπειε
1518 5143 1628 5213 trahet,
1651 5141 1790 5218 manatio

433 5247 589 5312 corporum
612 5231 718 5306 allicit,
748 5233 791 5291 eie
820 5234 909 5293 etiem
932 5230 969 5292 de
990 5230 1076 5294 Luna
1097 5245 1156 5293 non
1180 5237 1225 5294 est
1247 5227 1433 5305 incredibile,
1464 5237 1497 5290 ut
1520 5229 1572 5291 llla
1594 5236 1750 5292 mereatur
1771 5248 1791 5291 a
