4459 6275
1679 862 1686 868 ,
1788 795 2217 861 Libetsoxtua.
2260 754 2737 865 ‘'·ParsQuint'ac·
2861 830 2870 839 -
2960 743 2979 893 ·-
3078 752 3087 764 ·
3360 746 3650 881 ·⁸.4⁸.³'¹·

858 926 1048 1035 Tenc
1096 990 1334 1053 quoque
1394 978 1649 1055 parietes
1692 975 2046 1070 longinquos
2091 980 2350 1060 integros
2386 926 2678 1035 beneficio
2724 972 2960 1033 luminis
3006 971 3190 1057 Solis,
3238 991 3389 1051 quos
3432 972 3573 1035 Sole
3672 967 3681 976 “

857 1063 1118 1123 nubibus
1164 1059 1319 1124 tecto
1365 1082 1484 1123 non
1530 1063 1940 1157 conspicimus,
1988 1073 2047 1125 et
2095 1073 2289 1125 tamen
2338 1066 2396 1122 in
2442 1063 2559 1123 illis
2589 1062 2911 1140 parietibus
2950 1062 3071 1121 'non
3120 1061 3386 1130 videmus
3415 1060 3573 1120 Solis

855 1151 1194 1228 imaginem.

1035 1241 1206 1312 Quae
1245 1239 1451 1314 fiyura
1512 1245 1597 1298 est
1654 1241 2128 1300 illuminationis
2176 1239 2397 1298 Lunae
2463 1257 2504 1297 α
2551 1196 2733 1295 Sole?
2820 1234 2966 1295 Cum
3029 1233 3280 1310 globosa
3325 1242 3572 1313 uterque
3666 1287 3681 1297 .

857 1322 1049 1401 figura
1092 1327 1187 1398 sit,
1233 1328 1442 1385 minori
1489 1334 1683 1386 tamen
1729 1327 1900 1387 Luna
1945 1326 2248 1400 diametm,
2296 1334 2361 1385 ut
2406 1341 2559 1401 quae
2604 1321 3470 1383 ub.·1v.sol.3ae.nonam
3517 1324 3623 1380 et·

858 1414 1418 1488 quinquagesimam
1464 1414 1697 1474 demum
1742 1425 1967 1490 partem
2015 1423 2266 1493 occupat
2310 1404 2382 1472 'de
2429 1412 2615 1472 Solis
2633 1409 2947 1482 diametro,
2996 1411 3172 1484 igitur
3217 1410 3396 1486 paulo
3441 1410 3575 1490 plus

832 1496 1291 1576 ‘hemisphaerio
1347 1501 1574 1560 lunaris
1634 1505 1891 1578 corporis
1955 1503 2319 1561 illuminatur
2367 1521 2403 1559 a
2447 1498 2587 1559 Sole
2649 1496 2861 1574 'quovis
2916 1507 3261 1572 momento;
3305 1500 3576 1573 terminat

859 1603 1004 1647 vero
1050 1586 1539 1648 illuminationem
1586 1589 1852 1655 circulus,
1900 1591 2002 1665 qui
2047 1582 2479 1650 hine'circulus
2527 1584 2968 1645 illuminationis
3001 1583 3226 1655 dieitur,
3276 1584 3573 1661 distatque

857 1691 895 1735 a
939 1673 1160 1733 circulo
1206 1678 1461 1735 maximo
1508 1678 1622 1737 sibi
1667 1677 1951 1752 parallelo
2015 1681 2072 1736 in
2119 1676 2427 1736 novilunio
2485 1673 2751 1749 quidem
2764 1688 3033 1748 apogaeo
3094 1673 3329 1731 minutis
3379 1673 3454 1731 15
3500 1670 3577 1729 de

859 1778 977 1820 uno
1023 1761 1207 1839 gradu
1257 1764 1456 1823 circuli
1515 1767 1754 1823 maximi
1810 1767 1866 1821 in
1914 1765 2112 1840 Luna,
2176 1768 2231 1822 in
2279 1762 2620 1875 pleniluniis
2663 1776 2805 1818 vcro
2859 1763 2955 1818 vix
3016 1758 3257 1817 dimidio
3301 1758 3575 1869 scrupulo

857 1851 1071 1909 minus.
3368 1887 3375 1894 .

1039 1936 1110 1996 Si
1152 1954 1385 2012 semper
1432 1912 1946 2014 hemisphaerium
1990 1958 2175 2016 eoque
2218 1938 2486 2013 amplius
2530 1935 2602 1993 de
2645 1933 2816 2011 qlobo
2862 1931 3084 1991 Lunae
3143 1940 3199 1991 et
3243 1935 3575 2011 cnjuacun-

857 2042 976 2100 que
1017 2025 1304 2102 planetae
1346 2025 1741 2086 illuminatur
1789 2046 1827 2086 a
1875 2028 2041 2102 Sole,
2102 2025 2404 2103 quomodo
2448 2027 2638 2099 iyitur
2684 2020 2910 2080 Luna
2929 2021 3183 2097 faciem-
3196 2038 3374 2079 suom
3436 2039 3579 2080 mu-

861 2120 996 2171 tare
1047 2111 1286 2187 potest?
1374 2111 1549 2187 Quia,
1612 2117 1720 2174 etsi
1767 2132 1995 2192 semper
2056 2114 2299 2173 dimidia
2354 2113 2581 2172 circiter
2619 2126 2775 2185 pars
2834 2104 2994 2182 globi
3060 2107 3479 2181 illuminatum·
3510 2125 3582 2167 ea

857 2204 1058 2258 tamen
1117 2216 1233 2259 non
1280 2201 1508 2277 semper
1563 2201 1640 2271 ad
1697 2219 1806 2261 nos
1865 2204 2221 2263 convertitur
2268 2208 2412 2260 tota.
2506 2195 2679 2272 Quod
2723 2212 2862 2254 vero
2908 2212 3023 2254 non
3087 2193 3158 2254 de
3222 2214 3293 2255 ea
3350 2195 3430 2254 ad
3473 2213 3581 2255 nos

858 2293 1122 2363 spectat,
1170 2286 1283 2345 hoc
1325 2304 1518 2364 neque
1565 2288 1746 2350 videri
1794 2297 2005 2365 potest,
2051 2289 2155 2349 sed
2200 2287 2349 2348 latet
2394 2294 2528 2364 post
2570 2283 2814 2360 globum
2862 2284 2941 2347 iu
2966 2290 3129 2358 parte
3176 2285 3408 2345 aversa.

1042 2378 1360 2448 Quantum
1405 2370 1614 2451 iyitur
1643 2376 1715 2435 de
1758 2377 1932 2453 ylobo
1966 2377 2185 2436 Lunae
2227 2377 2323 2435 vel
2361 2374 2574 2433 sideris
2602 2378 2827 2446 spectat
2857 2370 3133 2429 deorsum
3177 2370 3263 2429 ad
3289 2372 3535 2434 oculum
3554 2342 3627 2429 PJ'
3668 2415 3676 2427 .
3754 2424 3761 2431 .
3816 2336 3827 2348 ⁸

863 2458 1121 2521 Rursum
1170 2461 1412 2522 dimidia
1468 2462 1632 2539 globi
1675 2482 1846 2543 pars,
1905 2464 2085 2542 paulo
2147 2473 2340 2523 tamnu
2405 2464 2615 2519 miuus
2707 2459 2785 2517 Et
2827 2459 2886 2514 in
2932 2454 3137 2517 Luna
3150 2458 3387 2535 quidem
3426 2475 3582 2535 apo-

855 2565 1032 2623 gaea,
1079 2549 1315 2624 quaudo
1366 2545 1646 2611 diameter
1690 2553 1950 2628 corperis
1996 2559 2241 2629 apparet
2287 2552 2370 2609 30
2415 2552 2798 2619 minutorum,
2859 2546 2909 2603 si
2954 2552 3094 2604 tunc
3139 2548 3315 2605 etiam
3361 2544 3466 2605 Sol
3504 2548 3625 2623 sit·
3664 2600 3673 2609 ,

858 2637 918 2693 ἰιι
967 2651 1270 2713 apogaeo,
1333 2637 1562 2697 habens
1606 2638 1810 2699 itidem
1858 2641 1940 2699 30
1985 2642 2210 2699 minuta
2256 2641 2315 2695 in
2362 2637 2647 2696 diametro
2694 2631 2945 2706 visibili,
3003 2641 3141 2692 tunc
3187 2642 3406 2717 quan-to
3450 2632 3584 2710 plus
3658 2632 3663 2637 ’
3748 2634 3753 2639 ’

858 2716 1302 2799 hemisphaerio
1365 2725 1761 2799 illuminatur,
1825 2734 1988 2786 tanto
2045 2730 2239 2786 minus
2300 2722 2732 2807 hemisphaerio
2792 2722 3041 2780 cernitur
3100 2723 3401 2798 praecise3
3465 2728 3620 2799 quo·
3680 2794 3689 2804 ι
3775 2730 3833 2738 ·“

865 2827 1011 2871 vero
1056 2813 1297 2888 propior
1340 2811 1406 2870 fit
1447 2812 1638 2886 Luna,
1687 2813 1799 2873 hoc
1845 2817 2033 2873 minor
2080 2816 2208 2891 ejus
2251 2832 2386 2889 pars
2434 2813 2708 2888 cernitur,
2751 2806 2853 2866 Sed
2896 2812 3144 2882 apparet
3188 2807 3394 2883 majffl'·

1043 2897 1306 2974 Explica
1335 2916 1524 2972 nunc,
1574 2903 1872 2977 quomodo
1902 2906 2163 2963 existant
2191 2901 2462 2959 diversae
2486 2898 2699 2975 phasee
2729 2894 2989 2953 Lunae?
3044 2896 3094 2951 1.
3145 2892 3391 2968 Quando
3415 2880 3598 2955 Lu‘na-

860 2983 993 3047 Soli
1041 2985 1415 3062 conjungitur
1460 2988 1809 3064 neutraliter,
1858 2997 1925 3049 ut
1968 2992 2016 3048 si
2062 2990 2114 3048 Β
2160 2987 2359 3058 Terra,
2407 2988 2461 3045 A
2490 2984 2614 3056 Sol,
2664 2989 2722 3041 et
2752 2981 2922 3039 Luna
2950 2977 3055 3040 ΡΟ
3104 2983 3194 3039 ἰιι·
3184 2982 3397 3041 ·linea:
3446 2989 3586 3041 tune

865 3079 960 3135 est
1004 3071 1175 3133 Luna
1218 3076 1466 3152 penitus
1500 3076 1816 3149 exstincta,
1881 3079 2021 3150 quia
2064 3078 2118 3135 A
2166 3076 2269 3136 Sol
2331 3092 2511 3152 supra
2566 3067 2955 3131 Po.1,uniuu
3016 3075 3130 3127 est.
3194 3064 3393 3147 itaque
3449 3070 3585 3147 p'ars
3702 3116 3721 3146 .-

863 3160 1031 3238 globi
1079 3160 1284 3222 Lunae
1341 3161 1673 3223 illuminata
1718 3163 1886 3224 LOK
1945 3183 1982 3225 a
2026 3164 2206 3225 Terra
2253 3165 2303 3223 13
2360 3162 2625 3240 praecise
2681 3174 2913 3216 sursum
2975 3158 3219 3224 vertitur
3279 3174 3485 3218 versus
3526 3159 3585 3217 Ἀ

863 3246 1066 3309 Solem
1127 3249 1389 3327 latetque
1436 3258 1562 3310 tota
1615 3260 1749 3329 post
1792 3251 2035 3327 globum
2081 3269 2366 3330 opacum,
2421 3261 2481 3311 et
3156 3274 3160 3278 ·

864 3336 955 3395 sic
987 3353 1125 3412 pars
1157 3336 1359 3413 NPM,
1409 3356 1561 3415 quae
1594 3338 1861 3399 deorsum
1892 3348 2119 3418 spectat
2150 3339 2227 3399 ad
2252 3340 2302 3398 Β
2335 3356 2480 3399 ocu·
2553 3339 2561 3346 '

865 3421 1024 3497 lum,
1090 3422 1300 3484 eodem
1366 3426 1581 3486 circulo
1646 3429 1893 3488 visionis
1948 3428 2066 3487 NM
2122 3429 2481 3501 terminatur,

868 3512 976 3588 qui
1033 3518 1124 3570 est
1172 3519 1232 3570 et
1276 3512 1525 3573 circulus
1572 3514 2016 3576 illuminationis
2064 3514 2203 3574 LK:
2270 3515 2481 3575 dicitur

863 3595 1040 3658 Luna
1083 3598 1297 3673 silens,
1366 3618 1556 3676 nova,
1623 3620 1838 3677 vacua,
1910 3621 2120 3679 graece
2185 3626 2480 3680 νουμηνια,

871 3685 966 3745 bet
1009 3684 1331 3747 memmonb.

1045 3775 1104 3830 2.
1168 3772 1419 3849 Quando
1464 3774 1637 3835 Luna
1694 3779 1813 3837 exit
1874 3795 1907 3837 e
1969 3776 2127 3836 linea
2180 3795 2252 3837 ex
2301 3776 2482 3834 Terra

873 3859 934 3918 iu
981 3857 1213 3934 Solem,
1272 3869 1338 3921 ut
1380 3864 1429 3921 si
1474 3864 1552 3921 sit
1598 3866 1653 3920 in
1702 3864 1767 3934 E,
1817 3872 1955 3923 tune
1999 3863 2248 3924 circulus
2296 3864 2481 3921 visio-

863 3945 960 4006 nis
1004 3945 1127 4005 MN
1187 3950 1389 4026 incipit
1451 3967 1649 4009 secare
1705 3949 1984 4011 circulum
2038 3950 2482 4009 illuminationis

865 4031 997 4106 Kb,
1045 4043 1106 4093 et
1149 4042 1288 4094 tunc
1333 4035 1663 4096 vindicatur
1690 4037 1891 4113 aliqua
1935 4054 2070 4113 pars
2101 4037 2480 4114 hemisphae-

863 4121 938 4178 rii
987 4120 1321 4196 illuminati,
1369 4131 1435 4182 ut
1467 4123 1591 4202 LN,
1639 4127 1695 4182 in
1743 4124 2237 4202 hemisphaerium
2270 4140 2480 4200 aspec-
2743 4164 2751 4188 ,.
3088 4184 3092 4193 2
3196 4156 3212 4203 ,ς
3272 4160 3328 4200 ·.,·,.

867 4208 1053 4268 tabile
1084 4208 1274 4284 MPN,
1320 4227 1511 4286 eaque
1552 4230 1778 4289 semper
1810 4221 1974 4272 tanto
2004 4213 2211 4289 major,
2260 4217 2479 4288 quanto
2715 4192 2743 4292 s
2815 4198 2855 4325 s*
2943 4223 2979 4285 J!
3027 4212 3139 4298 'an
3172 4210 3228 4314 {ll
3288 4192 3346 4335 ''··.'z'l
3396 4196 3424 4283 Ὺ

2707 4308 2711 4319 .
3324 4313 3356 4389 Ἣ,
3408 4240 3460 4437 Χ

866 4293 1107 4371 longius
1153 4295 1324 4356 Luna
1389 4299 1707 4375 digreditur
1763 4319 1801 4359 a
1862 4300 2020 4362 Sole.
2110 4300 2244 4360 Hoc
2304 4300 2483 4375 igitur

863 4382 1086 4444 accidit
1150 4386 1210 4443 in
1260 4383 1431 4445 Luna
1491 4395 1767 4448 nascente
1825 4396 1886 4449 et
1951 4399 2245 4448 crescente
2305 4386 2479 4455 dicta,

864 4487 1081 4548 graece
1137 4469 1252 4545 αὐξ
1286 4496 1454 4550 uei-r„
1517 4492 1698 4550 germ.
1743 4479 1834 4536 bet
1879 4476 2059 4551 §unge
2104 4474 2321 4547 minuo,
2380 4473 2482 4531 ubi

865 4560 1121 4636 primum
1157 4560 1533 4634 corniculata,
1583 4562 1815 4636 falcata,
1859 4569 2174 4640 μη-νοειδης,
2223 4570 2357 4639 post
2387 4560 2480 4619 bi-

865 4645 989 4706 fida
1037 4653 1368 4725 διχοτομος,
1431 4647 1682 4726 denique
1743 4651 1924 4726 gibba
1967 4669 2071 4710 seu
2119 4649 2484 4727 ἀμφικυρτος

869 4732 1141 4794 efficitur.

1029 4822 1088 4880 3.
1141 4819 1392 4895 Quando
1428 4821 1595 4881 Luna
1628 4831 1752 4883 toto
1784 4823 2167 4897 semicirculo,
2211 4831 2276 4881 ut
2306 4820 2481 4891 cm,

870 4906 1057 4968 distat
1103 4926 1142 4968 a
1172 4908 1341 4983 Sole,
1392 4913 1476 4970 sic
1522 4921 1587 4969 ut
1631 4911 1733 4970 illa
1778 4912 1847 4983 Β,
1896 4910 2129 4972 oculum
2176 4912 2236 4967 in
2282 4908 2480 4982 Terra,
2538 4938 2547 4947 ·

843 5001 934 5055 -et
966 4996 1020 5054 A
1053 4994 1256 5056 Solem
1302 4997 1457 5056 ultra
1502 4997 1660 5057 illam
1707 4998 1923 5058 habeat
1968 5016 2003 5057 a
2050 4997 2228 5074 plaga
2276 4997 2481 5056 cadem

873 5077 1063 5152 GBA,
1112 5091 1252 5142 tunc
1298 5084 1502 5143 eadem
1549 5085 1752 5144 Lunae
1799 5085 2081 5145 medietas
2127 5082 2294 5144 LOK
2341 5084 2482 5159 (non

873 5175 1000 5229 tota
1064 5171 1290 5242 tamen)
1365 5165 1526 5229 ve‘nit
1581 5171 1797 5233 Terrae
1854 5174 1904 5232 B
1964 5176 2021 5230 in
2085 5179 2480 5250 conspectum,

873 5273 1030 5334 quae
1085 5261 1146 5317 et
1210 5256 1570 5319 illuminatur
1615 5277 1651 5319 a
1696 5259 1869 5336 Sole;
1928 5268 2183 5337 suntque
2231 5259 2324 5320 vel
2369 5276 2481 5336 pa-
