4459 6275
444 784 508 849 m
798 820 800 825 ·
945 780 1087 852 Enim
1104 780 1295 841 loommin

443 959 598 1023 declinatio
619 959 718 1039 punoti
739 958 908 1038 adipatae,
938 959 1133 1039 multiplioato
1156 963 1221 1022 aion
1244 959 1441 1023 inclinationis
1468 961 1618 1024 muimao
1644 964 1677 1023 lu
1697 963 1785 1027 aim

341 1079 345 1087 ·
444 1049 605 1126 argumenti
629 1047 825 1109 inclinationia
848 1056 914 1110 eta
936 1048 1014 1109 inoto
1036 1049 1158 1109 retentio
1182 1051 1201 1109 5
1225 1048 1351 1122 ultimis,
1373 1057 1498 1127 apparet
1520 1050 1604 1111 aiuua
1626 1050 1786 1113 lnolluatio·

446 1138 499 1198 nia.
543 1134 619 1197 vide
639 1150 807 1213 protentum
830 1133 880 1195 toi.
897 1137 971 1196 tto.
996 1141 1026 1196 et
1047 1151 1130 1212 seqq.
1175 1134 1208 1196 st
1230 1152 1284 1212 pro
1306 1137 1421 1197 niuibus
1435 1153 1556 1198 artuum
1578 1139 1673 1199 utana
1694 1154 1786 1201 tutu

444 1222 641 1302 low‘dhmia,
663 1221 868 1299 multiplicatio
891 1229 1076 1283 convertetur
1097 1223 1127 1281 in
1150 1221 1312 1300 simplicem
1333 1222 1523 1289 additionem.

530 1310 615 1390 Ortid
634 1317 677 1370 oet
697 1310 780 1371 Ιοοιισ
797 1310 944 1387 plonetor
965 1312 1147 1370 monotriorta
1167 1312 1202 1370 in
1224 1310 1383 1387 eoliptt'on?
1426 1309 1573 1373 Puuotum
1601 1309 1679 1373 illud
1699 1311 1785 1391 adip-

443 1398 527 1472 tina,
550 1401 579 1459 ln
601 1414 660 1473 ouo
683 1404 798 1459 tenatur
818 1395 872 1457 illa
893 1416 912 1456 a
935 1395 1044 1458 eiroulo
1067 1396 1280 1467 inclinationis,
1308 1414 1360 1476 per
1381 1397 1480 1461 looum
1501 1400 1699 1461 amulricum
1718 1401 1784 1461 aim·

443 1484 556 1564 punitor
584 1483 694 1547 dietum
723 1482 868 1547 traducto.
913 1481 954 1545 Ut
982 1485 1008 1543 ai
1037 1482 1157 1563 planeta
1186 1485 1217 1547 in
1239 1484 1285 1559 K,
1317 1483 1399 1549 looue
1429 1485 1494 1562 ojua
1523 1488 1707 1549 eoomnunr
1731 1483 1785 1570 (aio

442 1573 608 1651 aimplloitar
630 1570 739 1647 dietus)
761 1573 800 1632 alt
821 1571 848 1633 N
871 1577 901 1632 et
920 1569 973 1631 NL
995 1570 1121 1632 mentua
1144 1571 1350 1645 inclinationla,
1372 1571 1600 1651 angulatim,
1624 1571 1707 1635 NLO
1726 1592 1784 1637 roo·

444 1662 488 1736 tia,
511 1661 563 1720 orit
583 1656 714 1719 L'loona
736 1657 873 1736 planetae
897 1660 1074 1719 oecontrioue
1104 1659 1134 1717 io
1157 1657 1301 1738 ecliptica
1345 1659 1412 1721 Non
1433 1657 1540 1721 dieitur
1568 1659 1654 1723 loona
1676 1660 1784 1741 ooliptl·

444 1764 501 1809 ota·
518 1745 702 1824 ainpiioitaa,
733 1747 804 1823 qula
833 1746 881 1805 hio
910 1745 1037 1813 involvit
1063 1746 1153 1806 etiam
1181 1746 1423 1824 inaequalitatem
1444 1745 1622 1822 aooundam,
1651 1745 1718 1809 libai
1740 1748 1783 1811 Vl

442 1836 606 1911 materiam
628 1830 681 1894 aad
703 1831 821 1894 additur
842 1849 902 1893 vox
924 1833 1114 1913 aooontriena,
1136 1840 1169 1896 ut
1191 1833 1403 1912 intelligemur,
1425 1834 1462 1895 do
1485 1833 1537 1895 illo
1565 1834 1635 1897 iooo
1657 1838 1718 1915 ogi,
1739 1840 1783 1915 qu·

442 1923 646 1986 dotomioatm
667 1922 723 1982 anb
745 1919 882 2000 noliptioa
902 1937 954 1997 per
975 1918 1071 1983 eninm
1094 1922 1301 1995 emortuom,
1324 1928 1437 1983 remoto
1455 1921 1519 1999 Jam
1542 1938 1691 1985 oonouran
1710 1924 1783 1985 ona

441 2013 551 2089 magni,
574 2008 692 2086 dequo
714 2008 790 2069 libro
807 2008 859 2069 VI.

528 2098 615 2177 Quae
635 2103 771 2159 donatur
789 2097 935 2173 planetae
955 2094 1114 2173 lonpitudo
1136 2095 1321 2156 eooentrr'on?
1364 2096 1459 2157 Arma
1480 2092 1637 2174 ooliptloae
1665 2098 1697 2156 in
1718 2114 1785 2161 nou·

440 2186 592 2263 aequantia
613 2190 781 2245 numeratur
811 2184 992 2262 aprinoipio
1016 2184 1125 2244 Arietie
1156 2200 1249 2259 neque
1271 2182 1310 2243 ad
1332 2181 1471 2245 otrentum
1500 2182 1703 2245 inclinationi·
1723 2184 1783 2265 pla·

439 2280 533 2347 notan,
554 2288 606 2334 eeu
629 2270 726 2332 locum
748 2273 941 2335 oooontriounr
963 2272 992 2330 iu
1014 2270 1161 2349 ecliptica.
1204 2270 1321 2330 Dicitur
1342 2272 1517 2345 eooentrloa,
1547 2287 1609 2332 nou
1631 2270 1713 2349 qnod
1733 2290 1783 2335 uu·

439 2367 564 2423 morotnr
586 2360 615 2418 in
638 2361 816 2432 eooontrioo,
840 2357 892 2420 eod
914 2360 986 2437 quia
1007 2360 1184 2421 eooentrieua
1207 2365 1346 2421 caueatur
1367 2356 1457 2417 illam.

530 2448 616 2526 Quae
637 2445 749 2506 dieitur
770 2445 907 2508 reductio
929 2446 972 2506 nd
991 2444 1184 2524 eclipticam?
1228 2444 1321 2505 Areua
1341 2461 1461 2521 patrna,
1484 2459 1544 2521 qua
1564 2441 1705 2507 oluerunt
1718 2448 1784 2509 inter

439 2551 470 2597 ee
492 2536 553 2596 bini
574 2551 675 2608 nouo,
705 2532 781 2597 alter
801 2535 931 2608 orbitae,
960 2533 1035 2595 altor
1056 2533 1226 2610 ecliptieae,
1253 2533 1439 2594 aoommuni
1462 2530 1541 2593 nodo
1564 2533 1677 2613 inooptl
1700 2541 1731 2596 et
1750 2532 1783 2594 ad

437 2621 577 2685 oiroulum
600 2620 796 2683 inclinationia
817 2622 974 2681 terminati.
1019 2617 1059 2681 Ut
1081 2620 1130 2681 hio
1152 2618 1315 2682 differentia
1338 2620 1413 2681 inter
1435 2617 1495 2679 MN
1517 2626 1548 2680 et
1570 2616 1641 2679 itu.

525 2709 682 2788 Quomodo
703 2708 921 2785 computatur?
963 2707 1030 2767 Non
1053 2706 1138 2769 aliter
1152 2724 1241 2784 quam
1255 2705 1401 2793 libro-III.
1416 2704 1466 2766 iol
1482 2706 1546 2765 tat
1561 2723 1601 2767 aa.
1627 2706 1784 2771 differentia

436 2800 615 2859 aaoemionia
629 2803 726 2857 reotae
754 2803 785 2856 et
807 2813 892 2856 arona
918 2795 1072 2872 eoliptioae
1101 2793 1314 2871 reapondoutie.
1358 2791 1572 2871 Multiplieatur
1600 2795 1685 2856 alona
1708 2812 1783 2857 otm-

435 2883 574 2963 piamenti
595 2882 792 2945 meinationir
814 2884 960 2944 maximae
990 2884 1020 2941 lu
1042 2887 1210 2959 tangentem
1240 2881 1403 2957 argumenti
1431 2879 1651 2957 inclinationia,
1681 2890 1714 2945 at
1733 2884 1783 2945 ab·

435 2974 522 3035 tentia
544 2989 564 3032 a
585 2971 663 3033 laeto
688 2972 706 3030 5
728 2973 897 3049 postremis,
929 2976 1053 3048 apparet
1075 2976 1198 3046 tangens
1225 2969 1389 3045 argumenti
1411 2966 1534 3029 reduoti.
1579 2966 1639 3029 Vol
1661 2968 1782 3033 inodu-

436 3061 523 3121 tionio
545 3060 690 3119 maximae
711 3058 968 3135 antilognritlamun
990 3055 1106 3117 additur
1120 3052 1379 3132 menologarithmo
1394 3056 1559 3133 argumenti
1573 3064 1783 3138 aderratnrqua

436 3147 493 3210 hoo
513 3146 601 3209 modo
623 3145 897 3224 menologaritirmun
920 3162 983 3223 mg.
1004 3138 1177 3226 reduoti.⁶’)

522 3233 732 3312 compendium
762 3233 878 3307 utilius,
909 3235 998 3294 etiam
1025 3249 1079 3309 pro
1101 3232 1290 3308 aroenaiona,
1318 3231 1358 3290 ait
1384 3229 1450 3291 hoo
1495 3228 1629 3291 Maxima
1655 3229 1782 3294 reductio

436 3324 511 3384 olata
531 3320 654 3399 gradum
679 3319 735 3380 ⁴5⁰
758 3340 777 3382 a
797 3321 876 3383 nodo
899 3321 989 3381 dueta
1017 3322 1047 3379 in
1068 3321 1165 3378 ninum
1187 3335 1272 3378 moue
1295 3318 1437 3395 eujueque
1467 3314 1627 3394 duplicati,
1659 3322 1782 3382 abaootia

438 3410 456 3470 5
479 3408 599 3483 ultimis,
624 3410 775 3469 constituit
797 3410 997 3470 reductionem
1021 3408 1099 3468 aroui
1122 3408 1272 3485 proponite
1295 3404 1401 3482 aimplo
1425 3403 1562 3464 debitam.

523 3496 681 3575 Ottomodu
701 3495 852 3557 otendnm
874 3499 932 3557 hoo
953 3496 1125 3555 reduotione
1146 3501 1174 3553 ct
1196 3493 1239 3553 nd
1260 3492 1358 3568 quid?
1402 3490 1526 3568 Quando
1549 3491 1671 3567 planata
1694 3498 1782 3574 pergit

435 3602 453 3643 a
475 3584 559 3644 nodia
580 3583 619 3645 ad
642 3584 757 3657 limitet,
781 3586 939 3645 auferenda
960 3590 1005 3644 eet
1020 3582 1150 3643 reductio
1166 3581 1204 3640 ab
1220 3579 1417 3639 inclinationis
1436 3587 1619 3655 argumento,
1641 3580 1781 3656 addenda,

435 3687 500 3731 cnm
523 3692 539 3732 n
562 3663 704 3732 limitibus
726 3670 764 3730 ud
787 3672 897 3747 nod0r3
931 3670 1068 3750 qnodque
1091 3668 1148 3727 hoe
1169 3675 1256 3745 pacto
1280 3666 1446 3740 conficitur,
1472 3665 1605 3727 additum
1627 3668 1696 3731 loco
1717 3669 1783 3730 nodi

435 3758 617 3819 attendentis
641 3761 792 3819 constituit
814 3760 1025 3837 longitudinem
1049 3757 1106 3816 loci
1130 3755 1266 3832 planetae
1290 3756 1489 3814 occentrioam.

524 3846 607 3923 Quid
627 3848 763 3925 appellor
785 3845 1011 3909 curtataomm?
1056 3843 1109 3902 Eat
1131 3839 1316 3919 portiuncula
1338 3839 1495 3902 diatantiae
1511 3839 1651 3917 planetae
1674 3862 1694 3902 ι
1716 3861 1780 3904 otu·

672 3956 721 4007 ng,
734 3955 768 3998 aa,
1003 3941 1048 3990 tro
1080 3928 1174 4004 Solia,
1211 3926 1389 4005 respondent
1424 3930 1551 4005 sagittae
1587 3930 1782 3991 inclinatiou’u

998 4017 1153 4095 planetae,
1183 4017 1212 4074 io
1241 4033 1277 4076 ea
1306 4017 1508 4092 proportione,
1542 4018 1572 4075 in
1600 4034 1661 4092 qua
1693 4024 1780 4080 totan

999 4103 1189 4165 intervallum
1212 4101 1368 4179 reapondat
1390 4104 1466 4161 rinui
1490 4110 1563 4163 toto.

1067 4202 1109 4258 Sil
1127 4203 1149 4257 Δ
1169 4201 1224 4268 Sol,
1242 4201 1272 4268 P,
1292 4201 1315 4269 Q
1334 4200 1390 4270 poli
1408 4199 1562 4270 eclipticam
1581 4202 1657 4258 TAX
1677 4219 1778 4275 reptat·

997 4287 1088 4336 soutet
1105 4280 1217 4350 planum
1235 4280 1384 4350 (redimitae,
1403 4280 1478 4336 EAG
1490 4280 1602 4351 planum
1615 4283 1732 4351 orbitam
1750 4282 1780 4338 ait

998 4361 1108 4430 planeta
1127 4360 1185 4428 jam
1208 4360 1236 4414 iu
1255 4359 1278 4413 E
1297 4359 1338 4414 eei
1358 4358 1394 4425 G,
1420 4366 1449 4412 et
1472 4367 1566 4414 oentm
1585 4362 1611 4416 A
1636 4361 1778 4420 meminit

996 4439 1059 4506 ΑΕ,
1085 4436 1135 4492 AG
1153 4437 1308 4493 scribantur
1325 4452 1406 4492 arena
1424 4437 1490 4504 ΗΕ,
1517 4438 1581 4508 GF,
1609 4449 1639 4498 et
1656 4457 1693 4498 ex
1710 4439 1777 4512 KG

996 4517 1173 4571 demittantur
1190 4514 1429 4586 perpendiculum
1446 4516 1474 4570 iu
1492 4515 1550 4578 ix.
1568 4536 1641 4589 quae
1658 4521 1715 4580 tiut
1726 4519 1776 4586 iit

996 4594 1048 4662 (ὶὸ,
1068 4602 1148 4648 erunt
1166 4593 1218 4647 iiii
1240 4602 1267 4648 et
1286 4593 1328 4649 SF
1347 4597 1509 4651 curationes.

1088 4684 1171 4762 Quid
1192 4693 1234 4744 eat
1250 4685 1396 4746 dirtnntin
1419 4689 1564 4748 curtato?
1585 4689 1639 4751 Ett
1654 4693 1773 4753 rootain

998 4772 1085 4850 plano
1118 4771 1271 4850 eclipticae
1302 4776 1376 4834 inter
1405 4784 1535 4836 centrum
1557 4775 1639 4837 Solia
1664 4787 1695 4839 et
1715 4794 1773 4858 pei·

996 4858 1215 4936 pendicularem
1239 4878 1275 4921 ex
1298 4868 1395 4921 oentm
1420 4864 1550 4939 corporis
1565 4863 1713 4941 planetae.
1744 4863 1771 4924 ln

998 4946 1054 5006 hoe
1076 4946 1241 5021 schemate,
1271 4946 1389 5026 planata
1417 4952 1446 5007 in
1470 4951 1494 5009 E
1518 4950 1564 5010 vel
1584 4949 1614 5011 G
1635 4961 1770 5022 vamme,

1004 5042 1048 5093 eet
1070 5034 1125 5093 AR
1150 5035 1196 5096 vel
1214 5034 1263 5096 AS
1287 5035 1425 5097 distantia
1448 5045 1571 5098 curtata.

1091 5139 1250 5217 Quomodo
1264 5148 1459 5216 eomparatur
1474 5142 1622 5204 domatio
1638 5137 1768 5204 marimo?

434 5221 583 5286 Dirtautla
602 5224 771 5304 proposita,
803 5240 940 5306 anproera
967 5227 1094 5290 nomena
1123 5227 1311 5290 dimonaiouia
1338 5231 1445 5312 cuique
1471 5228 1611 5310 planetae
1636 5231 1764 5312 proturba
