4459 6275
308 824 311 831 .
437 777 500 839 101
927 770 1073 842 Epitomss
1090 770 1285 828 Aemononiae

479 869 487 900 r

435 952 488 1013 Sol
511 951 617 1013 alerius
641 952 755 1014 Lunam
777 952 932 1027 illumiret,
955 970 1043 1030 qnam
1066 967 1150 1031 pars,
1174 956 1204 1012 et
1225 951 1301 1015 hese
1321 954 1417 1031 major
1437 953 1556 1031 0100100,
1578 970 1672 1033 anam
1692 956 1792 1017 minor.

437 1040 514 1102 Vide
538 1040 616 1100 Astr.
632 1040 713 1101 Part.
738 1038 808 1118 Opt.
831 1041 882 1101 tol.
910 1042 984 1100 239.
1020 1044 1153 1113 (1111110.)

525 1127 610 1188 Num
632 1145 735 1187 omnes
757 1130 875 1206 eclipses
895 1127 1006 1188 Lunae
1036 1127 1197 1203 quadrant
1217 1127 1260 1186 ad
1287 1127 1343 1187 lias
1364 1130 1523 1190 rationes?
1552 1130 1667 1191 Crebro
1688 1131 1735 1205 dt,
1761 1140 1794 1193 ut

437 1217 604 1276 substantia
625 1215 723 1275 lucida
745 1216 822 1276 circa
841 1214 939 1276 Solem
962 1215 1112 1274 flammata
1135 1232 1171 1275 er
1194 1222 1330 1275 contactu
1345 1215 1424 1276 Solis
1446 1217 1567 1279 irradiet
1588 1220 1717 1279 extimos
1730 1236 1794 1279 urn-

436 1307 506 1364 brae
528 1305 684 1378 terminos,
716 1320 811 1380 eoque
833 1303 932 1374 Luna,
966 1319 1136 1380 quenquam
1165 1310 1229 1363 tota
1258 1306 1288 1362 iu
1318 1305 1450 1364 umbram
1480 1308 1633 1382 immersa,
1667 1310 1794 1385 margine

437 1399 535 1451 tamen
563 1399 692 1452 extremo
720 1389 775 1450 hos
803 1390 902 1451 radios
925 1393 1065 1470 excipiat:
1097 1407 1174 1467 quae
1197 1388 1273 1449 salsa
1295 1389 1362 1467 lux,
1393 1409 1460 1451 cum
1482 1392 1521 1453 ed
1543 1410 1647 1455 veram
1669 1412 1705 1455 ex
1726 1394 1795 1455 8010

434 1479 579 1557 allapsam
607 1479 770 1556 comparari
793 1495 851 1537 nan
875 1480 969 1555 possit
999 1478 1123 1556 (quippe
1148 1477 1231 1537 Luna
1254 1476 1367 1555 reliqua
1389 1483 1507 1556 penitus
1529 1479 1703 1561 exstincta),
1733 1486 1795 1561 ipss

435 1584 488 1644 pro
513 1584 584 1626 vern
606 1566 739 1640 habetur,
762 1567 805 1626 ita
827 1573 860 1626 ut
882 1565 968 1627 Luna
989 1583 1047 1625 nan
1072 1568 1188 1627 totuin
1211 1566 1344 1627 umbram
1365 1569 1497 1643 ingressa
1520 1578 1686 1630 censeatur.
1731 1569 1794 1629 llas

435 1656 548 1715 ratione
571 1653 617 1728 fit,
649 1661 682 1712 ut
711 1671 810 1713 morae
832 1653 925 1713 multo
949 1654 1097 1714 breviores
1127 1655 1319 1714 aestimentur
1350 1654 1502 1732 eclipsium
1524 1656 1673 1717 totalinm.
1719 1656 1795 1733 Quin

436 1744 524 1802 etiam
547 1740 626 1815 illac,
650 1758 727 1817 quse
750 1741 857 1801 totales
879 1744 942 1801 sine
965 1758 1047 1800 mora
1068 1747 1138 1800 sunt
1159 1747 1212 1800 aut
1235 1757 1301 1800 curn
1323 1759 1406 1802 mors
1429 1743 1619 1817 brevissima,
1643 1754 1796 1805 0000001111

436 1830 475 1889 ob
497 1828 574 1889 hano
596 1845 717 1888 causam
739 1844 798 1887 non
821 1827 944 1902 totales,
974 1828 1027 1888 sed
1049 1827 1203 1905 partiales,
1235 1830 1320 1905 quasi
1341 1847 1363 1888 a
1383 1834 1582 1906 septentrione
1604 1832 1655 1891 vel
1677 1832 1796 1892 meridie

377 1986 381 1997 ,
435 1916 548 1993 aliquid
570 1918 705 1993 supersit
752 1915 828 1977 Vide
848 1916 926 1975 Astr.
943 1915 1023 1978 Part.
1048 1913 1117 1992 Opt.
1140 1913 1190 1974 101
1215 1916 1277 1975 3011
1305 1921 1440 1988 (11010).
1472 1917 1511 1977 lit
1531 1920 1577 1979 010
1589 1928 1692 1980 censet
1707 1923 1794 1979 etlsn

439 2002 601 2064 Galilaens.

528 2090 613 2151 Unde
642 2097 776 2171 0000101,
808 2090 888 2150 hanc
914 2093 1139 2150 munatianem
1168 2105 1227 2147 esse
1255 2090 1446 2166 legittimam?
1493 2093 1575 2167 Quid
1602 2097 1630 2153 ei
1659 2111 1795 2172 namque

438 2196 550 2240 carnae
571 2178 697 2252 subsint,
721 2180 927 2239 astronomiae
941 2177 1082 2238 nandum
1104 2178 1178 2235 satis
1200 2179 1361 2252 cognitae?
1386 2177 1416 2256 1)
1439 2178 1503 2238 Imo
1526 2188 1587 2241 tarn
1603 2181 1730 2243 evidens
1753 2195 1794 2243 est

436 2267 484 2326 hic
507 2268 640 2339 adactus,
665 2267 744 2326 11101
767 2265 805 2325 ad
828 2283 933 2326 causas
956 2265 1169 2325 astronomicas
1190 2265 1345 2338 reseratur,
1376 2268 1624 2330 contradictiones
1645 2273 1796 2348 apertissi-

435 2370 498 2413 mas
529 2353 664 2413 involvat
692 2361 844 2431 totamque
873 2354 1016 2414 rationem
1047 2352 1260 2429 dimensionum
1285 2353 1406 2415 umbrae
1433 2353 1573 2432 legesque
1594 2361 1713 2436 apricas
1734 2376 1795 2420 cer·

436 2443 565 2502 tissimas
588 2448 710 2501 evortat.
756 2444 791 2517 1)
813 2441 1026 2502 Testimonium
1050 2456 1121 2500 vero
1144 2438 1214 2500 huia
1234 2456 1342 2501 musas
1364 2442 1506 2520 physicae
1526 2444 1686 2521 pcrlribmt
1707 2448 1795 2505 etin

436 2529 548 2591 solares
579 2527 703 2606 eclipses
725 2529 893 2604 nonnullae,
918 2528 954 2588 da
977 2529 1084 2605 quibus
1108 2527 1192 2587 intra.
1238 2529 1273 2602 31
1296 2528 1370 2589 Cum
1394 2530 1569 2591 diametrum
1590 2531 1671 2592 Solis
1693 2532 1794 2593 obser·

436 2634 541 2677 ramus
563 2616 660 2691 radio,
684 2634 736 2693 per
757 2618 998 2693 angustissimum
1020 2615 1153 2675 toramen
1175 2616 1320 2690 immissa,
1350 2615 1465 2678 tlmbria
1486 2617 1561 2679 haec
1582 2619 1657 2680 111001
1680 2620 1793 2693 0010111,

436 2705 554 2781 quando
584 2713 701 2781 praesto
731 2711 776 2764 est
807 2706 836 2762 ln
860 2703 959 2778 coelo,
990 2705 1085 2781 pingit
1112 2719 1145 2762 se
1168 2704 1262 2779 ipsam
1285 2702 1444 2765 clarissime
1473 2723 1561 2785 super
1584 2706 1697 2768 tabells
1720 2711 1794 2768 ciras

436 2791 514 2852 Solis
538 2791 665 2866 discum,
695 2791 769 2852 adeo
800 2799 833 2852 nt
856 2794 930 2852 iuter
953 2791 1064 2853 discum
1087 2789 1167 2850 Solis
1190 2798 1219 2851 et
1241 2789 1318 2851 hanc
1340 2792 1484 2854 fimbriam
1511 2794 1716 2856 discriminans
1737 2806 1794 2857 ter·

434 2881 530 2940 minus
552 2896 612 2939 non
634 2887 784 2958 appareat,
808 2897 902 2957 eoque
924 2879 1004 2941 Solis
1027 2878 1168 2939 diameter
1190 2886 1268 2939 certo
1291 2879 1385 2956 major
1404 2881 1487 2957 J'nsto
1510 2889 1581 2943 tunc
1602 2881 1768 2961 colligatur.

523 2972 608 3044 Quae
629 2984 724 3027 causa
746 2974 796 3041 est,
819 2986 875 3027 eur
896 2966 991 3027 Luna
1013 2969 1048 3026 in
1070 2964 1215 3026 tatalibus
1236 2966 1394 3042 eclipsibus
1416 2976 1505 3030 tanta
1529 2973 1678 3031 1001101010
1700 2990 1792 3051 appa·

353 3042 357 3055 '
434 3063 510 3128 reat,
534 3054 688 3115 interdum
709 3057 832 3132 penitus
846 3057 1017 3129 amittatur,
1041 3053 1195 3113 interdum
1220 3054 1440 3117 evidentissimo
1463 3057 1575 3117 rubore
1598 3058 1647 3117 vel
1667 3064 1733 3119 tota
1752 3060 1794 3119 ael

434 3147 468 3204 in
487 3152 579 3222 parte
604 3146 740 3220 corporis
760 3146 887 3220 eniteat,
917 3160 972 3203 nec
999 3159 1118 3218 semper
1148 3160 1185 3201 ea
1206 3143 1376 3220 aequaliter
1404 3146 1449 3205 ad
1468 3147 1598 3206 umbrae
1620 3151 1791 3224 margines

430 3234 611 3308 proximum
640 3248 743 3306 00100,
776 3229 829 3289 sed
857 3231 1036 3290 altrinsecus
1066 3230 1160 3289 latius
1190 3231 1390 3291 excurrente?
1427 3232 1490 3293 Nec
1512 3236 1662 3311 proprium
1694 3233 1792 3294 Lunae

435 3319 532 3380 lumen
555 3321 584 3377 iu
608 3327 779 3392 causaest,
809 3326 887 3378 esset
915 3320 991 3378 enim
1020 3326 1209 3394 perpetuum,
1238 3316 1342 3377 saltem
1369 3320 1398 3377 in
1422 3320 1525 3380 eedem
1548 3329 1632 3398 parte
1656 3325 1792 3399 corporis,

436 3425 491 3467 nec
514 3404 565 3465 illa
586 3407 752 3466 substantia
773 3404 873 3466 lucida
895 3408 972 3465 circa
993 3404 1093 3465 Solem
1117 3408 1146 3464 in
1169 3406 1233 3481 ipso
1257 3405 1386 3480 aethere,
1414 3406 1592 3469 illuminaret
1614 3411 1694 3469 enim
1717 3410 1793 3469 ordi·

433 3502 501 3554 nete
526 3492 572 3553 vel
596 3501 687 3552 totam
712 3493 757 3553 vel
780 3493 860 3553 00100
877 3495 1074 3554 extremitates
1098 3494 1245 3570 marginis,
1270 3494 1390 3554 umbrae
1405 3499 1562 3571 proximas.
1600 3495 1661 3557 Sed
1677 3509 1791 3573 oportet

434 3588 467 3641 ut
489 3580 574 3641 Luna
604 3587 686 3657 parte
710 3579 761 3640 illa
783 3582 925 3658 corporis,
956 3598 1032 3658 quae
1056 3581 1154 3654 rubet,
1187 3579 1792 3654 1101111110101100801100000111101100,

433 3669 490 3728 hoc
513 3669 609 3730 estin
632 3672 699 3728 a'o‘re
717 3674 817 3728 nostro
841 3667 1049 3728 circass'erram
1071 3668 1137 3727 tuso
1162 3668 1206 3727 bis
1230 3668 1378 3739 retractos,
1401 3670 1492 3731 semel
1515 3673 1545 3729 in
1568 3673 1716 3747 ingressu,
1740 3676 1792 3732 ite·

434 3775 497 3816 rum
520 3759 548 3815 in
572 3774 705 3833 egressu:
729 3756 835 3832 quibus
859 3758 929 3834 ipsis
953 3754 1041 3815 radiis
1065 3754 1155 3815 semel
1179 3756 1207 3812 in
1230 3756 1363 3832 ingressu
1386 3759 1517 3818 retractis
1540 3776 1595 3817 nos
1620 3758 1724 3819 Solem
1749 3763 1791 3818 ri·

434 3844 551 3918 demus,
582 3862 647 3903 oum
677 3846 701 3903 is
725 3842 821 3903 adhuc
843 3845 919 3903 inire
941 3851 1073 3903 nostrum
1095 3842 1276 3901 horizontem
1304 3850 1364 3916 est,
1396 3852 1425 3904 et
1456 3845 1590 3905 videmus
1623 3847 1744 3922 quidem
1765 3859 1793 3907 et

433 3933 530 4009 ipsum
552 3939 622 3991 tunc
644 3932 805 3992 rubentem.
853 3931 926 3990 Cum
949 3932 1026 3991 enim
1042 3930 1073 3989 hi
1094 3929 1167 3990 radii
1184 3929 1275 3990 semel
1298 3931 1413 3990 relracti
1437 3934 1495 3991 sint
1509 3934 1606 3993 adhuc
1630 3943 1692 3993 tarn
1715 3935 1791 4002 clari,

434 4027 466 4079 ut
490 4019 566 4080 diem
588 4037 677 4096 penes
701 4037 754 4078 nos
778 4014 964 4100 (quanquam
987 4035 1044 4077 non
1060 4017 1263 4095 clarissimam,
1286 4025 1353 4077 ute
1374 4018 1454 4079 nudo
1478 4029 1507 4080 et
1529 4020 1604 4080 sudo
1621 4020 1705 4084 Solel
1729 4023 1792 4083 elli·

436 4109 522 4179 aiant,
548 4114 684 4184 poterunt
707 4108 794 4165 ctiam
818 4106 946 4166 secundo
971 4108 999 4163 in
1023 4107 1102 4165 exitu
1127 4105 1685 4169 1010101011οη11011001111011101010
1709 4113 1738 4169 in
1760 4129 1793 4169 ea

434 4198 549 4253 causari
569 4212 627 4254 non
643 4193 734 4252 multo
750 4196 898 4252 minorem.
944 4193 1027 4253 llaec
1050 4200 1199 4252 causaest
1222 4191 1329 4252 idonce
1351 4193 1390 4252 ad
1404 4196 1681 4272 repraesentandam
1706 4199 1791 4257 ellec-

434 4292 480 4341 tus
503 4282 583 4341 illius
607 4284 786 4341 varietatem.
830 4280 907 4340 Nam
929 4280 1053 4341 circulus
1076 4279 1125 4340 ille
1141 4278 1267 4340 Telluris
1289 4298 1341 4341 seu
1356 4281 1438 4356 globi
1461 4282 1656 4355 elementaris,
1681 4303 1718 4346 ex
1735 4305 1791 4362 quo

435 4369 537 4428 umbra
559 4369 666 4429 Terrae
690 4370 796 4444 quovis
819 4375 965 4428 momento
988 4370 1129 4444 assurgit,
1155 4367 1283 4426 tonditur
1304 4387 1356 4445 per
1378 4387 1480 4430 omnes
1501 4388 1606 4444 eonas,
1640 4390 1791 4433 excurrens

433 4457 471 4515 ab
494 4474 552 4515 uno
576 4456 669 4534 poleri
692 4454 730 4515 ad
753 4457 928 4532 oppositum,
953 4458 1028 4515 airis
1051 4472 1121 4514 vero
1145 4457 1317 4515 caristitutio
1340 4475 1391 4533 per
1416 4456 1547 4517 diversas
1561 4476 1654 4520 eonas
1678 4472 1725 4520 est
1747 4461 1790 4519 di·

322 4593 329 4614 ,
436 4561 528 4615 versa,
553 4562 643 4619 quare
666 4545 754 4604 etiem
776 4543 963 4603 relractiones
987 4545 1160 4620 quantitatis
1183 4560 1241 4602 non
1265 4548 1350 4604 unlus
1367 4546 1545 4605 causabitur.
1593 4547 1641 4607 De
1664 4547 1710 4606 lris
1726 4547 1789 4608 ride

434 4630 520 4708 plura
542 4633 570 4688 in
587 4633 664 4689 Astr.
681 4631 769 4690 Parte
786 4627 853 4707 Opi.
871 4630 921 4690 lol.
945 4634 1018 4689 271.
1042 4639 1071 4690 et
1086 4633 1257 4707 praesertim
1281 4630 1331 4691 101.
1345 4634 1417 4692 nto.
1441 4632 1568 4693 schema.
1590 4643 1789 4708 (1101100011

433 4719 509 4778 Item
531 4719 560 4775 in
585 4719 797 4778 Dissertatione
820 4734 885 4777 curn
909 4718 1022 4778 Nuncio
1046 4717 1167 4778 Sidereo
1189 4717 1240 4779 101.
1266 4721 1317 4779 10.
1354 4725 1395 4789 (11.
1416 4727 1486 4791 108.)

522 4805 558 4864 Si
578 4808 683 4879 nequit
698 4805 791 4864 Luna
810 4808 933 4882 privari
955 4807 1071 4865 lumine
1094 4806 1173 4866 Salis
1193 4814 1282 4866 00110
1302 4808 1415 4865 lineam
1438 4811 1648 4888 oppositionis,
1669 4811 1788 4887 per&-

434 4893 501 4966 lem,
526 4895 624 4951 visum
647 4899 674 4950 et
689 4892 813 4952 Lunam
837 4894 1019 4968 traductam,
1043 4897 1097 4971 qui
1118 4895 1152 4970 111
1173 4896 1278 4974 igitur,
1300 4893 1383 4969 quad
1403 4895 1554 4954 interdurn
1572 4897 1627 4957 Sol
1649 4907 1678 4956 et
1701 4899 1787 4958 Lnna

433 4981 576 5055 eclipsata
596 4979 690 5038 simul
710 4997 805 5058 ssspra
827 4981 1013 5042 horizontem
1036 4990 1064 5041 et
1084 4986 1127 5040 sic
1147 4984 1260 5041 nonin
1282 4999 1348 5040 una
1363 4982 1446 5040 linea
1467 4991 1548 5042 recta
1563 4987 1786 5060 compareant?

435 5066 531 5143 Hujus
554 5068 594 5127 rel
611 5066 728 5144 culpam
751 5071 876 5129 sustinet
889 5073 947 5143 eir,
972 5069 1142 5146 quoTerra,
1166 5068 1346 5129 domicilium
1360 5068 1520 5140 oculorum,
1544 5076 1679 5132 vestitur.
1716 5074 1784 5134 Nam

435 5152 509 5213 rsdli
530 5154 598 5216 hinc
617 5153 696 5216 Solis
719 5154 786 5218 inda
802 5155 912 5230 1111100,
936 5158 1087 5234 utriusque
1109 5157 1165 5216 snb
1188 5156 1340 5218 horizonte
1362 5159 1515 5231 1010111110,
1540 5161 1591 5219 ubi
1607 5161 1783 5238 superficiem

436 5241 512 5306 title
533 5243 699 5324 tstlgsrlnt,
729 5249 764 5306 at
784 5243 872 5308 medll
894 5242 1051 5322 densioris,
1080 5244 1277 5324 refringantur
1299 5245 1434 5307 deorsam
1464 5246 1503 5308 ad
1526 5248 1646 5310 oculum
1668 5251 1698 5308 in
1719 5267 1783 5328 prc-
