4459 6275
435 759 499 823 era
631 716 633 721 ’
906 748 939 805 ιι
957 746 1103 817 acconen
1120 747 1211 803 uoto
1228 746 1360 803 anana

433 934 517 999 prout
535 926 651 997 jnaaerit
673 922 770 981 titulun
791 919 889 979 ultimo
912 920 1050 990 prodiere.
1100 919 1140 977 at
1163 919 1186 975 ei
1209 926 1320 991 tempor
1343 919 1458 990 aequale
1480 920 1698 977 oouremendunr
1713 928 1757 978 eat
1770 921 1797 976 in

433 1021 579 1077 appareue,
596 1003 629 1059 iit
645 1000 810 1059 mummium
827 997 908 1055 titulo
925 998 1098 1069 manticula
1117 996 1292 1069 compositae,
1311 1007 1343 1056 ut
1359 1015 1453 1071 anpra

538 1081 648 1138 Tertius
665 1078 770 1144 modue,
788 1094 870 1148 quem
887 1077 1029 1148 physicum
1046 1075 1141 1133 dicere
1159 1076 1255 1139 lubuit,
1273 1088 1421 1150 praecepto
1438 1076 1516 1134 nullo
1532 1077 1670 1149 peculiari
1685 1079 1798 1149 indige:

434 1161 574 1232 peragitur
586 1158 658 1216 euim
669 1164 701 1213 nt
718 1156 864 1223 recundua,
883 1153 1004 1212 aubaidio
1017 1152 1128 1210 tabulae
1139 1155 1285 1226 secundae,
1302 1157 1489 1214 tantummodo
1501 1164 1533 1214 ut
1543 1157 1670 1215 dimiama
1685 1157 1800 1213 ainiaffia

435 1234 588 1298 coluneiiia
605 1237 716 1295 tabalw
732 1238 903 1293 introeamus
920 1235 1043 1304 dextrae,
1062 1249 1132 1303 quae
1150 1249 1292 1292 exoeaeanu
1310 1236 1439 1293 exhibent
1453 1251 1554 1292 cauma
1570 1235 1706 1309 physicae
1723 1252 1741 1292 a
1760 1251 1801 1290 rue

435 1318 576 1388 anbjectae
597 1331 682 1386 anper
704 1316 914 1375 astronomicam
932 1330 982 1372 acu
999 1314 1178 1385 aequamuee
1192 1313 1280 1380 Solia
1305 1313 1393 1370 dtuiia
1407 1330 1459 1384 per
1476 1321 1565 1370 totum
1581 1314 1725 1373 amandae
1741 1331 1801 1373 aaa·

433 1392 536 1453 trariia.
1443 1426 1446 1431 ·

541 1484 609 1541 Cum
625 1481 708 1552 igitur
725 1487 782 1537 tren
799 1481 868 1538 daut
885 1479 1022 1549 aequandi
1039 1477 1126 1548 modi,
1149 1494 1266 1549 quorum
1284 1479 1387 1550 primur
1406 1478 1494 1535 oolam
1511 1479 1634 1551 aimplex
1655 1493 1747 1550 eoque
1761 1495 1802 1537 ao·

437 1561 492 1619 lina
500 1561 576 1617 illiue
587 1560 682 1617 tabula
693 1566 828 1630 perpetua
840 1565 867 1627 et
877 1558 1036 1616 universalia
1048 1565 1092 1613 aet
1100 1558 1136 1613 ad
1145 1557 1328 1627 quodeunque
1340 1564 1461 1626 iempae:
1473 1566 1692 1619 communem
1704 1560 1766 1625 init.
1775 1568 1804 1617 at

435 1639 591 1711 exemplum
607 1640 813 1694 Prutenioarum
832 1645 959 1709 aeonius,
985 1637 1106 1693 tabulam
1125 1637 1206 1691 aliam
1224 1638 1383 1707 conderem,
1413 1646 1442 1694 et
1458 1637 1527 1695 duaa
1544 1641 1574 1697 in
1591 1654 1630 1696 ea
1647 1640 1805 1699 colunelha

434 1739 484 1792 pro
506 1721 615 1777 duobua
636 1716 836 1789 posterioribue
857 1717 994 1787 aequandi
1016 1716 1119 1783 modia,
1147 1715 1366 1771 accommodatae
1389 1717 1426 1772 ad
1450 1732 1553 1775 annum
1573 1726 1644 1789 puat
1667 1718 1804 1777 matun

434 1798 512 1867 idib,
528 1797 639 1869 quaudo
656 1797 736 1868 coepi
752 1797 873 1854 aeribere
891 1795 1090 1865 ephemeridas,
1109 1794 1160 1851 aed
1178 1810 1250 1864 quae
1267 1796 1346 1850 annia
1365 1796 1400 1852 50
1418 1802 1447 1851 et
1463 1794 1589 1866 pluribna
1609 1804 1679 1855 anta
1695 1808 1728 1859 a
1742 1808 1804 1869 poet

435 1880 495 1937 aine
511 1876 683 1934 incommodo
702 1875 804 1933 aerrire
822 1884 947 1946 poaannt
973 1872 1089 1931 Ἐιιιιιιιι
1112 1891 1180 1931 naue
1203 1883 1246 1931 eat
1267 1875 1387 1930 iaailior:
1412 1875 1545 1933 exhibent
1569 1878 1644 1935 enim
1662 1878 1730 1935 iliae
1749 1878 1804 1947 ian

434 1957 597 2026 coniectum,
616 1954 735 2025 quadiu
752 1953 950 2025 posterioribus
969 1955 1078 2012 duobna
1094 1954 1182 2010 modia
1201 1954 1309 2009 demum
1327 1954 1498 2025 deridebat,
1522 1956 1670 2017 redactum
1693 1957 1804 2028 inauper

434 2036 463 2092 in
480 2034 585 2088 minuta
601 2033 724 2104 horath,
746 2031 888 2091 titrxlorum
910 2046 974 2087 vero
996 2031 1068 2086 ratio
1093 2039 1122 2089 at
1139 2047 1207 2089 uana
1225 2031 1298 2089 idem
1317 2040 1372 2101 eat.
1397 2034 1444 2103 qui
1466 2048 1517 2104 per
1540 2043 1695 2108 praecepta
1716 2038 1805 2107 priora

435 2111 588 2168 exhibetur.

538 2208 690 2273 Exemplum
708 2208 817 2272 triplicia
835 2210 905 2259 modi
923 2209 1050 2274 aequandi
1068 2215 1177 2272 tempue.
1213 2206 1254 2263 Sit
1272 2210 1452 2271 aaiguandum
1469 2218 1571 2277 tempua
1597 2228 1729 2279 apparu.
1751 2232 1802 2268 ω.

435 2287 509 2335 reate
532 2295 598 2331 anuo
622 2278 905 2332 maturuerunt.
933 2280 975 2329 dia
992 2282 1035 2330 ib.
1053 2279 1185 2329 Februarii
1209 2279 1278 2330 haria
1300 2283 1343 2332 22.
1364 2283 1406 2331 120
1429 2289 1487 2344 poet
1510 2284 1647 2335 meridiem
1663 2285 1803 2352 aequata,

436 2352 540 2420 quando
559 2357 598 2401 eat
614 2355 698 2399 motua
715 2351 813 2399 mediae
823 2349 890 2401 Solia
911 2351 956 2413 10·
975 2349 1023 2400 280
1039 2349 1074 2402 40.
1110 2352 1257 2414 apogaeum
1269 2352 1295 2399 in
1309 2351 1356 2402 240
1372 2354 1418 2403 840
1438 2354 1467 2410 ⁸6
1484 2355 1629 2405 anomaliae
1642 2364 1803 2423 tauquam,

437 2423 567 2473 reeiduum
585 2418 617 2469 ad
635 2417 756 2470 circulum
773 2418 823 2472 850
840 2420 884 2471 280
901 2434 947 2470 eeu
965 2422 1027 2482 rign
1047 2422 1072 2473 2.
1092 2422 1135 2474 25.
1154 2423 1205 2483 28,
1224 2421 1295 2472 locua
1314 2436 1386 2472 reram
1404 2418 1439 2490 Θ
1456 2423 1489 2474 00
1506 2423 1531 2475 i‘
1551 2425 1602 2475 120
1625 2428 1669 2489 Χ,
1688 2432 1804 2491 apuam

437 2498 506 2544 reeta
523 2490 590 2543 8820
608 2489 660 2542 13‘.

543 2560 655 2613 Primam
674 2558 754 2621 igitur
772 2561 890 2624 aquatio
905 2559 1051 2622 Tychouioa
1069 2573 1100 2609 ex
1118 2563 1198 2624 prima
1217 2559 1333 2611 columna
1352 2563 1495 2625 excerptam
1511 2577 1556 2626 per
1573 2563 1661 2616 locum
1673 2562 1712 2636 Θ
1724 2582 1803 2617 aarum

436 2634 456 2686 t.
475 2634 500 2685 2.
521 2634 557 2697 b‘,
576 2643 645 2696 quae
671 2635 730 2679 runt
752 2630 849 2680 minuta
866 2631 944 2679 horae
962 2631 988 2681 8‘
1005 2630 1066 2693 240,
1084 2631 1160 2680 titulo
1179 2626 1262 2688 addet
1286 2631 1331 2681 aed
1348 2633 1412 2697 quia
1427 2632 1479 2693 iarn
1497 2638 1598 2698 tampua
1617 2638 1729 2703 aequale
1746 2651 1805 2687 eon·

436 2702 586 2753 vertendum
605 2703 644 2749 eet
660 2701 688 2749 in
707 2712 838 2762 apparent,
856 2700 1045 2768 auhtrabantur,
1073 2703 1167 2763 detque
1184 2705 1284 2763 tempua
1301 2714 1426 2764 apparent
1444 2703 1469 2755 h.
1489 2705 1532 2754 22.
1553 2708 1579 2756 8’
1598 2706 1659 2756 880.
1691 2706 1804 2758 &ande

436 2769 567 2839 quaeritur
589 2771 707 2835 aequatio
725 2772 848 2832 temporie
864 2773 1042 2833 uuouomiu,
1060 2784 1137 2835 quam
1155 2773 1211 2820 eiua
1222 2769 1311 2820 tabula
1323 2773 1428 2821 condeio
1440 2773 1488 2824 aie.
1505 2773 1609 2825 ldediue
1620 2773 1658 2845 Θ
1670 2777 1706 2826 ab
1717 2780 1803 2843 aequi-

438 2845 524 2894 noctio
543 2847 582 2893 eat
599 2839 666 2892 8280
683 2840 717 2904 40,
735 2841 850 2890 aaeenaio
873 2855 930 2890 vero
948 2846 1018 2891 reeta
1034 2842 1087 2890 reri
1104 2839 1155 2891 ioci
1172 2841 1241 2891 Solia
1258 2847 1297 2891 eat
1314 2840 1382 2892 8820
1399 2843 1449 2893 180.
1485 2844 1637 2895 Differentia
1652 2846 1689 2897 40
1705 2850 1733 2898 80
1748 2850 1804 2907 48οι

438 2928 505 2980 quae
522 2910 608 2962 valent
627 2911 668 2962 1⁶⁶
686 2911 749 2962 880.
784 2910 818 2959 Et
833 2911 897 2974 quia
914 2911 1012 2961 medina
1035 2907 1104 2962 Solia
1121 2913 1198 2962 babet
1213 2912 1307 2977 minue,
1326 2915 1445 2978 aequatio
1462 2921 1530 2964 eaaat
1547 2916 1667 2967 addnda
1678 2919 1715 2967 ad
1726 2932 1802 2983 appa»

437 2998 495 3034 rena
515 2989 624 3047 tempus,
643 2985 672 3031 ut
689 2983 759 3030 terat
777 2978 892 3045 aequale.
928 2982 975 3031 Eat
991 2983 1072 3041 igitur
1086 2984 1140 3044 lam
1156 2981 1330 3031 aubtrabeuda
1344 2984 1375 3032 ab
1393 2985 1507 3050 aequali,
1533 2992 1664 3053 reatatque
1682 3002 1803 3053 appu·

397 3095 401 3104 .
437 3055 463 3107 b.
482 3053 532 3107 210
549 3054 592 3104 bb‘
609 3051 662 3103 220
680 3065 725 3115 per
740 3049 843 3100 modum
860 3052 1057 3101 uuonomieum
1075 3057 1101 3100 et
1120 3051 1352 3103 demonstrativum.

543 3121 638 3174 Eadem
657 3120 779 3187 requetio
797 3123 965 3172 astronomica
983 3125 1118 3187 quaeratur
1135 3135 1181 3187 per
1198 3117 1310 3172 tabulam
1328 3121 1472 3177 aecuudatu.
1508 3125 1556 3177 Eat
1567 3125 1648 3188 igitur
1665 3143 1701 3179 aa
1713 3129 1802 3180 iahaiia

437 3194 521 3258 prima
537 3196 591 3257 Janr
607 3193 739 3242 inventurn
758 3193 812 3253 eiua
830 3191 979 3242 elementum
998 3192 1030 3242 20
1047 3194 1071 3252 80
1092 3192 1132 3243 ad.
1151 3192 1183 3241 lit
1201 3193 1261 3257 quia
1272 3194 1407 3242 anomalia
1422 3190 1457 3262 Θ
1474 3203 1617 3263 coaequata
1625 3203 1664 3250 eat
1677 3201 1709 3251 8·
1723 3199 1802 3252 4084·

438 3265 585 3330 quaerenda
604 3264 677 3324 inira,
697 3261 770 3310 datur
788 3275 818 3310 ax
836 3263 959 3311 aeeundae
984 3264 1084 3311 tabulae
1108 3259 1241 3311 columella
1259 3263 1362 3312 ainietra
1380 3261 1411 3313 20
1428 3263 1454 3315 80
1471 3266 1524 3317 280
1542 3265 1676 3332 addenda,
1701 3285 1748 3335 pro
1764 3285 1799 3320 re·

440 3336 522 3383 cundo
541 3335 672 3383 elemento.
709 3330 772 3380 Cum
797 3332 874 3391 igitur
896 3338 1029 3397 utrumque
1047 3333 1197 3381 elementum
1217 3334 1251 3380 eit
1269 3333 1424 3395 addendum,
1450 3333 1491 3385 iae
1508 3351 1650 3404 aummam,
1677 3355 1744 3405 quaa
1765 3347 1800 3391 eat

438 3405 469 3454 40
486 3406 511 3454 80
529 3404 581 3453 290
601 3402 671 3458 add„
689 3401 774 3449 eadem
793 3415 856 3463 quae
874 3404 952 3464 priua.
1032 3446 1036 3457 ‚

543 3474 628 3523 Tertio
648 3473 774 3533 quaeritur
792 3475 909 3535 aequatio
928 3472 1048 3534 temporie
1066 3468 1173 3537 phyalae
1192 3470 1231 3521 val
1249 3475 1331 3536 quasi.
1368 3476 1432 3535 Ergo
1456 3482 1554 3525 retento
1572 3480 1653 3540 priori
1673 3479 1800 3543 clamare,

439 3548 490 3605 jam
509 3557 553 3605 per
571 3542 676 3591 eandem
695 3539 843 3589 anomaliam
862 3542 936 3599 Solia,
954 3544 1078 3607 diptica,
1098 3549 1244 3605 excerpatur
1263 3557 1295 3592 ex
1313 3542 1447 3605 columella
1465 3546 1554 3597 dextra
1572 3548 1730 3600 elementum
1742 3553 1800 3600 alie-

439 3628 502 3677 rum,
521 3627 566 3662 eeu
585 3626 701 3663 excaecas
714 3614 768 3671 eiua
783 3612 884 3672 physice
898 3613 1013 3661 instructi
1025 3626 1100 3675 anper
1113 3614 1315 3679 astronomicum,
1334 3628 1348 3661 a
1360 3615 1480 3674 Tycbone
1493 3622 1624 3685 reJectum,
1643 3623 1701 3671 acii.
1715 3621 1746 3671 80
1757 3625 1802 3676 21⁴.

440 3681 636 3733 subtrahendum
655 3682 685 3731 ab
706 3688 851 3744 apparente,
870 3682 911 3730 hic
929 3682 1005 3742 igitur
1023 3682 1166 3730 addendum
1185 3685 1290 3745 tempori
1310 3685 1423 3748 aequali,
1444 3688 1466 3734 ei
1484 3690 1555 3749 priua
1574 3691 1601 3738 iu
1622 3693 1723 3740 minuta
1741 3693 1801 3741 radi·

440 3759 522 3816 gatar,
541 3759 569 3801 ut
586 3756 630 3801 iiat
651 3754 691 3801 13⁴
710 3751 769 3801 240.
806 3752 860 3799 Erit
878 3767 935 3812 ergo
953 3766 1073 3814 apparens
1092 3758 1190 3815 tempus
1211 3755 1233 3801 b.
1255 3756 1296 3803 22.
1317 3757 1359 3804 25’
1378 3758 1440 3805 240.

596 3837 834 3901 rempusmeeium
885 3876 892 3891 .
929 3875 935 3887 .
973 3875 979 3887 .
1016 3875 1023 3888 .
1061 3876 1068 3889 .
1104 3874 1110 3887 .
1148 3877 1155 3889 .
1193 3878 1199 3890 .
1236 3841 1321 3890 1ι.22.
1343 3843 1383 3893 12.
1420 3844 1493 3893 Oest

595 3908 709 3969 Treboni
729 3909 886 3970 cmpeirioa.
924 3944 930 3955 .
968 3945 974 3958 .
1012 3942 1019 3958 .
1056 3946 1064 3959 .
1102 3946 1109 3959 .
1146 3945 1153 3959 .
1191 3946 1197 3960 .
1278 3914 1321 3964 22.
1360 3914 1384 3962 8.
1404 3914 1446 3965 38.

599 3980 756 4027 Astronomia
776 3978 972 4027 demonstrative
1014 4013 1198 4032 .....
1278 3983 1321 4031 21.
1342 3984 1383 4031 hb.
1401 3983 1444 4034 22.
1493 3996 1620 4048 apparens

596 4048 661 4096 iiiii
678 4048 821 4108 Tycbouam
840 4049 1014 4109 interpretanti
1032 4049 1136 4110 phyalae
1189 4084 1196 4099 .
1276 4054 1319 4101 22.
1339 4056 1382 4104 26.
1402 4056 1445 4104 24.

546 4133 697 4197 Exemplum
717 4136 747 4183 de
770 4149 817 4182 uau
836 4136 938 4182 tabulae
962 4135 1136 4195 temporariae.
1174 4137 1247 4183 Anno
1268 4140 1343 4189 1598.
1369 4139 1409 4187 die
1433 4143 1474 4189 25.
1495 4142 1627 4190 l'cbruerii
1645 4143 1748 4193 iuliani
1768 4146 1802 4191 rei

443 4209 467 4259 i.
487 4205 570 4255 Hartii
589 4206 735 4265 Gregoriani
748 4207 774 4252 iu
793 4205 881 4254 merid.
900 4203 998 4268 aequali
1013 4206 1194 4264 breuiburqioo
1214 4211 1343 4269 quaeritur
1360 4212 1477 4273 aequatio
1490 4214 1620 4273 temporie.
1649 4213 1716 4262 Cum
1731 4218 1802 4275 igitur

440 4277 483 4327 Sol
496 4280 528 4325 eit
538 4278 565 4324 iu
585 4275 633 4325 160
649 4277 691 4325 48
714 4280 754 4337 )(,
773 4276 842 4322 locus
862 4277 907 4322 iate
920 4288 949 4322 ex
964 4274 1053 4321 tabule
1065 4276 1147 4336 prima
1166 4278 1309 4338 suppeditat
1327 4282 1502 4342 aequationem
1516 4282 1689 4341 Tycirouiaarn
1705 4287 1733 4333 iu
1744 4293 1801 4334 iaaa-

441 4349 547 4410 poribua
567 4347 596 4396 10
614 4346 639 4395 30
658 4345 716 4403 800.
736 4358 802 4408 quaa
815 4351 874 4392 aurit
891 4347 990 4392 minute
1002 4346 1077 4392 horae
1094 4346 1121 4393 4¹
1141 4346 1199 4410 140,
1217 4347 1335 4397 addenda
1348 4351 1381 4396 ad
1394 4363 1519 4411 apparens
1538 4353 1723 4412 (subtrahenda
1736 4359 1803 4417 igitur

440 4419 481 4466 hie
499 4419 530 4465 ab
549 4417 673 4483 aequali).
710 4415 778 4464 idem
798 4416 867 4463 iocus
885 4414 952 4464 Solia
971 4429 1002 4462 ex
1021 4413 1107 4462 tabula
1126 4419 1282 4480 aequationie
1301 4423 1461 4482 temporaria,
1489 4436 1555 4469 auno
1577 4426 1648 4472 lala
1667 4440 1801 4475 acroam

441 4487 507 4551 data,
527 4487 630 4534 exhibet
647 4484 674 4534 in
693 4486 794 4533 sinistra
813 4485 914 4547 quidem
934 4481 1066 4533 columella
1084 4486 1247 4542 minuta12‘‚
1265 4488 1379 4538 addenda
1394 4490 1482 4537 itidem
1495 4505 1540 4552 pro
1554 4497 1711 4557 aequatione
1729 4507 1802 4546 utra-

441 4556 548 4620 uotnioa,
567 4557 594 4603 iu
613 4556 702 4604 dextre
721 4570 777 4603 vero
797 4553 928 4603 columella
947 4555 1050 4603 exhibet
1068 4555 1101 4615 8⁴,
1120 4557 1289 4605 subtrahenda
1308 4573 1352 4620 pro
1371 4562 1524 4623 aequatione
1543 4562 1660 4623 physica

547 4666 589 4731 7³)
618 4681 643 4730 p.
671 4669 733 4717 445.
778 4668 909 4729 Apollonii
933 4669 1062 4730 problema
1087 4667 1192 4717 discutit
1214 4670 1338 4732 liepierna
1361 4673 1389 4719 in
1413 4670 1500 4721 libello
1526 4682 1615 4723 cunta
1633 4677 1741 4738 Uranm,
1763 4681 1801 4737 qui

441 4744 524 4788 exatat
541 4737 591 4786 rol.
612 4739 630 4785 1.
648 4752 673 4800 p.
692 4740 830 4788 215-287
850 4746 949 4788 noairaa
968 4739 1095 4801 editionis,
1115 4739 1192 4802 idque
1211 4754 1264 4800 cap.
1279 4740 1324 4789 llL
1338 4741 1381 4793 iol.
1399 4745 1460 4802 264,
1479 4744 1524 4791 uhi
1542 4755 1732 4797 commentam
1748 4750 1800 4798 pm.

443 4810 573 4874 lamaeum,
591 4808 655 4855 libro
675 4807 732 4858 ΧΠ.
752 4822 806 4869 cap.
827 4812 850 4859 1.
869 4807 1007 4868 Almaqesti
1026 4808 1073 4856 hoc
1091 4808 1221 4869 problema
1240 4811 1400 4874 aliquantum
1420 4813 1551 4862 obscuriua
1569 4822 1733 4867 uaetaarram,

545 4894 658 4944 Tabulae
675 4894 850 4955 ltudoiphiuae
868 4910 925 4956 unp.
944 4893 1038 4944 XXIV.
1059 4896 1120 4944 baec
1138 4894 1244 4960 habent,
1268 4899 1361 4961 quibua
1381 4906 1458 4961 caput
1476 4900 1538 4963 hoo,
1563 4903 1635 4965 quod
1661 4901 1697 4954 de
1720 4909 1800 4954 am

440 4968 515 5015 nibna
544 4972 589 5014 etc.
620 4965 684 5028 agit,
711 4961 862 5015 illustratur.
904 4962 934 5015 ln
960 4959 1143 5030 problemate:
1176 4965 1284 5020 cuilibet
1307 4969 1464 5023 anomrdrue
1486 4967 1620 5035 planetae
1643 4987 1713 5027 ma
1737 4989 1799 5027 ω..

440 5042 600 5097 mutationis
618 5040 733 5110 aopadoa
751 5046 776 5095 et
789 5040 1050 5109 proatlaopbaerecc'n
1070 5041 1152 5107 orbis,
1171 5058 1219 5095 sea
1236 5043 1414 5110 inferioribus
1432 5045 1635 5114 eloaqata'oruear
1653 5052 1799 5122 anaim,

440 5120 470 5175 a'a
487 5122 585 5189 qat'bua
603 5121 627 5174 ia
643 5121 694 5187 fiat
716 5121 914 5182 actionarias,
936 5118 1044 5173 sudarit
1070 5117 1207 5186 quondum
1226 5120 1389 5190 Apollonius
1407 5121 1546 5189 Pergaeus
1564 5139 1709 5193 geometra
1728 5129 1797 5183 dixit·

443 5210 496 5264 que
513 5197 579 5266 quid
597 5202 752 5268 geometrae
770 5195 859 5252 iacue
881 5194 1007 5266 debeant,
1026 5201 1057 5252 ut
1074 5195 1120 5253 hic
1133 5198 1231 5267 iurent
1249 5206 1433 5269 asuonomos5
1451 5209 1480 5254 at
1498 5217 1551 5256 uec
1562 5203 1625 5272 ipae
1638 5206 1715 5272 iecit,
1732 5206 1796 5277 quoi
