4459 6275
807 795 891 852 urse
908 777 1019 852 sexsus
1053 795 1122 852 ears
1141 793 1274 853 samara.
1417 819 1418 823 ι
1584 800 1718 865 ιιι

355 970 417 1038 jana
435 970 545 1040 planeta
565 971 630 1026 inT
648 971 788 1037 veniente,
810 970 897 1025 Terra
921 985 985 1025 sero
1009 970 1037 1024 in
1055 971 1099 1038 D,
1127 969 1207 1025 binae
1225 970 1314 1026 lineae
1330 970 1381 1025 DT
1398 968 1533 1038 incipiunt
1551 969 1610 1027 tart
1628 970 1716 1041 paral-

359 1050 446 1106 lelse:
465 1067 515 1119 per
532 1051 583 1105 has
599 1050 684 1120 igitur
700 1049 814 1104 risorias
833 1049 893 1104 dico
912 1064 1044 1119 apparere
1061 1049 1202 1118 planetam
1223 1049 1418 1105 stationarium.
1453 1051 1578 1119 Denique
1596 1049 1668 1104 ultra
1684 1050 1720 1113 D,

359 1127 394 1195 T,
412 1143 507 1182 sersus
527 1128 560 1195 G,
578 1127 604 1181 K
621 1143 656 1182 ex
679 1125 818 1195 parallelis
840 1127 910 1182 fiunt
927 1143 1033 1182 rursum
1052 1134 1261 1195 concurrentes,
1289 1127 1337 1181 sed
1363 1127 1435 1183 ultra
1456 1128 1584 1197 planetae
1600 1128 1719 1183 curricu-

358 1204 417 1260 lum
436 1205 499 1272 ΤΚ,
522 1220 617 1260 sersus
634 1205 660 1259 N
669 1244 675 1267 ,
699 1203 833 1274 siquidem
852 1204 1056 1266 conducentur.
1079 1204 1132 1259 hoc
1157 1221 1220 1273 ergo
1239 1205 1299 1260 dico
1318 1220 1444 1275 arguere,
1469 1206 1606 1275 planetam
1624 1207 1650 1263 K
1669 1221 1720 1276 per

357 1282 475 1339 visorias
493 1283 544 1338 GK
561 1299 695 1353 apparere
711 1282 906 1349 retrogradum.

451 1367 556 1427 Probo
583 1386 683 1440 nunc,
712 1375 985 1442 secesserant,
1023 1367 1118 1426 Terra
1147 1371 1229 1428 eirea
1252 1367 1351 1428 Solem
1374 1375 1463 1427 eunte
1491 1374 1578 1427 motu
1601 1384 1719 1438 annuo,

356 1458 547 1529 reperiens,
578 1455 697 1514 tardius
725 1455 891 1529 sedantes,
928 1458 963 1513 in
985 1458 1197 1529 conjunctione
1221 1454 1300 1529 Setis
1328 1456 1492 1517 videamur
1522 1472 1580 1513 esse
1603 1454 1717 1528 directi,
1820 1532 1823 1539 Ι

360 1543 451 1600 ultro
473 1543 662 1618 wodrotam
685 1560 706 1599 n
722 1542 790 1602 Sole
805 1542 903 1601 locum
917 1545 1101 1614 stationarii,
1126 1546 1160 1600 in
1174 1545 1310 1617 opposito
1326 1542 1404 1601 Solia
1418 1541 1607 1618 retroprodi5
1630 1541 1721 1618 itique

356 1635 497 1707 respectu
519 1637 659 1691 motuum
681 1629 882 1689 secundorum
912 1629 951 1688 ub
973 1647 1081 1689 occasu
1107 1632 1142 1686 in
1164 1637 1265 1688 ortum
1290 1630 1501 1688 tendentium?
1544 1629 1601 1686 Pro
1624 1638 1719 1688 retro·

357 1714 533 1789 gradatione
555 1719 594 1775 sit
615 1718 708 1794 primo
737 1716 887 1794 popularis
916 1716 1125 1776 demonstratio
1154 1719 1217 1775 ista.
1264 1717 1449 1777 Demonstrat
1473 1715 1610 1776 Euclides
1634 1716 1720 1793 Opti·

358 1820 462 1863 corum
491 1805 691 1880 propositione
723 1804 777 1862 at:
808 1806 833 1861 si
861 1803 961 1880 aliqua
992 1804 1120 1863 ferantur
1149 1802 1297 1880 inaequali
1330 1805 1477 1865 celeritate
1506 1806 1637 1879 interque
1668 1802 1721 1863 illa

358 1892 450 1951 ctiam
474 1890 586 1964 oculus,
610 1909 647 1951 ea
669 1908 746 1968 quae
770 1909 835 1950 cum
859 1891 944 1950 oculo
967 1891 1097 1951 serantur
1111 1891 1228 1967 aequali
1245 1889 1400 1966 celeritate,
1425 1891 1517 1950 videri
1533 1901 1620 1963 stare,
1644 1909 1721 1967 quae

357 1977 473 2055 tardius
496 1977 591 2051 oculo,
614 1981 643 2036 in
668 1980 843 2050 contrarium
864 1978 940 2052 ferri,
965 1995 1041 2055 quae
1065 1977 1196 2053 celerius,
1221 1996 1405 2055 praecurrere
1423 1976 1519 2039 oculo.
1565 1977 1647 2037 Haec
1670 1978 1719 2037 ille
1748 2028 1751 2033 .

357 2064 398 2124 ad
414 2067 554 2150 'verbum
601 2065 684 2140 Quae
707 2068 762 2124 etsi
784 2073 852 2125 sunt
867 2066 1087 2126 accommodata
1104 2066 1195 2125 rebus
1208 2064 1407 2142 popularibus.
1432 2066 1512 2125 verbi
1528 2082 1617 2124 causa
1632 2067 1718 2124 navi-

358 2155 417 2211 bus
441 2155 470 2211 in
493 2155 566 2213 mari
584 2154 770 2213 currentibus
793 2153 855 2232 (ubi
878 2153 955 2225 illae,
988 2170 1064 2230 quae
1087 2155 1136 2212 uui
1160 2171 1219 2211 una
1241 2157 1321 2212 enrrti
1345 2163 1422 2213 stare
1446 2152 1596 2226 videntur,
1628 2170 1718 2230 prop·
1765 2228 1768 2234 ⁴

356 2249 441 2299 terea
463 2241 506 2298 sic
528 2238 672 2314 sidentur,
696 2243 767 2314 quia
789 2243 951 2316 comparari
972 2249 1096 2318 possunt
1119 2239 1157 2299 ad
1179 2237 1332 2301 celeriores
1354 2247 1383 2301 et
1400 2241 1541 2321 tardiores
1564 2258 1622 2300 uua
1645 2258 1719 2300 eun-

358 2335 420 2398 tes,
446 2344 570 2403 quarum
593 2327 661 2386 illae
684 2328 818 2386 ridentur
840 2344 1040 2403 praecurrere,
1072 2330 1146 2388 istae
1168 2337 1245 2388 retro
1268 2326 1406 2408 moveri),
1440 2347 1498 2387 non
1522 2327 1598 2388 male
1621 2337 1720 2386 tanuen

358 2413 576 2474 accommodari
600 2421 724 2490 possunt
746 2417 833 2473 etiam
857 2415 894 2473 ad
910 2415 1173 2492 retrogradationes
1185 2416 1215 2473 in
1230 2419 1419 2477 astronomia.
1464 2415 1539 2493 Nam
1562 2416 1609 2475 bic
1632 2419 1721 2475 etiam

357 2500 453 2561 Terra
483 2518 548 2561 curn
578 2501 705 2578 planetis
734 2502 932 2578 superioribus
963 2507 1050 2562 currit
1077 2502 1200 2562 eandem
1229 2504 1323 2577 viam3
1354 2521 1477 2578 cumque
1501 2504 1631 2580 dispares
1653 2502 1722 2562 huic

358 2596 390 2647 et
413 2588 472 2647 illis
496 2591 553 2648 siut
577 2587 638 2648 dati
660 2588 770 2649 reditus
794 2599 823 2648 et
846 2591 958 2649 orbitae
981 2589 1124 2666 crrjusque
1149 2593 1177 2646 iu
1200 2608 1232 2650 se
1255 2592 1335 2666 ipsas
1357 2590 1493 2664 redeant,
1521 2591 1552 2650 fit
1576 2598 1609 2648 ut
1630 2589 1721 2650 Terra
1811 2585 1815 2589 ’

358 2693 427 2736 eum
450 2675 570 2752 planeta
592 2673 669 2736 nunc
692 2694 727 2737 ex
751 2677 853 2737 endam
877 2676 965 2753 plaga
988 2686 1099 2749 currat,
1124 2694 1200 2736 nunc
1223 2695 1259 2735 ex
1282 2681 1427 2754 opposita.

469 2775 535 2830 Cum
561 2775 644 2845 igitur
667 2791 702 2830 er
725 2776 820 2831 eadem
838 2776 920 2846 plaga
937 2784 1060 2830 currunt.
1086 2785 1118 2832 ut
1135 2776 1221 2830 Terra
1239 2777 1266 2830 iu
1286 2777 1324 2846 G,
1343 2775 1453 2846 planeta
1471 2776 1498 2830 in
1516 2776 1551 2843 K,
1569 2775 1616 2832 Sol
1633 2776 1658 2830 n
1676 2783 1720 2832 est

357 2855 470 2923 utrique
488 2855 515 2909 in
534 2857 616 2927 plaga
634 2857 737 2925 eadem,
757 2857 841 2912 etsie
859 2858 945 2912 Terra
963 2857 986 2911 G
1005 2858 1093 2911 medin
1111 2857 1182 2913 inter
1200 2859 1225 2912 E
1244 2858 1333 2913 Solem
1353 2865 1380 2912 ct
1397 2857 1422 2911 K
1441 2856 1590 2924 planetam,
1608 2858 1661 2911 hoc
1679 2864 1722 2911 est

357 2934 473 3004 planeta
490 2934 515 2987 K
534 2935 680 3003 opponitur
698 2934 755 2991 Soli
773 2936 815 3004 E,
839 2936 917 2989 nobis
936 2935 1040 2989 scilicet
1064 2936 1091 2989 in
1111 2935 1135 2988 G
1152 2936 1330 2991 semantiBus.
1366 2935 1418 2991 Hic
1436 2935 1519 3002 igitur
1537 2933 1631 2989 oculus
1650 2933 1677 2987 in
1696 2933 1720 2989 G

356 3010 476 3066 celerior
493 3019 536 3066 est
553 3012 664 3081 planeta
681 3012 709 3067 in
726 3013 761 3080 K,
779 3028 832 3066 non
851 3019 907 3067 tam
925 3013 996 3079 ideo,
1015 3014 1079 3082 quia
1098 3013 1187 3067 diurni
1205 3011 1322 3067 Telluris
1340 3012 1368 3066 in
1387 3014 1410 3068 G
1430 3013 1547 3081 maj0res
1566 3018 1630 3066 sunt
1648 3010 1719 3065 diur-

357 3090 401 3146 nis
419 3090 548 3160 planetae
565 3092 595 3146 in
614 3091 646 3155 K,
666 3106 747 3160 quam
765 3089 829 3162 quis
848 3090 875 3145 hi
894 3089 984 3145 diurni
1004 3093 1025 3143 G
1045 3099 1073 3146 et
1093 3091 1117 3145 li
1135 3105 1206 3160 pene
1225 3091 1338 3147 invicem
1358 3096 1422 3148 sunt
1434 3088 1556 3160 paralleli
1574 3088 1718 3144 hocloco:

356 3169 433 3224 nndc
451 3169 495 3237 tit,
519 3178 550 3224 ut
568 3170 682 3225 sisariae
701 3170 805 3238 lineae,
841 3186 911 3238 quae
928 3172 1058 3226 terminos
1075 3170 1259 3242 inaequalium
1278 3170 1503 3232 connectunt‚·ad
1521 3184 1551 3224 se
1568 3173 1664 3222 mutuo
1680 3167 1721 3222 irs·

357 3250 504 3318 elimentur,
522 3264 703 3304 concursuras
722 3264 805 3319 snpra
822 3248 970 3318 planetam.
1006 3251 1066 3305 Hoc
1084 3265 1148 3305 vero
1167 3257 1210 3306 est
1226 3249 1355 3310 indicium
1367 3247 1617 3318 retrogradationis.
1649 3241 1721 3318 ¹Vide

356 3327 550 3385 denonantur
567 3335 672 3396 partem
691 3326 753 3397 Opt
772 3344 789 3383 a
805 3328 853 3383 fol.
874 3330 925 3383 324
943 3329 971 3384 in
989 3329 1049 3385 334.
1087 3330 1130 3398 (11.
1148 3334 1200 3383 333
1219 3332 1262 3398 aa.)
1388 3331 1401 3340 “

449 3417 556 3493 Quoad
578 3421 721 3479 stationes
748 3428 778 3479 ot
800 3419 988 3481 directionem
1010 3424 1129 3481 axioma
1151 3420 1207 3482 boo
1230 3424 1360 3498 optinum
1388 3417 1600 3479 incommodius
1623 3416 1722 3495 appli-

359 3507 478 3565 cabitur
499 3505 538 3564 ad
560 3522 661 3565 cursus
684 3506 847 3567 circulares.
892 3507 994 3567 Posita
1017 3510 1093 3567 anim
1114 3507 1206 3567 Terra
1227 3512 1255 3567 in
1273 3509 1309 3581 A,
1332 3506 1452 3584 planeta
1475 3509 1504 3564 in
1522 3507 1557 3580 Ο,
1578 3507 1639 3578 jam
1661 3522 1721 3564 non

358 3601 431 3653 eunt
456 3595 533 3653 viam
557 3592 680 3653 eandem
702 3593 822 3670 planeta
845 3604 874 3654 et
898 3596 1014 3671 oculus,
1039 3598 1122 3655 utin
1146 3598 1292 3658 axiomata
1314 3594 1538 3674 supponendum
1561 3604 1638 3669 erat,
1668 3592 1721 3653 sed

357 3699 393 3741 ex
419 3684 564 3758 oppositis
586 3681 717 3758 partibus
740 3681 912 3741 circulorum
936 3684 992 3740 sibi
1015 3692 1116 3741 mutuo
1136 3685 1267 3755 obviant,
1291 3682 1383 3742 Terra
1404 3700 1456 3758 per
1473 3684 1550 3740 viam
1568 3682 1631 3754 AB,
1655 3679 1722 3759 pla·

356 3777 429 3827 neta
451 3785 505 3844 per
526 3768 603 3826 siam
627 3765 695 3842 ΟΡ,
729 3785 782 3828 nec
813 3786 940 3844 uuquam
965 3769 1126 3845 aequaliter
1156 3778 1311 3829 moventur
1339 3770 1458 3845 planeta
1482 3776 1511 3828 et
1533 3768 1638 3836 Terra,
1669 3765 1721 3827 sed

355 3871 475 3931 semper
497 3855 547 3913 illo
570 3853 690 3914 tardius.
737 3855 834 3930 Quare
857 3858 885 3913 iu
900 3856 956 3915 hac
970 3867 1061 3933 purte,
1085 3858 1175 3915 missa
1191 3845 1439 3916 demonstratione
1455 3855 1601 3932 populari,
1623 3863 1721 3913 bans-

356 3959 462 4002 eamns
485 3941 524 4000 ad
547 3944 781 4015 astronomicam,
805 3942 1014 4019 Gopernicauis
1036 3941 1249 4020 hypothesibus
1264 3946 1420 4020 propriam.
1467 3941 1616 4016 Quantum
1633 3943 1722 4015 igitar

355 4030 394 4089 ad
419 4031 574 4102 stationes,
598 4038 642 4088 est
666 4048 724 4088 una
746 4031 980 4106 suppositionum
997 4031 1150 4107 copernici
1172 4029 1248 4088 libro
1262 4029 1316 4088 IV.
1340 4029 1390 4088 iol.
1416 4029 1475 4087 331
1512 4037 1624 4104 etseq.
1650 4044 1721 4086 con-

355 4119 491 4189 tirmata,
530 4117 701 4176 diametrum
742 4119 819 4176 orbis
853 4119 950 4193 magni
986 4116 1124 4175 collatam
1153 4116 1191 4175 ad
1220 4109 1346 4175 fixarum
1373 4116 1516 4193 sphaerae
1547 4114 1721 4174 diametrum

353 4203 558 4265 insensibilem
586 4220 659 4263 essa
706 4204 800 4262 Multo
830 4208 924 4262 miuus
955 4207 1044 4279 igitur
1072 4204 1220 4263 sensibilis
1250 4206 1304 4264 erit
1333 4202 1475 4263 distantia
1505 4202 1720 4280 parallelorum,

356 4294 436 4351 circa
460 4292 497 4363 D,
520 4292 556 4365 T,
580 4308 656 4366 quac
678 4291 782 4349 saltem
806 4293 978 4368 particulam
1002 4293 1080 4350 orbis
1103 4294 1212 4368 magni,
1237 4291 1351 4351 scilicet
1373 4291 1493 4350 diurnos
1509 4308 1593 4350 arcus
1616 4305 1721 4349 eccen-

354 4382 454 4452 tricos,
479 4378 606 4439 Telluris
629 4378 666 4436 ad
683 4378 709 4436 D
734 4386 762 4437 et
785 4378 920 4454 planetae
936 4379 1014 4439 adT
1037 4378 1200 4439 includunt.
1246 4380 1323 4455 Ergo
1339 4378 1499 4455 parallelae
1512 4378 1582 4437 illae
1599 4378 1721 4438 eductas

355 4483 450 4543 usqne
474 4469 504 4524 iu
526 4466 600 4524 fixas
624 4468 652 4523 in
674 4466 752 4525 idem
775 4466 890 4525 illarum
913 4468 1004 4526 veluti
1029 4477 1175 4543 puuctum·
1190 4465 1369 4526 videbuntur
1392 4464 1534 4538 incidere,
1568 4473 1657 4541 atque
1680 4467 1722 4525 sic

355 4554 476 4631 planeta
503 4569 555 4629 per
578 4561 731 4627 utramque
754 4556 927 4611 visoriarum
956 4554 1088 4626 illarum,
1102 4595 1104 4600 -
1120 4555 1175 4614 hoc
1197 4561 1243 4613 est
1271 4562 1331 4613 tam
1354 4556 1384 4611 in
1406 4554 1550 4630 principio
1578 4570 1667 4628 quam
1690 4555 1721 4611 in

353 4641 409 4701 fine
433 4642 564 4716 srrscepti
588 4643 725 4715 temporis
749 4644 790 4697 tt
814 4640 948 4699 lrorarum
972 4641 1119 4700 videbitur
1141 4642 1243 4702 eodem
1265 4641 1333 4701 loco
1349 4640 1471 4701 lixarum
1486 4640 1616 4713 haerere,
1640 4641 1720 4717 quod

352 4738 396 4788 cst
418 4738 499 4788 stare
525 4727 571 4786 vel
594 4730 750 4812 stationem
772 4744 922 4804 peragere.
970 4728 1043 4786 Cum
1065 4731 1154 4805 igitur
1176 4746 1297 4789 necesse
1320 4731 1374 4801 sit,
1409 4729 1453 4787 bis
1476 4725 1537 4788 fieri
1560 4728 1720 4806 parallelas

354 4818 491 4889 vlsorias,
522 4821 640 4891 propter
663 4815 897 4890 conjunctionem
921 4822 950 4873 et
972 4818 1187 4891 separationem
1211 4816 1391 4876 omnifariam
1415 4815 1590 4879 currentium
1613 4832 1720 4891 corpo·

353 4921 415 4963 rum
439 4903 577 4981 planetae
601 4909 630 4960 et
652 4901 792 4974 Telluris,
824 4918 942 4961 necesse
966 4912 994 4961 et
1017 4903 1073 4963 hoe
1096 4905 1163 4974 crit,
1193 4912 1225 4963 nt
1247 4904 1367 4981 planeta
1389 4903 1506 4963 duobus
1528 4903 1601 4963 locis
1625 4920 1720 4980 appa·

353 4998 416 5051 reat
438 4989 638 5058 stationarius,
662 5006 738 5066 quae
761 4988 826 5048 loca
842 4988 917 5047 ultra
934 4989 1108 5064 quadratum
1124 4990 1202 5050 Solis
1224 4993 1366 5050 removeri
1386 4991 1450 5067 jam
1465 4979 1720 5051 demonstrabitur.

442 5077 488 5136 Do
513 5075 671 5135 directione
688 5084 716 5134 et
730 5074 979 5153 rcuogradationc
995 5080 1047 5137 sic
1092 5078 1224 5138 Primum
1238 5095 1358 5138 necesse
1374 5086 1428 5155 est,
1451 5080 1558 5155 positis.
1576 5079 1720 5153 luneque-

354 5165 390 5223 lis
413 5165 556 5240 temporie
577 5164 794 5223 reversionibus
817 5181 969 5239 corporum
992 5164 1118 5224 Telluris
1150 5174 1179 5225 ct
1201 5165 1351 5243 planctae,
1381 5169 1532 5243 utriusque
1559 5166 1589 5224 in
1614 5181 1720 5226 conse

355 5254 476 5330 quantia
498 5250 605 5326 euntis,
628 5251 775 5314 sectiones
799 5253 971 5314 visorisrum
994 5254 1166 5330 contingere
1189 5253 1366 5316 omnifariae.
