4459 6275
470 780 512 840 38
853 773 996 844 Epistulae
1014 775 1129 845 liepleri
1147 773 1317 861 aliorumque
1334 782 1447 831 mutuae

469 954 565 1014 mibus
589 953 750 1030 eclipsibus
772 960 858 1011 exeat
882 970 900 1012 a
921 950 1009 1027 Sole,
1039 953 1095 1010 uisi
1120 959 1218 1012 tamen
1242 953 1465 1015 observationes
1488 957 1517 1012 in
1540 954 1629 1033 eulpa
1651 958 1727 1030 sint,
1757 970 1839 1030 qua·
1911 970 1920 984 ·

470 1058 534 1101 rum
563 1041 682 1118 quidem
713 1040 949 1100 circumstantias
982 1041 1118 1099 examino
1150 1039 1305 1116 diligenter
1334 1042 1469 1117 adeoque
1499 1050 1529 1102 et
1558 1043 1702 1102 taediose.
1755 1040 1838 1100 lllnd

470 1129 558 1190 etlam
581 1132 736 1205 protritum
755 1129 818 1205 jam
841 1136 895 1198 est,
919 1128 957 1186 ob
982 1126 1101 1186 easdem
1125 1144 1231 1187 causas
1255 1130 1390 1207 opticas,
1405 1128 1457 1189 sed
1480 1133 1595 1207 generis
1619 1129 1752 1203 alterius,
1775 1130 1839 1205 aci·

470 1216 541 1277 licet
564 1220 601 1276 ub
627 1219 738 1276 variam
763 1215 986 1293 dispositionem
1010 1216 1099 1290 airis,
1133 1218 1183 1291 qui
1207 1215 1289 1274 susus
1313 1225 1358 1275 est
1379 1218 1457 1277 elica
1479 1217 1615 1291 Terram,
1647 1215 1839 1277 durationem

470 1321 571 1367 morae
602 1307 631 1363 in
668 1305 795 1364 tenebris
825 1321 884 1361 nou
917 1302 1092 1378 respondere
1127 1302 1250 1362 calculo.
1296 1302 1366 1362 Jam
1400 1305 1491 1364 habes
1519 1304 1608 1380 hujus
1639 1307 1682 1363 rei
1714 1313 1840 1381 gustum

469 1393 544 1451 libro
569 1392 622 1451 Vl.
648 1392 809 1468 Epitomes.
856 1391 992 1465 Denique
1015 1390 1071 1448 hoc
1095 1406 1151 1466 ego
1176 1393 1195 1447 4
1219 1390 1267 1449 vel
1292 1391 1310 1448 5
1331 1390 1489 1467 eclipsibus
1511 1391 1626 1453 reddidi
1649 1391 1839 1451 demonstra·

472 1483 626 1551 tissimum,
650 1485 781 1537 umbram
797 1477 906 1536 Terrae
930 1476 1044 1552 aliquot
1067 1476 1213 1552 scrupulis
1236 1477 1321 1536 aliter
1343 1496 1362 1536 a
1381 1478 1583 1550 habitatare,
1606 1497 1697 1555 quem
1713 1479 1840 1558 Tycbo-

472 1569 555 1626 uicus
577 1566 655 1626 Solis
679 1565 810 1627 calculus
834 1567 896 1638 sert,
919 1564 1008 1640 idque
1033 1582 1111 1623 uune
1134 1567 1163 1621 in
1186 1563 1262 1625 hauc
1285 1559 1417 1642 plagam,
1442 1568 1571 1626 nuncin
1594 1565 1689 1641 illam,
1712 1567 1839 1644 perinde

471 1673 507 1715 ae
530 1657 556 1713 si
579 1663 677 1714 motus
700 1653 829 1713 Telluris
852 1671 904 1728 per
926 1654 1054 1728 spatium
1078 1652 1244 1712 aethereum
1275 1653 1394 1712 vacillet
1422 1651 1614 1732 (germanicar
1639 1652 1776 1734 libutius)
1800 1655 1840 1714 ob

470 1759 578 1802 causas
599 1741 715 1817 aliquas
738 1741 887 1818 physicas.
933 1738 1000 1812 Quo
1023 1742 1119 1798 minus
1143 1748 1242 1798 autem
1272 1739 1328 1798 hoc
1357 1744 1386 1797 in
1410 1751 1492 1800 motu
1519 1760 1618 1800 annun
1634 1741 1765 1802 Telluris
1790 1741 1840 1802 val

470 1829 548 1890 Solis
578 1833 679 1901 mirer,
723 1829 794 1887 iacit
824 1827 1033 1902 contemplatio
1065 1835 1226 1885 ceterorum
1258 1826 1456 1903 planetarum,
1499 1831 1672 1905 praesertim
1702 1828 1839 1889 Saturni.

471 1917 548 1977 Nam
571 1919 596 1975 si
620 1915 658 1973 ad
682 1915 845 1975 Ptolemaei
870 1925 1003 1990 tempora
1036 1915 1251 1972 constituantur
1281 1915 1412 1991 epochae
1436 1933 1472 1976 ex
1495 1917 1756 1976 observationibus
1778 1915 1839 1976 Sa·

471 2007 549 2065 turni
571 2003 762 2063 Ptolemaicis
786 2001 824 2061 ad
857 2011 957 2060 uestra
987 2019 1023 2059 err
1054 2001 1311 2060 obseruationibus
1344 2002 1468 2076 Brahei,
1497 2012 1625 2080 emerget
1647 2013 1746 2066 urotus
1770 2022 1839 2064 me·

471 2092 554 2165 dius,
587 2093 637 2167 qui
666 2092 889 2149 observationes
919 2088 1146 2163 Regiomontani
1178 2098 1208 2146 et
1238 2087 1381 2147 Waltherl
1411 2108 1597 2168 nequaquam
1624 2101 1840 2170 repraesentat.

470 2172 574 2256 licque
597 2179 654 2237 hoc
677 2178 710 2235 tir
733 2186 867 2255 respectu
890 2178 1031 2252 apogaei:
1066 2193 1134 2233 nam
1164 2168 1386 2235 observationes
1411 2177 1570 2249 Waltheri,
1605 2182 1729 2239 seorsim
1755 2188 1840 2239 trac-

471 2274 562 2336 tatae,
587 2265 657 2324 daut
681 2282 847 2342 apogaeum
869 2262 1040 2342 (aphelinm)
1065 2280 1124 2320 non
1147 2261 1235 2320 valde
1256 2261 1431 2323 dissentiens
1454 2267 1492 2324 ab
1515 2266 1654 2343 analogia
1670 2275 1840 2344 temporum

470 2352 709 2432 praecedentium
732 2362 761 2412 ct
785 2360 1023 2421 consecutorum,
1047 2367 1101 2409 nec
1125 2349 1218 2408 multo
1241 2348 1330 2408 uliam
1353 2356 1615 2429 eccentricitatem3
1645 2365 1676 2412 at
1700 2357 1733 2418 lu
1754 2362 1841 2414 motu

463 2441 569 2517 ¹medio
591 2449 707 2500 mutant
729 2459 754 2498 a
779 2439 832 2499 40¹
855 2456 908 2514 per
930 2447 1025 2497 totum
1047 2439 1201 2497 circuitum
1224 2435 1343 2496 Saturni
1367 2441 1395 2496 in
1418 2441 1538 2517 plagam
1561 2441 1694 2502 eandena
1746 2441 1836 2518 Quae

471 2547 518 2590 res
546 2546 593 2587 me
623 2529 881 2588 consideratiorem
912 2524 1009 2584 reddit
1043 2527 1120 2583 circa
1150 2541 1303 2583 censuram
1334 2526 1573 2587 observationum
1602 2529 1772 2590 Ptolemaei
1806 2532 1839 2589 iu

472 2618 678 2694 aequinoctiis,
702 2623 743 2688 ut,
768 2615 903 2691 quamtis
927 2614 1036 2688 ingenti
1061 2630 1126 2670 cum
1150 2613 1297 2688 applausu
1321 2611 1440 2688 legerim
1457 2618 1486 2673 iu
1502 2618 1691 2675 ¹istronomia
1707 2617 1839 2689 Dauica,

473 2706 695 2765 observationes
710 2703 875 2763 Ptolemaei
898 2709 1051 2776 suspectas
1073 2699 1175 2759 haberi
1192 2701 1269 2759 circa
1284 2698 1360 2758 diem
1382 2706 1570 2778 aequinoctii,
1594 2706 1733 2780 quamvis
1748 2707 1841 2765 etiarn

472 2793 624 2870 Epitomes
649 2792 722 2850 libro
745 2791 815 2849 Vll.
840 2791 1021 2852 occasiones,
1036 2790 1242 2863 quaesiverim,
1266 2787 1373 2862 quibus
1398 2788 1494 2867 decipi
1515 2790 1705 2852 Ptolemaeus
1729 2803 1842 2868 potue·

472 2882 519 2954 rit,
543 2896 617 2955 quas
640 2881 813 2939 occasiones
835 2880 924 2934 etiam
948 2893 1008 2934 uua
1030 2875 1117 2933 lectio
1141 2874 1293 2934 Censorini
1324 2876 1476 2935 coufirmat
1499 2879 1637 2951 mirifice,
1661 2890 1777 2952 nmen,
1802 2899 1840 2940 cx

472 2984 530 3045 qno
554 2968 672 3026 Saturni
696 2967 825 3044 epochas
848 2962 887 3022 ad
911 2964 1028 3021 diversa
1051 2962 1153 3020 secula
1176 2962 1365 3038 contemplor,
1390 2967 1502 3023 cautior
1516 2966 1584 3024 liant
1607 2976 1636 3026 et
1659 2969 1689 3024 in
1705 2984 1841 3042 arguen-

472 3053 517 3114 dis
540 3052 797 3113 ohservatiouibus
819 3049 1009 3110 Ptolemaicis
1032 3047 1170 3108 timidior.
1216 3050 1283 3109 Nou
1307 3067 1341 3109 eo
1358 3051 1476 3126 quidem
1501 3069 1593 3130 nsque
1617 3053 1842 3131 procedendum

472 3149 559 3219 puto,
579 3151 623 3199 rut
645 3144 738 3200 motui
762 3138 841 3199 Solis
874 3140 930 3197 suh
953 3138 1019 3195 fixis
1051 3135 1090 3195 ad
1112 3136 1276 3198 Ptolemaei
1310 3147 1442 3214 tempora
1470 3158 1606 3201 censeam
1638 3142 1843 3218 adjiciendum

473 3247 563 3288 nuum
587 3227 710 3302 gradum
741 3237 823 3286 extra
852 3225 993 3284 ordinem.
1040 3223 1119 3282 Satis
1150 3225 1224 3284 bene
1253 3226 1411 3286 concordat
1438 3238 1535 3287 motus
1557 3228 1636 3288 Solis
1659 3229 1778 3290 medius
1812 3241 1843 3292 et

473 3333 560 3377 verus
589 3319 617 3372 in
641 3315 768 3391 planetis
799 3317 903 3373 ceteris
933 3311 970 3371 ad
1003 3311 1054 3369 illa
1076 3320 1221 3390 tempora,
1253 3322 1284 3372 at
1306 3331 1392 3373 axem
1415 3314 1555 3388 Telluris,
1587 3320 1637 3393 qui
1670 3326 1753 3376 motu
1785 3335 1842 3378 suo

474 3405 710 3481 praecessionem
734 3402 985 3482 aequinoctiorum
1016 3407 1168 3471 causatur,
1194 3402 1294 3477 Jurare
1317 3401 1407 3460 nolim
1431 3402 1574 3463 interdum
1605 3404 1697 3464 veluti
1722 3403 1843 3466 saltua-

475 3494 527 3551 tim
551 3493 699 3567 torqueri,
730 3494 785 3549 etsi
808 3498 922 3565 praeter
944 3488 1000 3545 hoc
1023 3485 1188 3547 Ptolemaei
1211 3488 1342 3547 seculum
1372 3490 1484 3548 nullum
1508 3502 1568 3563 est,
1597 3510 1633 3551 er
1665 3492 1752 3568 eujus
1775 3513 1842 3554 me-

477 3579 571 3638 uroria
594 3580 710 3653 possint
732 3578 820 3652 hujus
844 3579 884 3635 rei
907 3584 1079 3650 argumenta
1103 3574 1239 3644 derivari,
1263 3585 1296 3633 nt
1318 3578 1399 3632 innui
1422 3576 1496 3635 libro
1520 3578 1589 3637 Vll.
1614 3580 1778 3655 Epitomes.

562 3665 714 3724 Hactenus
738 3668 827 3740 igitur
849 3664 885 3723 dc
902 3663 1066 3721 Luuanbus
1090 3663 1259 3737 eclipsibus.
1305 3658 1353 3721 De
1375 3662 1527 3734 Solaribus
1549 3669 1646 3723 ausim
1669 3667 1730 3726 lare
1753 3669 1844 3743 plura

475 3761 504 3812 et
527 3755 726 3812 constantiore
748 3752 890 3829 polliceri,
914 3758 946 3809 ut
969 3747 1053 3808 rides
1076 3766 1111 3807 ex
1136 3750 1332 3825 descriptione
1355 3751 1507 3825 eclipsium
1521 3752 1600 3811 Solis
1623 3755 1662 3812 ab
1687 3759 1774 3815 anuis
1791 3759 1845 3827 80,

475 3842 561 3917 cnjus
592 3840 741 3915 exemplar
771 3840 878 3897 habes:
914 3841 969 3895 nisi
1001 3855 1047 3894 me
1078 3854 1137 3895 una
1168 3836 1284 3911 eclipsis
1317 3840 1385 3894 anni
1413 3841 1493 3896 1614
1524 3840 1682 3899 sollicitum
1716 3852 1844 3916 teneret,

476 3944 553 4004 quae
577 3928 694 3986 ridetur
716 3926 807 4005 paulo
831 3928 978 3984 enormius
1007 3926 1185 4000 anticipasse
1209 3932 1323 4001 tempus
1346 3923 1461 3983 calculi.
1506 3925 1610 3986 Nullas
1639 3933 1760 3988 omnino
1786 3934 1846 3991 ob·

475 4018 658 4075 servationes
682 4019 796 4085 omitto,
820 4032 894 4088 quas
917 4013 1025 4071 hahere
1048 4014 1132 4088 potui
1156 4029 1192 4070 ex
1215 4013 1439 4086 quibuscunque
1462 4012 1543 4075 locis.
1590 4013 1669 4088 Quin
1691 4029 1762 4075 sunt
1785 4020 1847 4077 ali·

478 4121 555 4179 quae
580 4106 608 4160 in
634 4105 651 4160 5
676 4113 726 4161 aut
751 4106 770 4160 6
794 4100 867 4159 locis
891 4102 1074 4171 obscuratae,
1099 4116 1173 4174 quas
1198 4116 1299 4157 omnes
1323 4100 1544 4172 obseruationes
1560 4106 1706 4162 examino.
1753 4105 1847 4167 Hunc

480 4190 612 4249 llbelluur
648 4193 739 4248 statui
774 4203 885 4267 partem
916 4189 1010 4246 lacere
1044 4186 1275 4262 Hipparchi,
1312 4197 1379 4243 ante
1412 4190 1455 4244 20
1488 4205 1581 4246 anuos
1613 4194 1751 4265 promissi
1787 4205 1845 4253 etc.

480 4289 620 4345 (sequena
641 4287 759 4344 tenatur
785 4283 834 4331 aar.
855 4284 896 4329 tu.
920 4297 944 4343 p.
965 4278 1033 4331 aral.
1082 4275 1127 4332 De
1149 4274 1254 4331 turnus
1277 4272 1436 4348 eclipsibus
1457 4275 1588 4350 polliceri
1612 4278 1685 4337 nihil
1703 4298 1848 4360 possum,

478 4383 536 4425 uon
561 4374 604 4425 est
629 4378 740 4433 tarnen,
773 4380 824 4420 cur
846 4371 983 4439 suspecta
1005 4363 1058 4419 tihi
1081 4364 1120 4419 sit
1144 4360 1216 4418 tides
1239 4360 1409 4436 hypothesis
1433 4366 1594 4436 praesentis
1617 4382 1653 4424 ex
1677 4384 1728 4438 eo,
1760 4370 1846 4443 quod

476 4470 540 4514 esur
563 4452 693 4511 noudum
716 4450 810 4510 habes
833 4449 993 4525 publicam.
1037 4449 1165 4506 Tantum
1190 4450 1265 4505 euim
1286 4448 1349 4521 jam
1371 4448 1464 4506 habes
1480 4453 1510 4506 in
1527 4451 1670 4527 exemplo.
1695 4464 1728 4512 ut
1742 4455 1846 4532 hypo·

478 4539 579 4609 thesis,
604 4557 682 4615 quae
704 4555 782 4595 nunc
805 4549 849 4595 est
874 4540 901 4593 in
926 4537 1042 4607 chartis,
1066 4540 1090 4593 si
1114 4534 1233 4610 quaudo
1256 4535 1404 4610 prodierit,
1429 4553 1464 4593 er
1488 4555 1523 4595 co
1546 4545 1667 4612 agnosci
1690 4548 1798 4617 poesia

567 4630 629 4696 Ais,
654 4639 682 4685 tc
707 4626 913 4684 contabescere
937 4622 1081 4682 desiderio
1106 4621 1368 4699 Rudolphinarnm.
1414 4622 1497 4681 Scias
1515 4628 1613 4699 igitur,
1633 4628 1696 4703 jam
1720 4647 1739 4687 e
1764 4631 1847 4691 duo-

478 4718 533 4776 bus
557 4715 707 4774 mensibus
737 4731 783 4770 me
805 4730 858 4789 per
878 4710 1009 4770 libellum
1038 4710 1201 4785 supplicem
1226 4709 1254 4766 id
1278 4727 1380 4784 agere,
1411 4721 1459 4781 ut,
1490 4715 1560 4786 quia
1589 4724 1657 4772 suut
1685 4733 1722 4773 eo
1746 4734 1846 4794 usque

483 4803 647 4863 absolutae.
672 4810 704 4858 ut
727 4800 773 4859 edi
797 4802 911 4875 possint
932 4815 980 4855 me
1002 4806 1165 4872 praesente.
1190 4796 1300 4855 Caesar
1321 4799 1410 4872 igitur
1435 4797 1481 4855 rel
1505 4799 1541 4857 de
1564 4818 1618 4858 suo
1641 4803 1690 4861 vel
1714 4804 1751 4861 de
1775 4824 1847 4867 meo

482 4891 583 4950 debito
606 4898 719 4946 sumtus
743 4886 928 4963 suppeditet,
952 4884 1014 4956 vel,
1038 4900 1115 4957 quae
1139 4887 1224 4941 tertia
1247 4882 1376 4941 conditio
1399 4884 1573 4944 consiliariis
1602 4891 1632 4944 in
1654 4908 1742 4949 aures
1767 4893 1848 4954 dici-

479 4986 535 5049 tnr,
567 4977 694 5035 dimittat
724 4991 771 5033 me
800 4974 838 5031 ad
867 4973 998 5047 aliquem
1027 4973 1187 5045 principem
1211 4969 1387 5029 Germaniae
1422 4982 1472 5028 aut
1500 4973 1539 5031 ad
1569 4974 1702 5051 aliquam
1736 4982 1847 5042 urbam

479 5064 672 5141 imperialem.
706 5062 743 5119 ad
766 5059 895 5120 edendas
919 5069 948 5118 et
971 5058 1089 5116 tabulas
1119 5067 1148 5115 et
1171 5058 1393 5117 observationes
1417 5058 1589 5120 Braheauaa
1611 5073 1642 5122 et
1663 5066 1845 5141 Epheureri·

480 5150 541 5210 des
586 5150 672 5226 Quod
696 5166 766 5208 vero
790 5149 945 5225 Epitomen
970 5147 1137 5221 seposuisti,
1161 5145 1347 5222 usquedum
1369 5145 1489 5204 tabulas
1512 5149 1632 5218 habeas,
1664 5152 1694 5210 ld
1717 5172 1844 5219 necem

480 5254 539 5298 nou
560 5249 640 5314 erat,
663 5238 814 5315 llpitomes
836 5238 914 5296 anim
937 5243 1095 5312 praecepta
1117 5243 1236 5293 manent
1257 5233 1399 5310 pleraque
1421 5247 1607 5315 possuntque
1622 5246 1754 5305 mecei
1773 5248 1845 5308 eine
