4459 6275
687 766 828 838 Epitonres
847 767 1038 827 Astronomieo
1060 767 1146 825 iiber
1163 767 1274 825 Sosim
1308 769 1377 825 Pers
1395 768 1529 826 Secunda.
1728 777 1795 840 489

433 952 466 1011 3.
490 949 545 1008 Est
565 953 596 1009 et
617 964 708 1009 cause
729 947 910 1022 mechanica,
933 947 1054 1008 theoriis
1076 943 1165 1027 (quae
1187 949 1381 1009 iuebumeute
1400 955 1470 1008 suut
1492 948 1654 1010 ocularium
1677 949 1800 1011 demon·

434 1032 622 1114 strationem)
651 1037 776 1113 propria.
828 1034 903 1096 Nam
938 1032 1086 1097 delineata
1116 1033 1236 1095 Saturni
1265 1035 1378 1107 theoria
1411 1042 1442 1096 et
1473 1035 1694 1098 accommodato
1728 1039 1799 1099 orbe

434 1140 554 1201 magno,
577 1128 690 1182 tautum
713 1123 833 1182 interest
853 1124 956 1201 spatii,
986 1129 1019 1181 ut
1040 1124 1070 1181 in
1092 1138 1129 1182 eo
1152 1124 1242 1184 etiam
1263 1121 1353 1183 Jovis
1376 1128 1407 1183 et
1428 1121 1534 1184 Martis
1567 1125 1721 1184 eccentrici
1745 1125 1799 1186 de·

433 1211 524 1273 scribi
547 1209 683 1288 idemque
706 1210 842 1269 omnibus
865 1212 958 1271 tribus
981 1209 1069 1284 orbis,
1092 1211 1210 1271 nomine
1234 1217 1265 1270 et
1286 1225 1342 1269 usu
1364 1227 1497 1288 magnius,
1525 1213 1688 1287 quantitate
1710 1215 1799 1270 mini·

433 1317 510 1371 mue,
532 1298 643 1359 servire
663 1300 776 1374 possit3
799 1298 841 1357 sio
864 1299 972 1376 scripto
996 1299 1157 1358 ecceutrioo
1180 1296 1319 1358 Mercurii
1347 1299 1425 1357 circe
1447 1296 1546 1358 Solem
1577 1306 1608 1357 et
1629 1315 1798 1361 accommo-

434 1386 507 1448 dato
535 1385 564 1444 ei
595 1385 665 1446 orbe
693 1401 800 1461 magno
829 1387 896 1462 (qui
925 1391 1062 1462 respectu
1091 1384 1261 1445 interiorum
1291 1385 1380 1446 etiam
1410 1400 1441 1443 re
1471 1384 1537 1463 ipsa
1564 1401 1689 1461 magnus
1712 1385 1798 1462 cluet,

433 1476 545 1553 quippe
567 1471 661 1548 majqr
683 1474 834 1549 utriusque
858 1472 985 1547 orbitis),
1008 1478 1099 1532 restat
1121 1473 1210 1533 etiam
1232 1470 1403 1534 commodus
1424 1469 1508 1532 locus
1523 1475 1684 1533 eccentrico
1700 1473 1799 1535 Verre-

434 1564 476 1621 rie
500 1561 575 1621 iuter
598 1566 753 1636 utrumque
776 1557 980 1622 describendo.
1024 1557 1090 1621 Hac
1112 1557 1148 1619 de
1172 1577 1263 1621 cauea
1286 1566 1384 1639 potest
1403 1558 1491 1619 etiam
1515 1575 1566 1638 pro
1590 1560 1725 1619 omnibus
1747 1578 1799 1621 sex

435 1649 581 1728 primariis
603 1646 665 1706 lieri
687 1664 746 1706 una
769 1647 835 1706 sola
857 1646 979 1721 theoria,
1003 1655 1142 1706 constans
1163 1665 1216 1706 sex
1239 1647 1351 1720 orbitis,
1376 1647 1472 1705 minoe
1495 1646 1798 1722 qrridem'commode,

435 1736 535 1813 quoad
559 1733 767 1809 mechanicam,
792 1735 885 1812 megia
906 1743 1006 1794 tamen
1029 1735 1144 1813 proprie
1167 1733 1206 1793 od
1228 1736 1387 1811 genuinum
1414 1733 1564 1812 exemplar
1584 1736 1676 1813 ipsius
1699 1734 1799 1794 mundi

434 1823 563 1885 mobilis.

524 1926 667 1999 Recenee,
694 1942 773 2001 qnae
793 1932 934 1984 motorum
956 1927 1158 2001 apparentiae
1177 1927 1298 2004 saciant
1325 1931 1385 1984 trae
1410 1926 1588 2002 asperiora.
1638 1925 1664 1984 i.
1694 1922 1795 1983 ldotue

434 2016 614 2076 ccoeutriooe
644 2014 730 2072 trium
756 2014 939 2090 superiorum
967 2013 997 2070 in
1029 2010 1163 2088 lengum,
1192 2011 1296 2089 quales
1327 2010 1466 2088 descripti
1489 2018 1558 2070 suut
1586 2009 1660 2070 libro
1683 2012 1797 2086 quinto,

435 2104 591 2162 inveniunt
605 2101 765 2161 asuouomi
779 2098 954 2160 concordare
970 2114 1036 2159 cum
1053 2100 1310 2162 observationibus
1328 2114 1381 2160 seu
1397 2100 1578 2176 apparentils
1594 2097 1799 2157 tantummodo

435 2193 464 2248 in
488 2192 605 2268 punctis
628 2205 761 2271 veramm
785 2188 1001 2265 oppositionum
1025 2187 1168 2263 enjusqua
1191 2204 1258 2248 cnm
1279 2185 1366 2260 Sole,
1398 2186 1537 2265 dispersis
1559 2203 1611 2263 per
1633 2184 1798 2246 zodiacum.

525 2290 726 2356 luminemus,
748 2286 840 2356 posito
857 2284 967 2356 planete
984 2286 1012 2340 in
1032 2285 1068 2353 Q,
1092 2285 1169 2342 locas

434 2370 497 2439 ejus
516 2368 683 2435 eccentpims
700 2366 752 2421 snb
769 2364 833 2420 lixis
850 2365 902 2419 erit
914 2364 948 2432 D,
966 2365 1018 2419 etei
1036 2378 1100 2420 vero
1111 2378 1170 2419 see·

434 2450 498 2521 pius
515 2448 625 2518 planete
643 2445 732 2501 seumt
748 2443 777 2497 in
796 2443 834 2511 Q,
859 2457 998 2512 nunqnam
1017 2449 1109 2497 temen
1133 2457 1168 2497 ex

435 2527 522 2583 Terra
539 2529 654 2595 apparet
672 2524 722 2578 sub
735 2523 768 2587 Ι),
786 2523 838 2577 uisi
856 2530 969 2590 mutum,
988 2521 1012 2577 si
1030 2521 1115 2575 Terre
1133 2521 1169 2574 si-

436 2605 491 2661 mul
514 2602 551 2659 sit
569 2604 596 2656 iu
614 2600 650 2669 T,
669 2609 771 2673 puncto
797 2600 887 2656 lineae
905 2597 962 2667 SQ;
984 2599 1026 2653 sic
1043 2605 1074 2655 ut
1092 2614 1127 2654 ex
1144 2598 1168 2653 T

435 2682 522 2738 Terra
545 2679 722 2751 specteturS
750 2680 795 2735 Sol
820 2688 848 2735 et
870 2678 894 2746 Q
917 2677 1027 2748 planeta
1051 2677 1080 2734 in
1102 2676 1169 2732 locis
1271 2736 1274 2745 ,

435 2759 570 2832 oppositis
590 2758 619 2828 C,
637 2758 671 2813 b.

503 2854 533 2911 i.
557 2849 658 2910 llotus
677 2867 747 2911 vero
771 2849 903 2909 visibiles
925 2865 978 2909 seu
995 2854 1169 2927 apparentes

435 2934 1170 3015 triumsuperiommextiaoppositiouumarticulos
1248 2944 1252 2951 ’

435 3026 626 3087 diversissimi
650 3026 771 3085 suntab
795 3024 861 3099 illis,
885 3025 1018 3100 quisunt
1038 3021 1115 3083 libro
1131 3022 1169 3085 V.

434 3113 545 3176 traditi.
590 3110 665 3172 Nam
687 3114 712 3171 si
735 3114 884 3193 capiamus
900 3112 1098 3170 instrumentis
1122 3109 1168 3170 di-

434 3203 561 3263 etantias
576 3200 757 3279 planetamm
779 3219 797 3259 a
819 3199 884 3258 fixis
908 3216 998 3277 prope
1013 3196 1167 3259 zodiacum

434 3290 583 3351 coutinuis
611 3288 761 3362 noctibus,
792 3288 995 3364 explorantes,
1025 3294 1168 3362 quantum

434 3377 561 3455 quilibet
575 3385 747 3453 promoveat
764 3376 870 3452 quevis
893 3382 1022 3453 tempore
1046 3375 1084 3433 ab
1109 3391 1169 3435 una
1739 3429 1743 3440 ,

433 3473 522 3525 nocte
544 3462 582 3523 ad
605 3463 707 3536 aliam,
730 3472 800 3522 tuuc
821 3463 985 3523 invenimus
1009 3475 1060 3521 eos
1082 3469 1165 3523 tauto
1187 3466 1247 3528 lere
1272 3465 1433 3527 velociores
1455 3464 1493 3525 ad
1516 3464 1649 3541 oculum,
1680 3472 1792 3544 quanto

434 3552 510 3614 dunt
531 3552 681 3630 propiores
696 3549 760 3611 Soli
785 3565 884 3612 versus
908 3550 1088 3628 vespertinas
1102 3554 1323 3628 occultationes,
1347 3559 1400 3613 aut
1421 3560 1532 3630 quanto
1547 3556 1644 3614 minus
1666 3555 1800 3615 exiemnt

434 3659 453 3700 a
476 3637 567 3700 radiis
589 3636 666 3698 Solis
689 3646 757 3714 post
779 3639 938 3698 matutinas
960 3639 1153 3714 emersioues,
1178 3650 1264 3703 tante
1285 3641 1413 3701 vicissim
1435 3640 1592 3713 tardiores,
1614 3648 1725 3718 quanto
1747 3657 1796 3700 re·

435 3729 575 3786 metiores
598 3743 616 3784 a
638 3722 726 3800 Sole,
760 3725 835 3784 adeo
858 3731 889 3783 ut
913 3722 1030 3783 tandem
1054 3724 1126 3784 liant
1149 3728 1235 3807 plane
1258 3728 1424 3789 stationarii
1446 3726 1484 3788 ad
1508 3730 1621 3803 vbum,
1653 3727 1797 3788 Saturnus

435 3812 556 3892 quidem
578 3814 652 3873 iuter
675 3810 865 3889 quadrantem
889 3820 919 3870 et
940 3807 1074 3872 trieut'cm
1095 3815 1196 3875 manli
1218 3824 1287 3877 aute
1303 3825 1333 3876 et
1347 3823 1415 3895 post
1428 3813 1538 3888 Solem,
1560 3813 1679 3893 Jupiter
1692 3815 1797 3874 triente

434 3923 456 3963 a
478 3900 547 3961 Sole
570 3902 711 3977 praecise,
733 3897 814 3960 Mare
836 3897 913 3959 ultra
936 3899 1088 3974 trientem,
1111 3902 1224 3964 scilicet
1247 3904 1339 3964 uibus
1362 3904 1477 3963 oomnis
1498 3910 1529 3963 et
1550 3900 1665 3962 duabus
1688 3901 1797 3978 qnietis

434 3988 570 4067 partibus
597 3986 695 4048 circuli
722 3994 792 4048 aute
824 3993 853 4046 et
884 3992 951 4062 post
971 3984 1080 4045 Solem.
1124 3989 1205 4049 Inter
1235 3989 1287 4049 illa
1318 3996 1427 4067 puncta
1454 4006 1557 4050 versus
1581 3989 1797 4066 oppositionem

435 4094 504 4140 com
525 4073 595 4136 Sole
616 4073 689 4135 liunt
712 4074 799 4152 plane
820 4069 997 4148 retrogradi,
1027 4080 1057 4133 et
1083 4075 1112 4132 in
1135 4075 1192 4136 hoc
1218 4084 1301 4136 motu
1326 4068 1705 4153 retrogrado‘velocteeimi
1729 4083 1798 4135 eunt

436 4166 465 4223 iu
489 4162 598 4234 medio,
619 4163 696 4222 cirea
718 4166 812 4241 ipsam
834 4161 1049 4237 oppositionem
1079 4163 1108 4222 in
1131 4162 1296 4242 acrouycho
1324 4166 1393 4224 situ.
1438 4164 1477 4224 Et
1498 4162 1641 4223 Setumus
1668 4161 1796 4239 quidem,

436 4250 558 4331 planeta
580 4248 739 4311 altissimus
762 4254 791 4310 et
814 4247 1012 4321 tardissimus,
1042 4249 1071 4306 in
1091 4253 1256 4312 eceentrico
1287 4249 1385 4329 plures
1411 4253 1554 4312 stationes
1582 4250 1687 4324 babet,
1716 4248 1798 4309 Mars

436 4337 620 4400 bumillimue
641 4344 671 4398 et
693 4336 896 4398 velocissimus
918 4336 1081 4411 pauciores,
1103 4336 1233 4416 Jupiter,
1256 4356 1310 4417 pro
1325 4355 1380 4398 sua
1394 4337 1604 4412 mediocritate,
1626 4336 1798 4398 medlocree

437 4426 591 4498 Vicissim,
620 4426 800 4501 utquisque
823 4422 908 4482 altior
932 4429 959 4481 et
983 4440 1001 4481 a
1022 4421 1092 4484 Sole
1115 4427 1254 4486 remotior
1279 4424 1324 4485 vel
1347 4443 1379 4485 se
1403 4426 1466 4502 ipso
1495 4425 1544 4486 vel
1571 4423 1631 4486 alio
1653 4423 1798 4498 interiore,

436 4516 480 4576 sic
511 4512 620 4572 diutius
648 4509 872 4591 deprehenditm
900 4526 1017 4570 manere
1046 4513 1251 4594 retrogradus,
1285 4512 1429 4572 Saturnus
1461 4511 1738 4590 retrogradationem
1768 4514 1798 4570 iu

437 4604 574 4679 quintum
602 4616 731 4659 mensem
759 4596 917 4675 protrahit,
947 4595 1065 4675 Jupiter
1098 4607 1225 4678 quatuor
1247 4616 1362 4660 menses
1385 4607 1525 4678 occupat,
1555 4599 1637 4660 Mars
1668 4608 1726 4660 tres
1749 4597 1797 4659 vel

437 4690 523 4763 duos,
548 4704 613 4747 cum
636 4694 731 4746 tamen
753 4703 769 4744 e
792 4686 935 4744 contrario
958 4685 1107 4746 minimum
1132 4704 1232 4749 areum
1254 4686 1406 4765 eclipticas
1429 4693 1554 4765 pererret
1576 4687 1662 4746 trium
1684 4686 1798 4746 altissi-

436 4794 503 4838 mus
526 4782 688 4834 retrocessa
710 4790 774 4846 eoo,
798 4772 1157 4850 maximumbumillimue,
1181 4783 1212 4834 at
1226 4774 1425 4834 diversissima
1440 4774 1552 4836 tatione
1570 4791 1645 4834 unus
1661 4782 1690 4834 et
1706 4772 1793 4847 idem,

437 4865 527 4926 altior
550 4859 668 4939 quidem
689 4861 856 4932 maximum,
880 4859 932 4919 eed
953 4859 1088 4921 humilior
1110 4862 1205 4923 iactus
1220 4863 1379 4933 minimum,
1402 4858 1545 4921 Saturnus
1559 4861 1649 4942 paulo
1672 4860 1738 4939 plus
1755 4855 1798 4932 7⁰,

437 4951 557 5031 Jupiter
583 4946 652 5025 10⁰,
683 4948 763 5008 Mars
786 4947 863 5008 altus
886 4964 961 5024 pene
984 4946 1054 5023 20⁰,
1085 4949 1205 5009 humilis
1228 4950 1322 5008 iaetus
1353 4948 1447 5006 miuus
1470 4966 1559 5025 quam
1584 4945 1648 5009 12⁰.
1694 4943 1734 5007 Ut
1757 4947 1799 5005 ita

437 5035 570 5102 secunda
591 5035 665 5098 haec
687 5034 881 5111 inaequalitas
909 5034 1066 5114 plurimum
1095 5055 1114 5097 a
1141 5037 1234 5116 prima
1264 5033 1329 5095 libri
1359 5036 1454 5112 quinti
1479 5035 1593 5098 differat
1622 5041 1652 5095 et
1679 5034 1798 5113 reipsa

438 5126 596 5209 plurimum
618 5123 727 5184 babeat
750 5124 979 5200 inaequalitatis.
1055 5195 1059 5202 Ι

527 5234 558 5298 t.
582 5228 670 5310 Quod
690 5232 797 5293 attinet
815 5229 914 5292 motus
936 5231 967 5290 iu
989 5228 1097 5305 altum,
1125 5229 1311 5292 invenientur
1340 5223 1460 5305 quidem
1481 5224 1633 5310 planetae,
1662 5221 1798 5298 collocati
