4459 6275
545 1912 942 2036 PRINCIPIORUM
977 1913 1296 2034 DOCTRINAE
1321 1914 1686 2042 ‚sentenciis

957 2134 1082 2196 PARS
1105 2133 1268 2195 PRIMA.

437 2307 493 2388 BE
528 2306 554 2388 F
557 2304 685 2390 ituit
720 2305 888 2391 tnesis
914 2303 1105 2400 EJUSQUE
1120 2303 1424 2521 ⁰iNiiGNlTUDlNli
1458 2309 1512 2391 ET
1548 2305 1791 2391 emittetis}

1022 2438 1119 2521 srvi
1168 2438 1206 2520 E.

529 2752 685 2831 Quomodo
706 2772 778 2813 vero
793 2755 867 2816 ordo
882 2756 955 2816 coeli
975 2760 1059 2816 nosci
1081 2761 1256 2818 strutiones
1277 2757 1342 2828 ejece
1363 2758 1397 2814 in
1417 2754 1512 2815 Tmo
1529 2755 1631 2832 pandi
1642 2753 1793 2832 poterant?

440 2838 473 2900 Si
496 2844 576 2918 prius
600 2858 671 2900 vera
692 2840 786 2918 figura
808 2839 934 2902 Telluris
957 2841 1091 2920 adeoque
1113 2847 1203 2904 totius
1226 2842 1325 2902 mnndi
1348 2843 1548 2919 investigetur.

527 2931 579 2988 An
601 2932 697 3005 igitur
724 2926 820 2990 Tmo
848 2948 913 2992 nore
934 2939 975 2990 ot
993 2931 1105 3009 plone,
1136 2939 1191 2991 aot
1214 2931 1334 3006 infinito
1356 2929 1458 2989 radice
1487 2929 1626 2991 morsum
1657 2937 1791 3001 munta,

439 3024 475 3074 at
498 3017 591 3092 vulgo
614 3015 758 3076 vidam?
800 3015 864 3078 Ime
888 3034 992 3094 eorpus
1015 3037 1050 3079 er
1075 3019 1158 3078 terris
1188 3027 1218 3078 et
1239 3018 1323 3093 aquis
1347 3016 1471 3092 junctim
1494 3026 1631 3078 constans
1661 3017 1789 3092 undique

438 3121 457 3163 a
481 3101 564 3164 coelo
586 3104 745 3183 abruptum
768 3105 855 3182 inque
878 3123 910 3166 se
932 3108 1028 3183 ipsum
1050 3122 1224 3167 conversum
1248 3110 1302 3178 est,
1326 3103 1450 3182 deniqne
1472 3104 1627 3166 rotundum
1649 3103 1787 3181 undique,

435 3190 533 3251 iorme
560 3190 653 3268 pilae,
686 3190 785 3268 globi,
817 3210 869 3254 seu
891 3194 1033 3270 sphaerae
1056 3191 1213 3271 regularis3
1245 3190 1323 3269 quod
1347 3200 1406 3251 tam
1440 3194 1629 3270 expertibus
1656 3190 1789 3268 singuiis,

437 3295 528 3355 quem
550 3296 586 3338 ex
608 3281 700 3357 ipsius
724 3282 814 3339 totins
838 3283 1045 3341 constitutione
1067 3281 1186 3358 probari
1206 3286 1313 3359 potest.

530 3365 633 3426 Proba
661 3366 697 3425 de
722 3367 866 3443 portione
894 3369 1061 3446 superficiei
1088 3386 1220 3445 aqueae,
1251 3366 1332 3444 qaod
1351 3366 1473 3442 gibbam
1499 3367 1633 3444 douram
1663 3384 1740 3441 prae
1760 3382 1790 3423 re

433 3454 550 3531 [nant.
595 3453 641 3514 De
671 3454 803 3532 partibus
833 3473 946 3533 aqueae
968 3454 1146 3534 superficiei,
1176 3455 1233 3516 hoo
1255 3462 1301 3514 est
1323 3452 1359 3512 de
1382 3449 1528 3527 maribus,
1560 3451 1639 3530 quod
1663 3468 1789 3512 curven-

437 3550 486 3599 tnr
509 3542 537 3598 in
561 3557 668 3615 arcum,
692 3540 830 3604 doeemur
852 3545 1057 3622 experimentis
1079 3544 1214 3604 nauticis.
1260 3541 1332 3601 Cum
1355 3542 1432 3600 enim
1455 3544 1483 3600 in
1507 3540 1568 3601 alto
1592 3540 1698 3619 pelago
1722 3556 1790 3597 ver-

436 3628 573 3688 sentibus
595 3627 669 3688 nihil
691 3638 841 3707 appareat,
865 3633 921 3692 nisi
945 3630 1058 3692 coelom
1081 3639 1112 3692 et
1134 3630 1245 3704 undae,
1269 3626 1377 3689 eireulo
1401 3628 1527 3706 perfecte
1550 3627 1640 3706 plano
1663 3628 1788 3685 eircum-

436 3714 539 3788 iusse,
572 3718 780 3799 continentium
808 3736 878 3780 vero
911 3725 939 3780 et
968 3716 1128 3778 insularum
1161 3735 1219 3779 non
1248 3714 1406 3776 admodum
1439 3723 1614 3775 remotarum
1647 3720 1788 3773 montano

437 3803 528 3861 etiam
550 3801 692 3863 altissime
714 3803 842 3880 latssnt,
875 3808 960 3882 quasi
988 3804 1120 3868 demersa
1148 3805 1202 3865 sub
1233 3802 1327 3864 undas
1356 3802 1574 3879 complanatas:
1602 3800 1635 3860 fit
1656 3807 1689 3858 ut
1719 3815 1789 3875 pro-

440 3891 550 3966 gressis
585 3890 753 3967 navigando
791 3901 905 3956 montes
933 3894 975 3953 illi
1004 3910 1039 3954 ex
1067 3892 1153 3953 undis
1181 3908 1328 3972 emergere
1361 3890 1519 3966 subitoque
1555 3905 1622 3950 sese
1654 3884 1788 3947 attollere

442 3974 599 4038 videantur
620 3980 651 4037 in
673 3977 837 4040 evidentem
860 3980 1052 4042 altitudinem.

508 4076 551 4131 Sit
567 4092 645 4133 mons
656 4078 691 4148 D,
709 4078 786 4134 loeus
804 4081 908 4149 primus
920 4082 952 4145 Δ,
970 4081 1030 4149 ejus
1043 4080 1115 4136 visus
1408 4094 1457 4145 sig.
1471 4091 1506 4134 12

435 4172 486 4213 seu
503 4156 615 4211 horizon
632 4157 687 4227 Bc,
706 4154 778 4213 linea
798 4168 873 4215 reeta
895 4165 1010 4229 tangens
1028 4157 1114 4214 undas

436 4236 465 4290 in
490 4238 523 4291 Δ.
570 4236 645 4292 Haeo
668 4235 752 4306 linea,
780 4237 938 4294 continuata
964 4253 1058 4294 versus
1085 4238 1114 4307 c,

434 4315 537 4369 transit
553 4330 638 4385 supra
655 4316 688 4386 D,
713 4314 753 4371 sic
771 4319 802 4379 pt
820 4316 844 4371 D
863 4329 897 4371 ex
916 4317 941 4372 A
958 4315 1043 4371 videri
1059 4332 1114 4372 non

437 4391 537 4461 possit.
572 4393 635 4449 Fiat
648 4395 706 4463 jam
724 4395 878 4463 progressio
896 4411 930 4450 ex
947 4397 970 4447 Δ
987 4396 1015 4450 in
1032 4395 1066 4464 E,
1085 4401 1115 4451 ot

433 4467 489 4524 ioci
506 4469 532 4522 Ε
550 4469 625 4525 visos
642 4488 692 4528 sen
710 4472 821 4528 horizon
839 4473 875 4529 sit
886 4474 937 4529 ΕΙ)
955 4483 1036 4542 reeta,
1054 4483 1114 4530 tan·

434 4563 503 4616 gens
522 4563 608 4619 aquas
625 4547 654 4603 in
666 4550 700 4621 Ε,
720 4566 789 4620 qnae
807 4552 964 4608 continuata
980 4552 1074 4608 incidit
1085 4554 1113 4607 in

433 4635 553 4682 montem
575 4630 615 4697 D,
639 4628 680 4684 sie
703 4636 734 4684 ut
757 4629 886 4698 quioquid
909 4631 991 4701 hujus
1014 4632 1114 4687 eminet
1137 4640 1141 4647 “

434 4720 518 4775 sopra
534 4707 593 4776 Fi),
611 4706 737 4762 idemne
755 4708 838 4762 videri
856 4710 944 4778 possit
962 4725 995 4764 ex
1013 4711 1048 4765 E.

527 4798 567 4858 At
595 4801 621 4857 si
644 4798 811 4877 superficies
839 4818 936 4876 aquae
968 4820 1036 4863 vere
1059 4811 1137 4864 esset
1158 4804 1188 4860 in
1211 4819 1320 4862 meram
1343 4809 1469 4861 extensa
1494 4796 1663 4875 planitiem,
1693 4789 1795 4850 nullus

433 4904 520 4948 mons
542 4904 630 4965 super
652 4886 734 4947 illam
756 4906 822 4949 sese
845 4888 982 4949 attollens
1004 4892 1101 4948 visum
1124 4893 1153 4948 in
1176 4907 1212 4950 ea
1235 4890 1428 4949 constitutum
1451 4887 1571 4961 penitus
1592 4882 1715 4950 lateret,
1737 4879 1798 4938 nisi

433 4978 577 5035 immenso
600 4974 756 5035 intervallo
777 4976 980 5037 recedentibus
1003 4978 1097 5054 figura
1118 4978 1225 5037 montis
1247 4979 1312 5053 ipsa
1334 4991 1403 5034 com
1426 4968 1632 5047 magnitudine
1653 4962 1803 5040 paulatim

434 5068 640 5139 evanesceret3
669 5064 799 5123 vicissim
821 5062 1028 5127 aceedentibus
1050 5081 1238 5141 nequaquam
1262 5063 1360 5123 subito
1391 5064 1519 5134 etpost
1543 5057 1632 5114 breve
1654 5052 1809 5116 interval-

435 5151 495 5211 lnrn
530 5157 705 5227 apparerent
734 5159 864 5225 montes,
894 5159 982 5212 antes
1010 5167 1068 5209 non
1097 5152 1170 5225 visi3
1203 5150 1255 5210 sed
1282 5166 1357 5226 opus
1386 5152 1475 5206 esset
1505 5140 1620 5201 adhoc
1650 5138 1815 5212 immensis

434 5242 597 5299 itineribus.
