4459 6275
434 783 474 838 ῃ
813 770 960 840 Epistolae¹
971 769 1083 840 Kepleri
1102 770 1270 840 aliorumque
1287 778 1398 826 mutuae

373 974 377 985 ·
432 951 499 1014 qnod
517 964 622 1013 puerum
641 963 691 998 nou
710 951 794 997 atatim
813 949 905 998 remisi.
942 950 965 996 Is
983 962 1035 996 rem
1054 948 1097 995 din
1117 945 1272 1011 multumque
1290 950 1417 1010 pensitans
1430 951 1600 1012 postiihoras
1611 951 1659 1000 hoc
1671 950 1786 1014 responsi

433 1022 519 1071 dedit:
546 1034 572 1069 aa
590 1020 705 1068 lubenter
722 1020 823 1081 quidem
843 1019 891 1066 tibi
908 1032 1001 1066 morem
1019 1025 1162 1081 gestarum,
1187 1018 1230 1066 sed
1249 1032 1299 1067 non
1318 1019 1407 1067 babere
1425 1026 1475 1067 tam
1494 1022 1604 1069 minutos
1621 1028 1713 1085 typos,
1742 1022 1787 1084 qui

433 1092 608 1139 binciensibns
625 1090 675 1136 tuis
694 1089 725 1137 ad
744 1091 862 1136 amussim
879 1088 1058 1150 respondeant3
1083 1089 1201 1136 minimos
1219 1103 1279 1136 suos
1297 1102 1366 1148 esse,
1384 1087 1472 1152 quales
1490 1090 1575 1138 rideas
1593 1093 1619 1139 in
1639 1092 1787 1140 transmisso

431 1160 554 1223 exemplo.
589 1158 686 1219 Quodsi
705 1160 753 1206 tibi
771 1159 905 1221 arrideant,
933 1173 959 1206 ss
978 1158 1160 1217 Stuttgardiam
1178 1158 1209 1205 ad
1228 1164 1254 1206 te
1272 1160 1396 1220 proticisci
1415 1173 1464 1206 non
1481 1168 1639 1219 gnssturom
1657 1168 1685 1208 et
1703 1174 1786 1209 coram

432 1231 463 1280 de
480 1244 560 1292 aequo
578 1226 755 1290 tolerabiliqae
773 1230 852 1289 pretio
872 1230 1043 1289 impressionis
1061 1234 1231 1276 tractaturum.
1266 1228 1317 1276 h'ec
1332 1231 1384 1288 jam
1403 1229 1464 1275 adeo
1483 1238 1630 1292 occupatum
1644 1245 1707 1294 esse,
1725 1232 1787 1293 quin

432 1302 494 1349 banc
513 1300 586 1348 talam
605 1300 689 1346 statim
708 1300 787 1360 possit
805 1299 889 1348 ordiri.
926 1298 974 1345 Sed
993 1299 1071 1345 serari
1090 1312 1125 1360 se,
1144 1311 1175 1344 ne
1193 1300 1227 1345 20
1245 1299 1284 1345 ilii
1302 1300 1477 1358 quaterniones
1495 1301 1522 1345 in
1540 1302 1572 1347 ib
1589 1301 1628 1347 rel
1642 1299 1727 1363 plures
1741 1303 1787 1349 boe

433 1370 506 1419 modo
523 1374 673 1417 excrescant.
709 1368 781 1425 Quod
793 1370 852 1429 quia
871 1374 897 1416 et
915 1370 969 1428 ipse
988 1369 1152 1429 verituseam,
1173 1370 1266 1415 accessi
1285 1370 1386 1429 proprio
1406 1375 1491 1432 motu,
1510 1371 1572 1419 citra
1589 1370 1786 1430 indignationem

433 1448 460 1489 ut
477 1454 549 1502 spero
568 1446 643 1501 tuam,
663 1439 738 1485 etiam
751 1438 881 1499 Wiiciiam,
900 1439 1023 1485 novitium
1042 1444 1154 1486 nostrum
1173 1439 1362 1499 typographum,
1380 1439 1446 1499 apud
1467 1452 1539 1501 quem
1558 1442 1638 1502 reperi
1656 1446 1788 1501 exoptatos

435 1518 517 1575 typos,
545 1514 617 1569 prout
644 1521 674 1555 ex
704 1510 752 1555 ista
770 1507 871 1555 madida
888 1508 969 1554 adbuc
993 1513 1018 1554 et
1036 1508 1207 1568 semiperfecta
1225 1510 1317 1569 pagina
1335 1506 1440 1558 ridebis.
1476 1508 1502 1557 ls
1518 1512 1571 1569 jam
1589 1524 1690 1571 peregre
1707 1512 1787 1571 abest,

433 1582 521 1643 procui
540 1579 691 1626 dnbio-cras
710 1591 868 1639 reuersurus,
894 1577 936 1624 sed
964 1577 1095 1637 typothetae
1120 1580 1187 1640 ejus,
1210 1591 1224 1623 a
1248 1581 1318 1638 cujus
1344 1586 1405 1624 nutu
1427 1588 1451 1625 et
1468 1581 1571 1627 arbitrio
1591 1580 1702 1628 Wiidius
1720 1586 1787 1628 totus

433 1650 539 1711 pendet,
568 1653 663 1711 promte
681 1654 706 1695 et
727 1645 868 1695 liberaliter
886 1648 1031 1710 respondit,
1060 1648 1108 1694 sibi
1125 1649 1175 1705 Jara
1195 1653 1220 1693 et
1237 1660 1322 1694 vacare
1342 1653 1367 1695 ct
1384 1648 1469 1696 iubere
1488 1663 1603 1713 quoque,
1631 1649 1712 1699 libros
1732 1658 1787 1697 tuae

434 1722 588 1781 imprimere,
611 1717 685 1764 modo
705 1719 846 1766 consentias
865 1724 889 1764 st
907 1730 963 1765 cum
981 1718 1040 1764 bero
1059 1730 1103 1763 suo
1123 1715 1154 1763 de
1173 1716 1283 1764 mercede
1301 1717 1350 1763 tibi
1369 1723 1506 1766 conveniat.
1541 1719 1607 1767 iiiiii
1625 1732 1728 1782 quoque
1747 1717 1786 1767 ul-

433 1791 510 1837 terius
528 1788 665 1837 sciscitanti
685 1787 820 1851 indicarit,
849 1801 899 1834 non
918 1788 983 1834 ultra
1001 1788 1016 1833 3
1036 1787 1124 1834 ohrrios
1144 1800 1189 1847 pro
1208 1789 1371 1846 quaternione
1389 1789 1588 1851 postulaturum,
1616 1789 1661 1837 sed
1686 1791 1787 1839 omuino

433 1873 516 1921 spero,
535 1859 607 1917 longe
625 1859 702 1904 silius
719 1859 765 1904 tihi
785 1857 957 1917 uenditarum,
981 1857 1003 1904 si
1025 1858 1130 1916 ipsemet
1153 1868 1208 1903 cum
1232 1871 1260 1903 eo
1284 1857 1424 1910 contrahas.
1462 1860 1495 1904 At
1514 1861 1575 1921 quia
1592 1859 1634 1907 hic
1653 1860 1786 1907 nobiscum

433 1929 544 1991 conspici
563 1941 612 1975 nou
631 1928 685 1986 sis,
710 1928 823 1986 significa
845 1927 935 1974 saitem
958 1932 1050 1973 eertum
1069 1925 1151 1990 diem,
1178 1939 1226 1985 qua
1244 1932 1268 1972 te
1286 1926 1455 1983 stuttgardiae
1473 1928 1589 1985 offendat.
1625 1928 1787 1990 Exspatiarer

434 2013 487 2059 ego,
503 2001 556 2045 turn
576 1999 600 2045 in
620 1996 666 2044 hac
685 2011 758 2043 causa
777 2001 832 2058 tua,
858 2004 911 2043 tum
930 2005 958 2043 nt
975 2003 999 2042 te
1018 1997 1150 2042 inviserem
1169 2000 1194 2044 et
1211 2010 1294 2044 coram
1313 1997 1342 2043 de
1360 1994 1474 2057 pluribus
1493 2011 1608 2057 agerem,
1626 2000 1747 2061 ipsemet,
1764 1999 1787 2047 si

433 2075 490 2132 post
507 2081 605 2127 gravem
624 2080 706 2113 meum
725 2068 837 2113 morbum
856 2069 918 2114 satis
936 2065 1123 2114 coriiaiuissem.
1160 2065 1243 2126 Typos
1261 2067 1357 2126 ligneos
1376 2067 1442 2129 qnod
1461 2069 1565 2127 attinet,
1587 2069 1664 2128 jubeo
1689 2074 1715 2115 te
1734 2082 1787 2116 esse

433 2152 558 2193 securum;
591 2138 694 2198 pingam
712 2136 770 2183 ilios
789 2151 819 2183 ex
838 2137 942 2184 arbitrio
961 2144 1004 2183 tuo
1023 2140 1047 2182 et
1064 2135 1177 2182 studioso
1198 2135 1310 2195 cuidam,
1339 2137 1454 2184 matrueii
1479 2151 1534 2184 meo
1562 2136 1648 2201 (quem
1673 2139 1701 2186 ln
1721 2138 1788 2187 huno

433 2210 515 2268 tinem,
534 2213 562 2253 ut
580 2221 625 2266 ego
645 2206 759 2253 nonnihil
779 2206 928 2265 sublevarer,
946 2207 973 2253 in
993 2206 1061 2252 hisce
1079 2206 1190 2252 artiiiciis
1208 2206 1315 2269 institui)
1334 2207 1514 2267 exsculpendos
1533 2207 1638 2255 tradam.

519 2276 624 2324 Librum
641 2281 757 2335 quartum
776 2275 858 2322 ridere
876 2276 947 2324 valde
965 2277 1058 2337 gestio;
1090 2275 1161 2323 mitte
1179 2276 1200 2321 si
1218 2280 1302 2336 potes,
1329 2289 1377 2323 non
1397 2275 1440 2322 diu
1457 2277 1662 2328 detinebo....
1700 2276 1787 2343 Porro,

433 2346 499 2410 quod
517 2345 641 2394 adserrtns
659 2346 696 2392 tui
715 2359 815 2392 causam
832 2347 933 2405 attinet,
952 2345 1068 2409 equidem
1086 2358 1141 2391 eam
1160 2346 1245 2404 ignoro
1263 2358 1309 2391 uec
1326 2347 1388 2392 scire
1407 2349 1496 2406 cupio:
1519 2347 1569 2394 nisi
1588 2346 1652 2394 torta
1671 2344 1721 2394 illa
1739 2354 1785 2412 eat,

433 2421 504 2478 cujus
522 2417 569 2464 sub
588 2416 726 2463 dissessum
743 2421 815 2463 tuum
834 2415 960 2474 Nirtingae
978 2416 1121 2475 meministi,
1140 2414 1241 2479 quando
1259 2415 1361 2477 quidem
1374 2414 1553 2476 deplorandam
1565 2419 1690 2466 nominas.
1724 2416 1787 2467 uret

432 2489 474 2551 sit,
493 2486 614 2533 condoleo
632 2499 663 2533 ex
683 2486 797 2551 omnibus
816 2486 951 2532 uisceribus
972 2494 996 2532 et
1013 2486 1104 2533 solarer
1123 2490 1156 2542 te,
1173 2486 1221 2531 nisi
1239 2487 1315 2531 animi
1333 2487 1370 2532 tui
1389 2488 1530 2533 constantia
1546 2485 1709 2545 jamdudum
1722 2492 1788 2536 esset

432 2558 572 2606 notissima.
609 2555 727 2603 Ferumus
747 2560 844 2615 oportet
863 2557 993 2615 patienter,
1012 2568 1074 2615 quae
1091 2560 1187 2601 mutare
1206 2567 1254 2601 non
1272 2554 1339 2603 licet.
1376 2554 1425 2602 Sed
1443 2555 1513 2603 allud
1532 2555 1563 2603 de
1581 2563 1606 2603 te
1625 2557 1701 2605 nobis
1720 2558 1787 2607 lama

433 2627 526 2684 retulit,
545 2638 630 2686 parare
648 2631 672 2671 te
691 2623 827 2672 discessum
846 2624 934 2671 itacio
953 2630 977 2671 et
995 2623 1135 2671 londinum
1154 2623 1186 2670 ad
1206 2636 1286 2683 regem
1307 2626 1410 2683 Angiiae
1428 2627 1605 2689 migraturum,
1629 2627 1675 2690 qui
1693 2631 1720 2675 ts
1737 2640 1788 2677 uun

434 2697 546 2745 obscuris
564 2697 659 2755 gratias
677 2695 757 2753 siguis
775 2695 894 2741 invitarit,
932 2693 1006 2754 Quod
1025 2697 1045 2741 si
1064 2696 1101 2741 ita
1125 2699 1178 2752 est,
1208 2692 1319 2752 gratulor
1345 2709 1374 2742 cx
1400 2696 1482 2742 animo
1506 2699 1531 2742 et
1557 2695 1688 2744 adversam
1720 2697 1789 2746 iiiam

435 2772 527 2817 sortem
547 2766 593 2812 hac
611 2762 722 2811 melioris
740 2777 784 2824 sps
801 2778 917 2825 superare
933 2765 1009 2822 jubeo
1024 2801 1030 2813 .
1044 2800 1049 2811 .
1063 2799 1090 2814 ..

520 2835 584 2881 Vale
597 2836 641 2881 Vir
658 2833 820 2897 undiquaque
840 2834 974 2880 clarissime
992 2840 1017 2880 et
1035 2831 1166 2880 benevale
1185 2847 1273 2896 meque
1285 2846 1358 2894 porro
1377 2841 1447 2881 tuum
1460 2848 1513 2881 asse
1525 2842 1619 2895 patere.
1658 2834 1790 2897 Tubiugas

434 2908 458 2956 d.
476 2907 518 2953 25.
536 2904 670 2953 Octbora
688 2906 712 2950 3.
730 2918 755 2964 p.
775 2918 807 2952 rn.
829 2905 904 2952 tato.
941 2903 1009 2950 Tuae
1034 2903 1128 2952 Excell.
1148 2904 1214 2954 otio.
1253 2905 1289 2952 W.
1309 2903 1452 2952 Schickard.
1483 2905 1638 2969 (inscriptiot
1669 2905 1708 2956 Gi.
1731 2908 1790 2957 b'iro

434 2977 466 3026 D.
484 2975 509 3026 J.
529 2974 646 3037 llepiero,
665 2987 732 3021 nune
749 2973 916 3033 stuttgardiae
935 2974 1085 3030 divertenti.)

522 3043 644 3105 liepieras
663 3044 739 3104 panto
758 3049 816 3105 post
833 3043 974 3103 Tubingam
993 3045 1072 3095 renis.
1096 3048 1125 3090 ut
1144 3043 1173 3091 de
1192 3048 1252 3102 typo
1272 3057 1326 3091 cnm
1346 3044 1501 3104 typographo
1521 3051 1618 3105 ageret,
1637 3046 1790 3095 subduxisse

435 3129 493 3164 rero
512 3128 538 3163 se
558 3114 654 3162 videtur
672 3115 807 3162 amicorum
827 3114 1009 3161 conversationi
1026 3114 1122 3174 pudore
1141 3113 1233 3160 tractus
1253 3114 1284 3160 oh
1302 3115 1389 3161 matris
1408 3127 1507 3161 causam
1526 3113 1658 3174 forensem,
1677 3116 1747 3180 quod
1760 3131 1790 3166 ea

434 3187 559 3250 prioribus
584 3191 610 3231 et
636 3186 675 3231 his
703 3198 767 3247 quaa
793 3189 931 3248 sequuntur
948 3183 1094 3231 Schicirardi
1113 3182 1192 3231 literis
1210 3189 1322 3243 apparet.
1361 3184 1409 3231 liic
1427 3185 1493 3231 enim
1511 3185 1572 3233 baec
1591 3185 1663 3233 dedit
1682 3187 1789 3249 itepiere

436 3269 518 3314 ,nune
536 3252 674 3313 thlingae
691 3256 807 3313 agontii:
826 3254 971 3302 officiosam
990 3252 1096 3301 salutern
1116 3263 1140 3300 et
1159 3256 1244 3300 ‹rmuia
1262 3255 1358 3300 inustai
1377 3254 1473 3301 Literas
1492 3261 1556 3314 tiras,
1576 3253 1724 3304 Clarissima
1736 3257 1789 3324 Vir,

436 3326 542 3375 Domine
559 3324 642 3372 iautor
659 3323 818 3382 honorande,
838 3338 887 3370 una
906 3337 960 3369 oum
980 3322 1100 3384 exemplis
1119 3322 1178 3370 iibri
1197 3323 1240 3371 iV.
1260 3325 1433 3370 astronomiae
1452 3321 1638 3384 Gopernicanse
1657 3332 1683 3374 et
1702 3325 1789 3376 libello

435 3393 608 3453 chronologico
633 3396 719 3453 accepi
742 3395 888 3457 affatimque
911 3395 989 3440 serios
1012 3400 1067 3440 taos
1091 3392 1159 3441 lusos
1178 3394 1229 3443 risi.
1267 3393 1405 3441 Restituam
1425 3391 1495 3439 iiinrn
1514 3396 1621 3455 priorem
1641 3394 1696 3442 alia
1715 3411 1790 3445 oeca-

432 3469 503 3515 sione
521 3478 578 3512 cum
594 3466 730 3524 gratiamm
750 3465 857 3525 actione,
875 3463 976 3526 quando
991 3463 1115 3522 periegero
1135 3468 1221 3510 totum.
1257 3462 1329 3510 Nune
1347 3464 1410 3510 inter
1429 3464 1562 3526 bospiarm,
1580 3478 1645 3527 quoa
1659 3467 1789 3514 nundinae

433 3536 493 3585 mihi
513 3534 676 3593 advexerant,
694 3535 813 3594 strepitus
831 3535 911 3581 tribus
929 3539 1025 3580 tantam
1045 3534 1126 3580 serbis
1145 3540 1169 3580 te
1187 3531 1277 3593 saluto,
1297 3546 1327 3580 ae
1345 3533 1441 3580 isthaec
1458 3539 1577 3593 exoptata
1595 3538 1696 3583 occasio
1715 3543 1789 3584 trau·

432 3610 494 3666 seat,
513 3609 538 3651 et
556 3606 677 3674 signiaco,
695 3606 762 3667 quod
783 3603 889 3651 Wiidius
908 3605 940 3649 ob
961 3603 1095 3650 discessum
1114 3610 1139 3648 ct
1158 3603 1279 3650 «retortum
1298 3603 1408 3650 omniurn
1428 3603 1595 3650 ministrorum
1609 3612 1787 3670 praeterquam

433 3676 508 3724 unius
526 3671 612 3721 saltem
631 3674 778 3734 typotiretae
802 3673 878 3721 libros
897 3680 953 3720 tuos
969 3676 1022 3732 jam
1040 3673 1141 3735 quidem
1160 3672 1280 3720 excudere
1298 3686 1347 3718 non
1366 3674 1462 3733 possit;
1492 3672 1555 3720 alias
1575 3673 1605 3728 de
1624 3677 1706 3735 pretio
1725 3675 1788 3724 aetla

433 3745 539 3792 invicem
558 3745 710 3793 conveniret.
747 3742 842 3802 ii'escio,
861 3758 910 3807 qno
928 3750 1068 3789 transverso
1085 3741 1170 3803 lepore
1189 3743 1240 3788 riso
1259 3741 1347 3802 periero
1366 3749 1465 3802 repente
1485 3756 1514 3789 ex
1528 3741 1631 3790 oiticina
1643 3747 1786 3794 retraxerit.

432 3814 584 3871 Praetendit,
604 3812 686 3861 nullas
704 3813 756 3860 iore
775 3827 863 3860 sernas
881 3812 1006 3860 nundinas
1026 3813 1197 3873 Frankoiurti,
1227 3811 1330 3872 proinde
1350 3810 1417 3859 nollo
1435 3827 1462 3859 se
1477 3826 1532 3859 cam
1551 3812 1642 3861 ‹iamno
1662 3815 1788 3864 excudere

432 3884 510 3932 libros
530 3897 579 3931 non
599 3882 755 3940 vendibiles,
783 3884 928 3931 destiturum
952 3884 1027 3930 ctiam
1053 3884 1087 3928 ab
1110 3884 1272 3942 impressione
1291 3880 1445 3929 novellarum
1464 3889 1488 3928 et
1507 3883 1605 3930 interim
1625 3883 1656 3931 de
1675 3883 1729 3932 alio
1749 3883 1788 3934 lu·

432 3954 517 4002 crandi
534 3967 622 4013 genero
642 3954 814 4013 cogitaturum.
851 3953 954 4013 Figurae
973 3958 1065 4018 auteur,
1083 3966 1148 4016 spiras
1167 3953 1264 4016 misisti,
1282 3951 1444 3999 nihilomiuus
1463 3949 1607 4013 exsculptam
1627 3960 1653 4002 et
1669 3956 1787 4017 proximo

435 4037 535 4087 quoque
554 4031 666 4084 tempore
684 4023 717 4069 ad
736 4029 760 4071 ts
779 4025 884 4073 mittam.
1788 4083 1793 4093 Ι

523 4092 636 4140 Proxime
665 4107 721 4140 cum
749 4094 788 4141 bic
816 4107 885 4152 eras,
913 4099 962 4139 tarn
981 4092 1064 4138 sabito
1084 4104 1133 4138 non
1153 4091 1212 4137 urbe
1231 4091 1347 4138 excedere
1366 4095 1389 4137 ct
1407 4104 1424 4138 a
1441 4105 1561 4152 puerpera
1578 4091 1730 4142 meticulosa
1747 4107 1790 4157 pse

434 4167 533 4210 noctem
552 4164 639 4209 abesse
658 4162 747 4221 licuit,
776 4164 841 4209 exiri
861 4167 943 4208 tamen
963 4166 1081 4222 sequente
1104 4174 1201 4208 summo
1222 4174 1294 4207 niano
1316 4161 1492 4221 Lustaasism,
1518 4162 1639 4209 sedante
1658 4163 1790 4214 dimidiare

438 4234 523 4279 borani
543 4231 581 4278 sel
601 4235 674 4279 citius
692 4234 769 4280 etiunr
786 4239 811 4278 te
831 4231 887 4278 inde
900 4233 1036 4293 proiectam
1055 4232 1131 4277 tuisse
1144 4229 1307 4286 dictitabant;
1325 4232 1408 4293 itaque
1421 4232 1546 4279 subtristis
1565 4231 1666 4280 domum
1685 4241 1790 4284 resuta·

439 4304 492 4350 bar.
529 4302 598 4349 Nunc
617 4317 694 4351 cesso.
732 4304 834 4362 ignosce
852 4316 945 4364 quaeso
964 4299 1139 4347 tumultuariae
1157 4301 1295 4362 scriptioni,
1315 4300 1468 4360 padotenim
1480 4302 1623 4366 meipsum,
1642 4301 1790 4364 tibilsgen·

439 4371 497 4418 dum
516 4371 663 4434 obtrudere,
689 4372 756 4435 quod
775 4372 836 4419 mihi
856 4370 961 4430 relegere
978 4373 1030 4429 jnm
1050 4385 1098 4417 non
1118 4375 1198 4416 secat,
1237 4368 1298 4416 Vale
1317 4370 1361 4416 Vir
1379 4368 1554 4432 celeberrime,
1572 4370 1669 4419 Fautor
1687 4373 1791 4422 colende

435 4447 460 4489 et
479 4442 503 4488 in
522 4447 564 4487 tua
583 4448 731 4504 tuorumque
749 4456 824 4489 caasa
842 4455 910 4488 meas
934 4455 1033 4504 quoqne
1058 4454 1142 4501 preces
1166 4438 1232 4499 apud
1255 4440 1335 4487 Deum
1362 4453 1410 4486 non
1435 4442 1520 4487 irritae
1541 4439 1595 4488 fors
1617 4455 1699 4502 spera.
1736 4443 1789 4492 'l'u-

435 4511 526 4569 bingae
548 4513 586 4559 13.
605 4510 665 4558 Nor.
688 4514 761 4560 1620.
798 4512 857 4559 lixo.
878 4512 979 4558 Vestrae
1007 4508 1309 4561 off.wili1.Schicirard.
1346 4510 1397 4556 Has
1422 4507 1507 4556 literas
1529 4513 1644 4570 proxime
1666 4526 1788 4574 supersa-

435 4587 523 4627 nernnt
542 4581 587 4627 bas
605 4582 765 4642 (inscriptam
784 4579 883 4629 Clariss.
904 4587 928 4627 et
946 4579 1039 4629 Exceii.
1060 4582 1129 4640 Viro,
1150 4579 1180 4626 D.
1198 4578 1222 4627 J.
1241 4578 1357 4639 ileplero,
1376 4579 1451 4629 lieth.
1471 4578 1644 4638 celeberrimo,
1662 4585 1747 4632 amico
1766 4591 1790 4634 st

435 4650 527 4696 {autori
555 4664 608 4696 ineo
636 4649 768 4710 plurimum
795 4649 940 4697 honorando
968 4650 1030 4698 trad.
1067 4649 1164 4697 Jezuad
1193 4662 1224 4695 zu
1251 4647 1390 4709 Gigiingon
1417 4664 1446 4696 zu
1469 4649 1614 4711 eriragcnlz
1643 4651 1669 4702 S.
1690 4658 1718 4704 et
1739 4653 1789 4704 08.

430 4717 577 4766 ¹Clarissima
596 4719 648 4778 Vir,
670 4720 775 4768 Domine
793 4727 817 4766 et
835 4719 929 4768 Fautor
947 4720 1098 4767 honorando.
1135 4717 1252 4766 Wildius.
1272 4723 1299 4764 ut
1318 4721 1428 4779 prrrsxinre
1447 4720 1542 4780 scripsi,
1562 4718 1663 4782 clapsus
1682 4729 1730 4788 est,
1748 4725 1789 4772 iu·

434 4790 506 4838 terim
526 4802 583 4834 sero
602 4787 698 4836 Cellius
716 4790 836 4851 illapsus,
855 4792 895 4836 cni
916 4790 1094 4849 praelationem
1113 4795 1182 4836 trram
1203 4790 1227 4836 in
1246 4787 1336 4835 librani
1357 4790 1398 4836 iv.
1416 4792 1465 4848 jam
1485 4788 1594 4854 tradidi,
1614 4795 1720 4855 eJrrsque
1739 4795 1789 4842 ini·

434 4860 496 4906 tium
515 4859 608 4905 iactum
627 4864 671 4922 ert,
691 4865 764 4919 prout
782 4873 837 4906 mox
858 4860 961 4906 ridebis.
998 4860 1162 4919 (lienrcggero
1181 4861 1247 4906 misit
1267 4857 1320 4906 Cal.
1342 4858 1415 4908 lirici,
1438 4860 1500 4906 aaut
1521 4859 1691 4911 Schicknrdus
1710 4865 1790 4922 ,bina

434 4929 495 4976 baec
514 4929 613 4988 Kepieri
633 4930 658 4975 in
678 4929 722 4982 iv.
741 4928 785 4977 lib.
806 4933 870 4979 Astr.
884 4929 944 4991 cop.
964 4928 1259 4991 prestatiorriscscmpia,
1279 4930 1407 4977 uobiscum
1418 4929 1491 4977 modo
1504 4943 1603 4986 excusa,
1623 4934 1788 4989 argentinam

435 4999 531 5044 mittere
550 5000 623 5056 iussit
642 5013 717 5046 unuin
737 5013 781 5059 pro
799 4999 827 5049 T.
849 4999 941 5049 ilxcoii.
972 5000 1075 5046 alterum
1101 5014 1145 5059 pro
1164 4997 1341 5064 Grirrgallcto.¹
1380 4997 1512 5060 iieplerum
1539 4999 1609 5046 addit
1632 5001 1702 5050 ultra
1726 5005 1787 5052 ocil-

435 5065 511 5113 dnum
530 5081 608 5129 nuper
627 5068 701 5115 irrisae
719 5083 792 5116 suurn
812 5070 945 5130 hospitem,
965 5071 1082 5117 iractenus
1102 5083 1158 5116 rero
1178 5070 1319 5117 discessisse
1332 5069 1495 5120 itatisbonam
1512 5068 1544 5116 ad
1564 5074 1698 5132 seiungam
1710 5087 1787 5135 puer-

437 5137 539 5198 peram),
577 5137 601 5185 ls
620 5139 682 5197 petit
700 5146 796 5199 praeter
815 5153 935 5198 paparum
953 5140 1004 5202 ³'la
1028 5140 1134 5186 ilorcnos
1156 5152 1200 5199 pirri
1220 5141 1325 5199 singuiis
1343 5141 1442 5201 paginis
1460 5140 1485 5187 la
1505 5143 1555 5187 650
1574 5139 1787 5205 multiplicandis.

435 5204 503 5254 b'ihii
521 5208 655 5272 quicquam
674 5209 707 5257 ad
725 5208 772 5257 boc
790 5207 943 5272 postulatum
960 5209 1090 5273 respondi,
1113 5208 1259 5274 priusquam
1275 5217 1346 5258 tuam
1362 5215 1468 5260 mentem
1487 5210 1598 5274 penitius
1617 5212 1787 5275 explorarem.
