4459 6275
429 772 510 849 ι(ἶῖἳ
933 773 975 827 De
993 771 1105 829 Tabulis
1123 772 1305 844 Rudolphinis

445 964 545 1007 causa.
589 947 709 1008 Interim
732 965 806 1008 uxor
828 958 858 1010 et
879 950 962 1010 liberi
991 951 1113 1012 haerent
1135 951 1331 1030 Rotisbonae3
1360 955 1474 1014 interim
1503 955 1590 1014 venit
1609 954 1717 1020 biems.
1755 957 1793 1017 lo

446 1051 547 1094 omnes
569 1052 636 1113 spes
659 1039 688 1094 in
711 1036 822 1096 suturas
846 1038 991 1099 nundinas
1012 1039 1154 1099 recidunt.

531 1140 644 1201 Munda
666 1159 779 1221 papyro
811 1143 959 1222 exemplar
987 1145 1178 1204 Francosnrto
1207 1143 1338 1205 nondum
1370 1147 1484 1205 mittere
1513 1163 1661 1225 possum3
1695 1147 1794 1205 mitam

445 1225 541 1289 Ulmo.
586 1228 633 1289 De
656 1227 756 1293 Gallie
776 1232 927 1291 imitatura
947 1238 1051 1309 typum
1074 1231 1251 1310 confidenter
1265 1226 1420 1306 minantur,
1443 1234 1546 1310 itaque
1563 1233 1735 1293 consultum
1753 1242 1797 1309 est,

446 1324 615 1394 exspectare
638 1324 794 1393 sequentes
817 1318 962 1378 nundinae
978 1321 1151 1395 interimque
1174 1336 1283 1395 curare,
1307 1328 1339 1379 ut
1355 1328 1424 1379 tunc
1445 1319 1546 1396 justus
1569 1320 1686 1397 aliquis
1706 1339 1798 1381 nume·

445 1420 494 1462 rus
517 1402 604 1463 simul
627 1404 805 1465 extrudatur.
850 1405 882 1465 Si
904 1415 1000 1466 tamen
1025 1408 1140 1466 iuterim
1162 1416 1297 1484 petentur
1319 1408 1498 1485 exemplaria
1519 1410 1551 1467 in
1574 1407 1646 1468 loca
1668 1426 1728 1469 uon
1742 1427 1798 1468 sus·

444 1499 539 1569 pecta,
563 1490 651 1550 modo
675 1491 711 1551 de
735 1509 770 1552 eo
794 1500 906 1553 constet
929 1493 1126 1571 Tampachio,
1160 1496 1291 1572 pecuniis
1313 1497 1539 1572 repraesentatis
1569 1497 1693 1556 mittere
1710 1497 1799 1574 jusum

444 1585 498 1641 est.
545 1577 659 1653 Quodsi
681 1579 789 1655 aliquis
811 1598 948 1641 numerus
971 1599 990 1639 a
1012 1584 1117 1640 vestris
1139 1591 1285 1657 peteretur
1299 1582 1447 1656 studiosis,
1471 1592 1595 1659 possent
1611 1583 1658 1643 iili
1684 1585 1798 1645 brerimi

443 1669 493 1726 via
516 1668 648 1744 accipere
664 1663 761 1725 Ulmo.
806 1665 921 1728 Primae
944 1671 1086 1744 pecuniae
1102 1685 1204 1729 omncs
1225 1687 1309 1730 meae
1326 1678 1394 1729 sunt
1414 1686 1467 1746 pro
1483 1671 1635 1730 sumtibus
1652 1674 1797 1750 impensir3

429 1753 552 1831 quibus
580 1753 686 1813 retusis
714 1755 741 1812 ei
773 1753 844 1829 quid
874 1755 1022 1816 residuum
1051 1757 1117 1831 erit,
1149 1757 1179 1815 iu
1202 1759 1337 1818 semisses
1365 1755 1589 1817 distribueretur
1611 1776 1663 1820 me
1687 1762 1758 1821 inter
1773 1769 1798 1820 et

433 1840 623 1901 ›Brabeauos

529 1944 613 2006 Haec
627 1945 763 2005 breviter.
786 1945 832 2005 Tu
846 1965 892 2008 me
915 1965 974 2025 que
995 1955 1080 2025 potes
1104 1948 1238 2025 adjuves,
1262 1950 1349 2010 etiam
1373 1954 1462 2025 etque
1485 1949 1577 2008 etiam
1599 1966 1691 2030 rogo.
1722 1950 1796 2013 Vale

426 2033 627 2094 innectunt
651 2035 680 2094 2.
704 2030 768 2093 Oct.
793 2031 840 2114 (st.
864 2037 907 2109 n.)
934 2037 1024 2094 lost.

517 2143 521 2151 ·
547 2131 966 2202 Berueggerns'iteplero
985 2135 1012 2190 S.
1030 2135 1060 2189 P.
1079 2135 1112 2188 D.
1150 2135 1251 2203 Accepi
1268 2149 1363 2204 nuper,
1383 2132 1480 2188 eximie
1497 2133 1547 2195 sir.
1568 2135 1797 2194 aBockenboiem

442 2210 591 2283 bibliopola
608 2209 701 2266 literas
714 2219 784 2279 tuas,
802 2212 921 2268 Tabulas
940 2228 1004 2267 vero
1023 2211 1212 2280 Rudolpbiuas
1230 2212 1351 2266 noudum
1368 2213 1470 2281 accepi,
1489 2222 1660 2281 praeventus
1678 2215 1797 2271 auiis·

440 2292 565 2361 breehto,
583 2290 629 2360 qui
648 2305 694 2344 eas
712 2290 822 2345 videndi
839 2290 987 2360 cupiditate
1006 2289 1162 2346 stimulatus
1182 2290 1299 2345 obtinuit
1315 2293 1350 2346 ab
1368 2293 1465 2348 eodem
1481 2291 1709 2363 Bockenboiero,
1725 2296 1796 2355 rh

442 2389 507 2441 sno,
526 2370 574 2426 sed
593 2368 670 2443 breui
689 2367 755 2422 mihi
772 2369 935 2425 reddendas.
971 2372 1031 2438 Ago
1050 2369 1152 2441 gratias
1171 2371 1295 2437 ingentes
1312 2386 1362 2440 pro
1381 2378 1437 2427 tam
1455 2369 1580 2439 pretioso
1598 2388 1729 2441 munere,
1750 2382 1796 2430 tn

442 2456 601 2522 exspectato
619 2452 661 2501 tot
674 2445 752 2500 aunis
771 2464 788 2503 a
805 2448 893 2503 doctis
906 2449 1043 2518 omuibus;
1062 2447 1203 2517 ductoque
1221 2449 1331 2517 aliquod
1349 2448 1392 2504 rel
1405 2449 1524 2517 pretinm
1538 2457 1616 2504 certe
1635 2450 1701 2507 libri
1716 2454 1798 2509 remis·

437 2546 522 2588 surus
540 2543 623 2595 eram,
641 2525 701 2589 uisi,
720 2526 767 2595 qui
784 2532 849 2581 tuus
867 2529 962 2597 genius
981 2535 1031 2599 est,
1050 2529 1078 2584 id
1098 2544 1179 2597 aegre
1197 2528 1361 2594 teletarum
1385 2530 1513 2599 opinatus
1537 2530 1665 2586 inissem.
1699 2533 1735 2588 D.
1750 2534 1797 2591 iis·

440 2608 568 2666 brecbtus
585 2605 659 2662 baud
677 2604 759 2660 dnbio
777 2604 876 2660 librum
895 2608 1012 2676 emturit,
1032 2622 1195 2677 quamquam
1213 2608 1272 2674 ejus
1291 2606 1446 2676 appellandi
1464 2607 1546 2676 copia
1563 2609 1632 2663 mibi
1652 2610 1736 2665 semel
1752 2612 1793 2667 itt·

441 2704 556 2757 rumque
575 2685 716 2756 quaerenti
735 2683 800 2738 data
817 2684 937 2739 nondum
956 2685 1016 2751 init,
1035 2687 1073 2742 uti
1092 2686 1145 2741 hoe
1163 2701 1197 2740 ex
1216 2686 1332 2755 ipsomet
1350 2684 1481 2741 audirem.
1519 2686 1679 2755 Suaserim,
1702 2689 1795 2761 aliquot

442 2765 610 2836 exemplario
632 2761 694 2818 libri
717 2762 804 2832 prima
828 2763 922 2832 quavis
948 2764 1090 2819 occasione
1108 2764 1163 2818 buc
1181 2762 1288 2831 mittas,
1312 2762 1419 2819 nonnisi
1437 2764 1509 2821 iuter
1533 2764 1642 2836 bonos,
1670 2768 1796 2835 aquibus

442 2844 603 2903 metuendae
629 2858 685 2896 uon
708 2841 762 2896 sint
784 2841 942 2897 imitationis
966 2843 1092 2911 insidiae,
1117 2840 1318 2910 distribuenda,
1343 2849 1370 2898 et
1393 2859 1476 2897 unum
1495 2843 1608 2915 quidem
1628 2862 1681 2915 pro
1698 2844 1731 2901 D.
1748 2845 1796 2901 nr·

436 2922 564 2992 'brechtq
581 2919 656 2977 aliud
675 2937 725 2990 pro
743 2921 776 2974 D.
795 2920 855 2975 Nic.
874 2921 987 2990 rigerio,
1012 2920 1086 2975 aliud
1104 2921 1169 2974 item
1188 2936 1237 2989 pro
1255 2920 1288 2975 D.
1306 2918 1365 2974 Val
1383 2920 1524 2990 Espichio,
1543 2923 1670 2979 medicis.
1706 2922 1758 2979 Sat
1772 2932 1796 2979 tt

441 3001 648 3061 mathematicus
671 2998 825 3054 academiae
851 3006 976 3060 noemae,
1001 2999 1038 3052 Μ.
1057 2998 1092 3053 Is.
1111 2997 1270 3066 Malleolus,
1294 2999 1448 3069 exemplum
1474 3001 1572 3056 charta
1590 3002 1698 3056 munda
1719 2999 1796 3070 petiit,

441 3081 473 3142 it
490 3099 553 3140 aere
571 3098 621 3139 suo
639 3096 791 3151 procurem,
809 3079 980 3135 auditoribus
999 3080 1096 3133 librum
1116 3093 1146 3132 se
1159 3079 1407 3135 commendaturum
1426 3081 1573 3150 pollicitus.
1611 3081 1683 3134 Item
1696 3080 1729 3134 D.
1742 3080 1795 3134 Cla·

440 3163 531 3219 tenius
553 3161 621 3231 petit
644 3161 725 3214 etiarn
749 3160 888 3229 exemplar
905 3161 1000 3217 charte
1018 3160 1130 3240 meliore
1148 3177 1198 3230 pro
1216 3161 1318 3216 illustr.
1336 3162 1462 3231 Principe
1481 3166 1552 3229 bno,
1578 3160 1626 3215 eui
1648 3176 1667 3214 a
1685 3159 1795 3216 contdiis

441 3249 492 3311 est,
512 3243 638 3309 Augusto
657 3243 732 3293 Duce
744 3240 967 3309 Luneburgensi3
986 3240 1102 3309 pretium
1121 3238 1157 3313 ed
1175 3238 1289 3307 primum
1308 3237 1370 3293 libri
1389 3246 1566 3308 conspectum
1586 3254 1639 3307 per
1657 3239 1796 3294 merentis·

441 3338 531 3377 surua
567 3317 671 3386 Quodsi
689 3316 740 3371 hoc
759 3318 846 3386 ipsum
867 3319 948 3372 etiam
968 3317 1105 3385 exemplar
1124 3323 1173 3371 tua
1191 3333 1271 3370 mann
1290 3316 1409 3386 Principi
1434 3317 1596 3373 dedicares?
1626 3318 1661 3370 Ii.
1682 3318 1794 3386 Lingula·

441 3401 547 3454 hemius
572 3408 603 3463 ta
627 3410 681 3462 quo
706 3394 850 3462 plurimum
874 3395 958 3464 salse)
977 3402 1024 3451 tuo
1043 3398 1151 3449 nomine
1170 3394 1264 3449 scribit
1286 3395 1314 3448 in
1332 3395 1458 3463 Galliam,
1485 3412 1535 3464 ego
1556 3395 1642 3449 hodie
1662 3396 1795 3462 Basileon,

441 3478 508 3532 nibil
526 3469 719 3540 intermissuri,
745 3474 817 3541 quod
836 3475 870 3527 ad
888 3482 928 3540 te,
955 3489 1033 3540 quem
1054 3475 1088 3528 ob
1107 3472 1269 3529 immortalia
1287 3473 1314 3525 in
1334 3474 1467 3542 rempubl.
1485 3474 1637 3528 literariam
1659 3474 1796 3544 promerita

441 3568 612 3623 summopere
630 3553 756 3620 colimus,
781 3553 962 3620 adjuvandum
987 3553 1131 3621 pertineat.
1168 3553 1263 3606 Plures
1287 3568 1359 3605 nunc
1378 3553 1520 3607 Ulmcuses
1544 3569 1632 3607 causa
1652 3554 1794 3608 studiorum

441 3634 486 3689 bic
504 3639 601 3703 agunt,
624 3647 738 3701 quorum
756 3639 883 3700 parentes
903 3648 918 3684 a
936 3640 1043 3686 rectore
1062 3632 1187 3690 indicati,
1212 3647 1228 3684 a
1247 3630 1348 3685 famulo
1367 3631 1474 3696 moniti,
1500 3631 1522 3683 si
1546 3631 1670 3698 pretium
1689 3632 1793 3685 istorum

440 3711 634 3781 exemplarium
654 3710 795 3775 solverint,
814 3725 907 3764 eorum
926 3710 975 3764 filii
994 3711 1086 3763 statim
1104 3709 1149 3762 hie
1171 3726 1187 3762 a
1211 3724 1254 3763 me
1273 3709 1410 3777 recipient.
1451 3710 1521 3763 Nam
1541 3709 1676 3778 pecunias
1701 3712 1727 3763 in
1750 3710 1794 3763 boc

440 3806 529 3846 rerum
549 3797 622 3844 stato
641 3788 824 3842 transmittere
844 3804 896 3841 uon
916 3796 958 3841 est
977 3788 1128 3841 consilium.
1165 3787 1240 3841 Vale.
1260 3785 1285 3840 d.
1306 3788 1378 3851 isti.
1398 3786 1456 3841 Oct.
1477 3789 1551 3841 teir.

527 3899 722 3976 Keplerus
753 3900 1000 3975 Berneggero
1031 3897 1062 3957 S.
1085 3897 1120 3954 P.
1149 3897 1188 3955 D.
1234 3896 1401 3955 Clarissima
1431 3896 1490 3968 vir,
1523 3897 1689 3954 amicorum
1717 3914 1794 3973 cory-

442 3986 554 4063 pbaeel
580 3986 694 4046 Uimam
719 3988 800 4046 tarde
824 3986 983 4045 admodum
1005 4002 1151 4062 reversus,
1173 3983 1220 4042 dic
1243 4001 1283 4043 sc.
1301 3985 1351 4042 30.
1369 3993 1405 4041 st.
1423 4001 1460 4054 v,
1486 3989 1552 4040 tuus
1568 3985 1672 4042 inveni
1696 3983 1794 4042 literas

443 4073 558 4149 Quibus
581 4073 675 4147 lectis,
699 4082 731 4133 ut
753 4076 855 4134 brevis
879 4077 943 4147 sim,
968 4072 1140 4133 trudendum
1164 4073 1244 4130 aidini
1266 4089 1331 4130 meo
1355 4069 1528 4129 Comerellio
1552 4074 1711 4129 mercatori
1734 4088 1796 4129 cen·

441 4165 487 4219 sui
510 4161 682 4220 fasciculum
710 4163 748 4220 10
766 4161 984 4237 exemplarium,
1008 4164 1082 4220 inter
1105 4177 1180 4235 quae
1197 4166 1265 4218 sunt
1289 4162 1305 4215 7
1331 4158 1444 4228 viliora,
1467 4159 1550 4214 trinis
1565 4175 1583 4215 a
1600 4160 1794 4216 commissario

442 4248 587 4307 Caesareo
611 4249 728 4307 florenis
752 4250 921 4321 aestimata,
953 4252 1007 4307 tria
1030 4248 1199 4320 mundioris,
1224 4248 1330 4322 quibus
1353 4244 1476 4320 singulis
1499 4243 1647 4303 accedunt
1672 4248 1714 4303 40
1735 4263 1794 4304 cru·

442 4337 531 4394 citeri.
577 4336 702 4411 Figuras
726 4353 762 4394 ex
785 4354 851 4395 aere
875 4354 933 4395 nou
957 4336 1051 4394 habeo
1076 4335 1114 4394 ad
1138 4352 1255 4407 uranus,
1281 4334 1442 4406 Noriberga
1465 4332 1641 4390 submittam
1667 4352 1732 4392 com
1754 4335 1793 4390 io·

443 4424 651 4498 scriptionibus
681 4440 770 4482 manu
802 4442 880 4495 mea,
914 4441 988 4499 quas
1018 4431 1079 4482 tute
1102 4422 1173 4480 mihi
1205 4420 1296 4480 literis
1319 4421 1547 4498 praescripseris.
1594 4418 1657 4478 Pro
1683 4431 1793 4479 recturo

440 4509 522 4569 solve
546 4510 625 4585 quod
649 4510 811 4586 legitimum
835 4514 902 4584 erit,
935 4520 1006 4587 puto
1029 4510 1067 4567 ad
1092 4511 1133 4568 30
1156 4510 1311 4567 cruciferos
1335 4512 1456 4583 petitum
1481 4509 1529 4577 iri,
1563 4505 1656 4583 idque
1681 4507 1792 4568 debebo

441 4595 476 4655 de
500 4599 618 4673 pretiia3
650 4598 767 4657 residua
789 4607 840 4657 aut
866 4598 991 4657 adserva
1019 4599 1048 4653 in
1079 4614 1160 4655 meos
1193 4614 1261 4653 usus
1292 4605 1343 4654 aut
1373 4613 1423 4669 par
1446 4595 1593 4653 cambium
1616 4594 1791 4668 Noriberpar

439 4693 593 4759 praesenta
606 4684 684 4742 Plril.
701 4686 881 4745 Eckebrecht
905 4686 1057 4744 mercatori
1079 4684 1294 4758 Noribergensi,
1319 4685 1413 4740 arnico
1437 4699 1511 4740 meo.
1558 4682 1635 4740 Nam
1660 4682 1790 4741 familiam

440 4771 495 4830 hac
518 4772 613 4831 bieme
629 4772 810 4834 itatisbouae
832 4774 975 4848 relinquo,
1000 4772 1066 4829 dum
1091 4790 1136 4831 me
1160 4774 1188 4828 in
1212 4768 1281 4829 aula
1304 4768 1464 4846 expediam,
1489 4770 1537 4826 cui
1561 4768 1690 4828 alendae
1711 4787 1789 4828 num·

439 4860 493 4917 mis
518 4876 591 4937 opus
614 4861 677 4917 crit.
723 4860 819 4919 Statui
842 4862 951 4919 biennii
975 4859 1138 4918 absentiam
1161 4859 1198 4917 ab
1228 4856 1298 4916 aula
1321 4864 1433 4933 petere,
1462 4864 1494 4913 ut
1517 4856 1716 4916 Francosurto
1741 4859 1788 4914 siut

439 4948 552 5006 vicinus
575 4946 614 5005 ad
637 4946 765 5005 edendas
789 4948 1009 5008 observationes
1032 4946 1149 5005 Brulrei.

526 5051 655 5112 Obsecro
679 5069 715 5111 ne
739 5055 804 5127 quis
828 5053 1074 5130 typographorum
1099 5051 1365 5127 bibliopolarumve
1388 5049 1540 5120 resciscat,
1565 5066 1632 5109 csse
1656 5065 1744 5127 penes
1763 5053 1787 5104 te

439 5140 617 5216 exemplaria
640 5138 765 5199 venalia.
811 5140 885 5199 Nam
909 5146 938 5199 in
962 5159 1013 5218 spe
1037 5159 1100 5199 sum
1126 5148 1289 5199 contractus
1314 5155 1379 5196 cunr
1402 5135 1593 5211 Tampncbio‚
1619 5140 1645 5195 si
1669 5132 1787 5214 ispanio

441 5225 511 5300 quid
534 5230 659 5302 aequius
682 5227 836 5305 obtulerit3
860 5246 964 5307 eaque,
987 5247 1063 5306 quae
1085 5235 1154 5287 sunt
1177 5229 1326 5287 internos
1350 5222 1533 5300 consultata,
1558 5241 1610 5302 per
1634 5224 1692 5285 boc
1714 5239 1786 5282 ron
