<?xml version="1.0" encoding="UTF-8"?>
<!DOCTYPE html PUBLIC "-//W3C//DTD XHTML 1.0 Transitional//EN"
    "http://www.w3.org/TR/xhtml1/DTD/xhtml1-transitional.dtd">
<html xmlns="http://www.w3.org/1999/xhtml" xml:lang="en" lang="en">
 <head>
  <title>
</title>
<meta http-equiv="Content-Type" content="text/html;charset=utf-8" />
  <meta name='ocr-system' content='tesseract 3.04.00' />
  <meta name='ocr-capabilities' content='ocr_page ocr_carea ocr_par ocr_line ocrx_word'/>
</head>
<body>
  <div class='ocr_page' id='page_1' title='image "./joanniskepleria03frisgoog/joanniskepleria03frisgoog_0515.png"; bbox 0 0 4459 6275; ppageno 0'>
   <div class='ocr_carea' id='block_1_1' title="bbox 1809 724 3613 848">
    <p class='ocr_par' dir='ltr' id='par_1_1' title="bbox 1809 708 3613 848">
     <span class='ocr_line' id='line_1_1' title="bbox 1809 724 3613 848; baseline 0.007 -30"><span class='ocrx_word' id='word_1_1' title='bbox 1809 761 1986 848; x_wconf 40' lang='lat' dir='ltr'><strong>Liber·</strong></span> <span class='ocrx_word' id='word_1_2' title='bbox 2011 724 2230 817; x_wconf 82' lang='lat' dir='ltr'><strong>Sextus.</strong></span> <span class='ocrx_word' id='word_1_3' title='bbox 2280 762 2438 818; x_wconf 79' lang='lat' dir='ltr'><strong>‘Pars</strong></span> <span class='ocrx_word' id='word_1_4' title='bbox 2474 761 2695 832; x_wconf 80' lang='lat' dir='ltr'><strong>Quinta.</strong></span> <span class='ocrx_word' id='word_1_5' title='bbox 2953 772 2957 777; x_wconf 82' lang='lat'>&#39;</span> <span class='ocrx_word' id='word_1_6' title='bbox 3253 840 3260 847; x_wconf 30' lang='grc' dir='ltr'><em>ι</em></span> <span class='ocrx_word' id='word_1_7' title='bbox 3488 770 3613 830; x_wconf 73' lang='lat'><strong>503</strong></span> 
     </span>
    </p>
   </div>
   <div class='ocr_carea' id='block_1_2' title="bbox 896 901 3668 1200">
    <p class='ocr_par' dir='ltr' id='par_1_2' title="bbox 896 901 3668 1196">
     <span class='ocr_line' id='line_1_2' title="bbox 896 901 3622 1020; baseline 0.002 -22"><span class='ocrx_word' id='word_1_8' title='bbox 896 937 1083 999; x_wconf 84' lang='grc' dir='ltr'><strong>ιιιιιιιο</strong></span> <span class='ocrx_word' id='word_1_9' title='bbox 1128 937 1281 999; x_wconf 67' lang='lat' dir='ltr'><strong>aeris</strong></span> <span class='ocrx_word' id='word_1_10' title='bbox 1322 941 1821 1002; x_wconf 70' lang='lat' dir='ltr'><strong>1at÷tnntem.A</strong></span> <span class='ocrx_word' id='word_1_11' title='bbox 1881 907 2096 1019; x_wconf 74' lang='lat' dir='ltr'><strong>quibus</strong></span> <span class='ocrx_word' id='word_1_12' title='bbox 2154 944 2332 1019; x_wconf 74' lang='lat' dir='ltr'><strong>igitur</strong></span> <span class='ocrx_word' id='word_1_13' title='bbox 2390 943 2608 1020; x_wconf 72' lang='lat' dir='ltr'><strong>plagis</strong></span> <span class='ocrx_word' id='word_1_14' title='bbox 2642 943 2983 1009; x_wconf 79' lang='lat' dir='ltr'><strong>allabuntur</strong></span> <span class='ocrx_word' id='word_1_15' title='bbox 3029 941 3219 1002; x_wconf 81' lang='lat' dir='ltr'><strong>ultimi</strong></span> <span class='ocrx_word' id='word_1_16' title='bbox 3271 943 3418 1003; x_wconf 68' lang='grc' dir='ltr'><strong>ιιιιιιι</strong></span> <span class='ocrx_word' id='word_1_17' title='bbox 3464 901 3622 1015; x_wconf 56' lang='lat' dir='ltr'><strong>selis</strong></span> 
     </span>
     <span class='ocr_line' id='line_1_3' title="bbox 903 1026 3668 1107; baseline 0.002 -21"><span class='ocrx_word' id='word_1_18' title='bbox 903 1034 964 1087; x_wconf 91' lang='lat' dir='ltr'><strong>et</strong></span> <span class='ocrx_word' id='word_1_19' title='bbox 1009 1026 1248 1101; x_wconf 89' lang='lat' dir='ltr'><strong>Lunae,</strong></span> <span class='ocrx_word' id='word_1_20' title='bbox 1310 1027 1535 1088; x_wconf 85' lang='lat' dir='ltr'><strong>scilicet</strong></span> <span class='ocrx_word' id='word_1_21' title='bbox 1578 1030 1655 1088; x_wconf 88' lang='lat' dir='ltr'><strong>ab</strong></span> <span class='ocrx_word' id='word_1_22' title='bbox 1704 1029 2011 1090; x_wconf 84' lang='lat' dir='ltr'><strong>altitudine</strong></span> <span class='ocrx_word' id='word_1_23' title='bbox 2078 1031 2385 1107; x_wconf 89' lang='lat' dir='ltr'><strong>utrinque</strong></span> <span class='ocrx_word' id='word_1_24' title='bbox 2410 1028 2695 1089; x_wconf 88' lang='lat' dir='ltr'><strong>nonnulla</strong></span> <span class='ocrx_word' id='word_1_25' title='bbox 2754 1046 2931 1107; x_wconf 86' lang='lat' dir='ltr'><strong>supra</strong></span> <span class='ocrx_word' id='word_1_26' title='bbox 2991 1028 3352 1092; x_wconf 82' lang='lat' dir='ltr'><strong>horizontem</strong></span> <span class='ocrx_word' id='word_1_27' title='bbox 3415 1049 3621 1092; x_wconf 80' lang='lat' dir='ltr'><strong>versus</strong></span> <span class='ocrx_word' id='word_1_28' title='bbox 3654 1065 3668 1076; x_wconf 92' lang='lat'><strong>·</strong></span> 
     </span>
     <span class='ocr_line' id='line_1_4' title="bbox 900 1115 3622 1200; baseline 0.002 -27"><span class='ocrx_word' id='word_1_29' title='bbox 900 1132 1004 1174; x_wconf 86' lang='lat' dir='ltr'><strong>eas</strong></span> <span class='ocrx_word' id='word_1_30' title='bbox 1052 1115 1283 1192; x_wconf 78' lang='lat' dir='ltr'><strong>plagas,</strong></span> <span class='ocrx_word' id='word_1_31' title='bbox 1330 1117 1390 1173; x_wconf 91' lang='lat' dir='ltr'><strong>in</strong></span> <span class='ocrx_word' id='word_1_32' title='bbox 1436 1115 1569 1175; x_wconf 87' lang='lat' dir='ltr'><strong>illas</strong></span> <span class='ocrx_word' id='word_1_33' title='bbox 1615 1116 1840 1177; x_wconf 87' lang='lat' dir='ltr'><strong>scilicet</strong></span> <span class='ocrx_word' id='word_1_34' title='bbox 1886 1116 2227 1177; x_wconf 84' lang='lat' dir='ltr'><strong>altitudines</strong></span> <span class='ocrx_word' id='word_1_35' title='bbox 2273 1117 2586 1177; x_wconf 81' lang='lat' dir='ltr'><strong>luminaria</strong></span> <span class='ocrx_word' id='word_1_36' title='bbox 2630 1119 2860 1200; x_wconf 80' lang='lat' dir='ltr'><strong>reponit</strong></span> <span class='ocrx_word' id='word_1_37' title='bbox 2904 1117 3110 1176; x_wconf 89' lang='lat' dir='ltr'><strong>oculus</strong></span> <span class='ocrx_word' id='word_1_38' title='bbox 3138 1116 3434 1195; x_wconf 82' lang='lat' dir='ltr'><strong>deceptus,</strong></span> <span class='ocrx_word' id='word_1_39' title='bbox 3480 1122 3622 1196; x_wconf 90' lang='lat' dir='ltr'><strong>quia</strong></span> 
     </span>
    </p>
   </div>
   <div class='ocr_carea' id='block_1_3' title="bbox 899 1202 3810 1282">
    <p class='ocr_par' dir='ltr' id='par_1_3' title="bbox 899 1202 3810 1282">
     <span class='ocr_line' id='line_1_5' title="bbox 899 1202 3810 1282; baseline 0.002 -22"><span class='ocrx_word' id='word_1_40' title='bbox 899 1202 974 1262; x_wconf 89' lang='lat' dir='ltr'><strong>de</strong></span> <span class='ocrx_word' id='word_1_41' title='bbox 1016 1202 1366 1262; x_wconf 77' lang='lat' dir='ltr'><strong>refractione</strong></span> <span class='ocrx_word' id='word_1_42' title='bbox 1409 1203 1707 1263; x_wconf 89' lang='lat' dir='ltr'><strong>radiorum</strong></span> <span class='ocrx_word' id='word_1_43' title='bbox 1759 1205 1916 1265; x_wconf 82' lang='lat' dir='ltr'><strong>facta</strong></span> <span class='ocrx_word' id='word_1_44' title='bbox 1959 1205 2105 1264; x_wconf 85' lang='lat' dir='ltr'><strong>nihil</strong></span> <span class='ocrx_word' id='word_1_45' title='bbox 2162 1204 2251 1264; x_wconf 91' lang='lat' dir='ltr'><strong>illi</strong></span> <span class='ocrx_word' id='word_1_46' title='bbox 2295 1212 2557 1281; x_wconf 82' lang='lat' dir='ltr'><strong>constat3</strong></span> <span class='ocrx_word' id='word_1_47' title='bbox 2617 1207 2894 1282; x_wconf 82' lang='lat' dir='ltr'><strong>opinatur</strong></span> <span class='ocrx_word' id='word_1_48' title='bbox 2943 1205 3151 1281; x_wconf 79' lang='lat' dir='ltr'><strong>igitur,</strong></span> <span class='ocrx_word' id='word_1_49' title='bbox 3214 1206 3428 1266; x_wconf 86' lang='lat' dir='ltr'><strong>lineam</strong></span> <span class='ocrx_word' id='word_1_50' title='bbox 3489 1224 3620 1267; x_wconf 87' lang='lat' dir='ltr'><strong>osse</strong></span> <span class='ocrx_word' id='word_1_51' title='bbox 3699 1214 3705 1221; x_wconf 89' lang='lat'>&#39;</span> <span class='ocrx_word' id='word_1_52' title='bbox 3799 1221 3810 1232; x_wconf 88' lang='lat'><strong>·</strong></span> 
     </span>
    </p>
   </div>
   <div class='ocr_carea' id='block_1_4' title="bbox 836 1286 3760 1634">
    <p class='ocr_par' dir='ltr' id='par_1_4' title="bbox 836 1286 3760 1453">
     <span class='ocr_line' id='line_1_6' title="bbox 836 1286 3760 1407; baseline 0.003 -61"><span class='ocrx_word' id='word_1_53' title='bbox 836 1290 1137 1378; x_wconf 38' lang='lat' dir='ltr'><strong>‘tunicam</strong></span> <span class='ocrx_word' id='word_1_54' title='bbox 1180 1290 1258 1349; x_wconf 87' lang='lat' dir='ltr'><strong>ab</strong></span> <span class='ocrx_word' id='word_1_55' title='bbox 1304 1290 1478 1350; x_wconf 88' lang='lat' dir='ltr'><strong>oculo</strong></span> <span class='ocrx_word' id='word_1_56' title='bbox 1526 1307 1716 1368; x_wconf 86' lang='lat' dir='ltr'><strong>usque</strong></span> <span class='ocrx_word' id='word_1_57' title='bbox 1758 1292 1838 1352; x_wconf 88' lang='lat' dir='ltr'><strong>ad</strong></span> <span class='ocrx_word' id='word_1_58' title='bbox 1882 1291 2189 1407; x_wconf 85' lang='lat' dir='ltr'><strong>luminare.</strong></span> <span class='ocrx_word' id='word_1_59' title='bbox 2269 1292 2435 1354; x_wconf 87' lang='lat' dir='ltr'><strong>Vide</strong></span> <span class='ocrx_word' id='word_1_60' title='bbox 2480 1310 2687 1370; x_wconf 88' lang='lat' dir='ltr'><strong>supra,</strong></span> <span class='ocrx_word' id='word_1_61' title='bbox 2750 1286 2900 1384; x_wconf 72' lang='lat' dir='ltr'><strong>libro</strong></span> <span class='ocrx_word' id='word_1_62' title='bbox 2943 1291 2992 1351; x_wconf 95' lang='lat' dir='ltr'><strong>I.</strong></span> <span class='ocrx_word' id='word_1_63' title='bbox 3036 1291 3139 1353; x_wconf 77' lang='lat' dir='ltr'><strong>fol.</strong></span> <span class='ocrx_word' id='word_1_64' title='bbox 3193 1294 3336 1374; x_wconf 80' lang='grc'><strong>148.</strong></span> <span class='ocrx_word' id='word_1_65' title='bbox 3382 1294 3621 1356; x_wconf 85' lang='lat' dir='ltr'><strong>schema</strong></span> <span class='ocrx_word' id='word_1_66' title='bbox 3751 1298 3760 1307; x_wconf 88' lang='lat'>&#39;</span> 
     </span>
     <span class='ocr_line' id='line_1_7' title="bbox 898 1377 3361 1453; baseline 0.001 -17"><span class='ocrx_word' id='word_1_67' title='bbox 898 1384 961 1436; x_wconf 85' lang='lat' dir='ltr'><strong>et</strong></span> <span class='ocrx_word' id='word_1_68' title='bbox 1005 1377 1477 1453; x_wconf 75' lang='lat' dir='ltr'><strong>explicationem.</strong></span> <span class='ocrx_word' id='word_1_69' title='bbox 3353 1406 3361 1415; x_wconf 91' lang='lat'>·</span> 
     </span>
    </p>

    <p class='ocr_par' dir='ltr' id='par_1_5' title="bbox 1080 1464 3621 1544">
     <span class='ocr_line' id='line_1_8' title="bbox 1080 1464 3621 1544; baseline 0.002 -21"><span class='ocrx_word' id='word_1_70' title='bbox 1080 1464 1250 1524; x_wconf 74' lang='lat' dir='ltr'><strong>Num</strong></span> <span class='ocrx_word' id='word_1_71' title='bbox 1293 1468 1476 1524; x_wconf 77' lang='lat' dir='ltr'><strong>etiam</strong></span> <span class='ocrx_word' id='word_1_72' title='bbox 1524 1467 1687 1526; x_wconf 79' lang='lat' dir='ltr'><strong>aliae</strong></span> <span class='ocrx_word' id='word_1_73' title='bbox 1727 1468 1933 1529; x_wconf 70' lang='lat' dir='ltr'><strong>stellae</strong></span> <span class='ocrx_word' id='word_1_74' title='bbox 1970 1471 2057 1527; x_wconf 78' lang='lat' dir='ltr'><strong>eie</strong></span> <span class='ocrx_word' id='word_1_75' title='bbox 2099 1468 2528 1543; x_wconf 73' lang='lat' dir='ltr'><strong>obscurantur,</strong></span> <span class='ocrx_word' id='word_1_76' title='bbox 2572 1475 2645 1526; x_wconf 82' lang='lat' dir='ltr'><strong>ut</strong></span> <span class='ocrx_word' id='word_1_77' title='bbox 2687 1465 2920 1526; x_wconf 74' lang='lat' dir='ltr'><strong>Luna?</strong></span> <span class='ocrx_word' id='word_1_78' title='bbox 2990 1466 3087 1526; x_wconf 88' lang='lat' dir='ltr'><strong>Ab</strong></span> <span class='ocrx_word' id='word_1_79' title='bbox 3131 1467 3341 1528; x_wconf 92' lang='lat' dir='ltr'><strong>umbra</strong></span> <span class='ocrx_word' id='word_1_80' title='bbox 3384 1468 3621 1544; x_wconf 88' lang='lat' dir='ltr'><strong>quidem</strong></span> 
     </span>
    </p>

    <p class='ocr_par' dir='ltr' id='par_1_6' title="bbox 896 1546 3623 1634">
     <span class='ocr_line' id='line_1_9' title="bbox 896 1546 3623 1634; baseline 0.001 -22"><span class='ocrx_word' id='word_1_81' title='bbox 896 1553 1117 1612; x_wconf 87' lang='lat' dir='ltr'><strong>Terrae</strong></span> <span class='ocrx_word' id='word_1_82' title='bbox 1162 1551 1309 1610; x_wconf 88' lang='lat' dir='ltr'><strong>nibil</strong></span> <span class='ocrx_word' id='word_1_83' title='bbox 1333 1555 1657 1634; x_wconf 42' lang='lat' dir='ltr'><strong>‚patiuntur</strong></span> <span class='ocrx_word' id='word_1_84' title='bbox 1699 1553 1974 1631; x_wconf 84' lang='lat' dir='ltr'><strong>planetae</strong></span> <span class='ocrx_word' id='word_1_85' title='bbox 2018 1558 2316 1633; x_wconf 84' lang='lat' dir='ltr'><strong>proximi,</strong></span> <span class='ocrx_word' id='word_1_86' title='bbox 2336 1555 2539 1614; x_wconf 88' lang='lat' dir='ltr'><strong>Venus</strong></span> <span class='ocrx_word' id='word_1_87' title='bbox 2585 1546 2646 1614; x_wconf 85' lang='lat' dir='ltr'><strong>et</strong></span> <span class='ocrx_word' id='word_1_88' title='bbox 2677 1554 2890 1629; x_wconf 63' lang='lat' dir='ltr'><strong>Mar-ag</strong></span> <span class='ocrx_word' id='word_1_89' title='bbox 2911 1554 3015 1613; x_wconf 87' lang='lat' dir='ltr'><strong>illa</strong></span> <span class='ocrx_word' id='word_1_90' title='bbox 3060 1556 3218 1630; x_wconf 88' lang='lat' dir='ltr'><strong>quia,</strong></span> <span class='ocrx_word' id='word_1_91' title='bbox 3266 1556 3378 1615; x_wconf 85' lang='lat' dir='ltr'><strong>etsi</strong></span> <span class='ocrx_word' id='word_1_92' title='bbox 3423 1554 3623 1615; x_wconf 87' lang='lat' dir='ltr'><strong>humi-</strong></span> 
     </span>
    </p>
   </div>
   <div class='ocr_carea' id='block_1_5' title="bbox 884 1639 3772 1720">
    <p class='ocr_par' dir='ltr' id='par_1_7' title="bbox 884 1639 3772 1720">
     <span class='ocr_line' id='line_1_10' title="bbox 884 1639 3772 1720; baseline 0.002 -23"><span class='ocrx_word' id='word_1_93' title='bbox 884 1639 1013 1698; x_wconf 89' lang='lat' dir='ltr'><strong>·lior</strong></span> <span class='ocrx_word' id='word_1_94' title='bbox 1057 1646 1215 1700; x_wconf 75' lang='lat' dir='ltr'><strong>esset</strong></span> <span class='ocrx_word' id='word_1_95' title='bbox 1257 1656 1434 1716; x_wconf 88' lang='lat' dir='ltr'><strong>quam</strong></span> <span class='ocrx_word' id='word_1_96' title='bbox 1479 1648 1587 1713; x_wconf 83' lang='lat' dir='ltr'><strong>est,</strong></span> <span class='ocrx_word' id='word_1_97' title='bbox 1635 1641 1761 1701; x_wconf 92' lang='lat' dir='ltr'><strong>Soli</strong></span> <span class='ocrx_word' id='word_1_98' title='bbox 1806 1651 2002 1702; x_wconf 90' lang='lat' dir='ltr'><strong>tamen</strong></span> <span class='ocrx_word' id='word_1_99' title='bbox 2049 1660 2166 1701; x_wconf 93' lang='lat' dir='ltr'><strong>non</strong></span> <span class='ocrx_word' id='word_1_100' title='bbox 2212 1641 2558 1720; x_wconf 80' lang='lat' dir='ltr'><strong>opponitur,</strong></span> <span class='ocrx_word' id='word_1_101' title='bbox 2607 1644 2737 1717; x_wconf 85' lang='lat' dir='ltr'><strong>iste,</strong></span> <span class='ocrx_word' id='word_1_102' title='bbox 2785 1642 2925 1718; x_wconf 89' lang='lat' dir='ltr'><strong>quia</strong></span> <span class='ocrx_word' id='word_1_103' title='bbox 2969 1644 3235 1718; x_wconf 75' lang='lat' dir='ltr'><strong>superior</strong></span> <span class='ocrx_word' id='word_1_104' title='bbox 3281 1648 3370 1702; x_wconf 89' lang='lat' dir='ltr'><strong>est</strong></span> <span class='ocrx_word' id='word_1_105' title='bbox 3415 1643 3651 1715; x_wconf 74' lang='lat' dir='ltr'><strong>ultimo·</strong></span> <span class='ocrx_word' id='word_1_106' title='bbox 3761 1661 3772 1674; x_wconf 92' lang='lat'><strong>·</strong></span> 
     </span>
    </p>
   </div>
   <div class='ocr_carea' id='block_1_6' title="bbox 865 1726 3646 2138">
    <p class='ocr_par' dir='ltr' id='par_1_8' title="bbox 865 1726 3646 2138">
     <span class='ocr_line' id='line_1_11' title="bbox 902 1726 3623 1806; baseline 0.002 -21"><span class='ocrx_word' id='word_1_107' title='bbox 902 1726 1183 1786; x_wconf 79' lang='lat' dir='ltr'><strong>mucrone</strong></span> <span class='ocrx_word' id='word_1_108' title='bbox 1229 1727 1471 1788; x_wconf 80' lang='lat' dir='ltr'><strong>umbrae</strong></span> <span class='ocrx_word' id='word_1_109' title='bbox 1516 1735 1799 1801; x_wconf 87' lang='lat' dir='ltr'><strong>terrenae,</strong></span> <span class='ocrx_word' id='word_1_110' title='bbox 1846 1732 2022 1789; x_wconf 86' lang='lat' dir='ltr'><strong>etiam</strong></span> <span class='ocrx_word' id='word_1_111' title='bbox 2084 1747 2218 1789; x_wconf 92' lang='lat' dir='ltr'><strong>cum</strong></span> <span class='ocrx_word' id='word_1_112' title='bbox 2264 1732 2546 1789; x_wconf 90' lang='lat' dir='ltr'><strong>omnium·</strong></span> <span class='ocrx_word' id='word_1_113' title='bbox 2569 1731 2836 1806; x_wconf 84' lang='lat' dir='ltr'><strong>proxime</strong></span> <span class='ocrx_word' id='word_1_114' title='bbox 2880 1729 3127 1789; x_wconf 84' lang='lat' dir='ltr'><strong>accedit.</strong></span> <span class='ocrx_word' id='word_1_115' title='bbox 3194 1727 3385 1789; x_wconf 86' lang='lat' dir='ltr'><strong>Multo</strong></span> <span class='ocrx_word' id='word_1_116' title='bbox 3433 1733 3623 1791; x_wconf 79' lang='lat' dir='ltr'><strong>minus</strong></span> 
     </span>
     <span class='ocr_line' id='line_1_12' title="bbox 865 1812 3623 1895; baseline 0.002 -22"><span class='ocrx_word' id='word_1_117' title='bbox 865 1816 1077 1889; x_wconf 65' lang='lat' dir='ltr'><strong>igitur</strong></span> <span class='ocrx_word' id='word_1_118' title='bbox 1119 1813 1330 1874; x_wconf 88' lang='lat' dir='ltr'><strong>stellae</strong></span> <span class='ocrx_word' id='word_1_119' title='bbox 1375 1818 1705 1892; x_wconf 88' lang='lat' dir='ltr'><strong>superiores</strong></span> <span class='ocrx_word' id='word_1_120' title='bbox 1750 1817 1942 1877; x_wconf 88' lang='lat' dir='ltr'><strong>Marte</strong></span> <span class='ocrx_word' id='word_1_121' title='bbox 1964 1819 2108 1892; x_wconf 79' lang='lat' dir='ltr'><strong>tegi</strong></span> <span class='ocrx_word' id='word_1_122' title='bbox 2154 1812 2432 1895; x_wconf 81' lang='lat' dir='ltr'><strong>poterunt</strong></span> <span class='ocrx_word' id='word_1_123' title='bbox 2474 1817 2551 1878; x_wconf 89' lang='lat' dir='ltr'><strong>ab</strong></span> <span class='ocrx_word' id='word_1_124' title='bbox 2599 1817 2824 1878; x_wconf 90' lang='lat' dir='ltr'><strong>umbra.</strong></span> <span class='ocrx_word' id='word_1_125' title='bbox 2915 1815 2998 1876; x_wconf 86' lang='lat' dir='ltr'><strong>At</strong></span> <span class='ocrx_word' id='word_1_126' title='bbox 3042 1816 3119 1877; x_wconf 92' lang='lat' dir='ltr'><strong>ab</strong></span> <span class='ocrx_word' id='word_1_127' title='bbox 3165 1817 3398 1892; x_wconf 90' lang='lat' dir='ltr'><strong>umbra,</strong></span> <span class='ocrx_word' id='word_1_128' title='bbox 3446 1834 3623 1894; x_wconf 87' lang='lat' dir='ltr'><strong>quam</strong></span> 
     </span>
     <span class='ocr_line' id='line_1_13' title="bbox 895 1900 3646 1982; baseline 0.002 -21"><span class='ocrx_word' id='word_1_129' title='bbox 895 1902 971 1961; x_wconf 90' lang='lat' dir='ltr'><strong>de</strong></span> <span class='ocrx_word' id='word_1_130' title='bbox 1016 1917 1084 1962; x_wconf 87' lang='lat' dir='ltr'><strong>se</strong></span> <span class='ocrx_word' id='word_1_131' title='bbox 1125 1900 1339 1979; x_wconf 78' lang='lat' dir='ltr'><strong>globus</strong></span> <span class='ocrx_word' id='word_1_132' title='bbox 1385 1901 1563 1962; x_wconf 85' lang='lat' dir='ltr'><strong>Jovis</strong></span> <span class='ocrx_word' id='word_1_133' title='bbox 1608 1905 1665 1961; x_wconf 92' lang='lat' dir='ltr'><strong>in</strong></span> <span class='ocrx_word' id='word_1_134' title='bbox 1714 1904 1901 1964; x_wconf 90' lang='lat' dir='ltr'><strong>altum</strong></span> <span class='ocrx_word' id='word_1_135' title='bbox 1947 1905 2229 1982; x_wconf 88' lang='lat' dir='ltr'><strong>projicit,.</strong></span> <span class='ocrx_word' id='word_1_136' title='bbox 2253 1906 2555 1966; x_wconf 89' lang='lat' dir='ltr'><strong>obscurari</strong></span> <span class='ocrx_word' id='word_1_137' title='bbox 2599 1915 2658 1963; x_wconf 88' lang='lat' dir='ltr'><strong>et</strong></span> <span class='ocrx_word' id='word_1_138' title='bbox 2701 1905 2998 1981; x_wconf 87' lang='lat' dir='ltr'><strong>exstingui</strong></span> <span class='ocrx_word' id='word_1_139' title='bbox 3046 1911 3301 1981; x_wconf 87' lang='lat' dir='ltr'><strong>quatuor</strong></span> <span class='ocrx_word' id='word_1_140' title='bbox 3330 1903 3622 1980; x_wconf 83' lang='lat' dir='ltr'><strong>Joviales,</strong></span> <span class='ocrx_word' id='word_1_141' title='bbox 3639 1924 3646 1933; x_wconf 92' lang='lat'>·</span> 
     </span>
     <span class='ocr_line' id='line_1_14' title="bbox 894 1984 3625 2103; baseline 0.002 -56"><span class='ocrx_word' id='word_1_142' title='bbox 894 1988 1167 2066; x_wconf 85' lang='lat' dir='ltr'><strong>planetas</strong></span> <span class='ocrx_word' id='word_1_143' title='bbox 1210 1984 1438 2049; x_wconf 84' lang='lat' dir='ltr'><strong>scilicet</strong></span> <span class='ocrx_word' id='word_1_144' title='bbox 1503 1991 1917 2067; x_wconf 87' lang='lat' dir='ltr'><strong>secundarios,</strong></span> <span class='ocrx_word' id='word_1_145' title='bbox 1983 2009 2101 2103; x_wconf 79' lang='lat' dir='ltr'><strong>non</strong></span> <span class='ocrx_word' id='word_1_146' title='bbox 2148 1994 2324 2053; x_wconf 88' lang='lat' dir='ltr'><strong>irritis</strong></span> <span class='ocrx_word' id='word_1_147' title='bbox 2372 1993 2739 2096; x_wconf 77' lang='lat' dir='ltr'><strong>documentis</strong></span> <span class='ocrx_word' id='word_1_148' title='bbox 2782 1992 3039 2069; x_wconf 89' lang='lat' dir='ltr'><strong>probant</strong></span> <span class='ocrx_word' id='word_1_149' title='bbox 3084 1990 3392 2055; x_wconf 85' lang='lat' dir='ltr'><strong>Galilaeus</strong></span> <span class='ocrx_word' id='word_1_150' title='bbox 3440 1993 3625 2060; x_wconf 84' lang='lat' dir='ltr'><strong>Italus</strong></span> 
     </span>
     <span class='ocr_line' id='line_1_15' title="bbox 882 2075 3520 2138; baseline 0.003 -1"><span class='ocrx_word' id='word_1_151' title='bbox 882 2084 958 2137; x_wconf 79' lang='lat' dir='ltr'><strong>-et</strong></span> <span class='ocrx_word' id='word_1_152' title='bbox 1002 2075 1224 2135; x_wconf 77' lang='lat' dir='ltr'><strong>Marius</strong></span> <span class='ocrx_word' id='word_1_153' title='bbox 1272 2075 1622 2138; x_wconf 88' lang='lat' dir='ltr'><strong>Germanus.</strong></span> <span class='ocrx_word' id='word_1_154' title='bbox 3514 2116 3520 2121; x_wconf 97' lang='lat'><em>-</em></span> 
     </span>
    </p>
   </div>
   <div class='ocr_carea' id='block_1_7' title="bbox 1777 2148 3000 2296">
    <p class='ocr_par' dir='ltr' id='par_1_9' title="bbox 1777 2148 3000 2296">
     <span class='ocr_line' id='line_1_16' title="bbox 1777 2148 3000 2296; baseline 0.006 -22"><span class='ocrx_word' id='word_1_155' title='bbox 1777 2215 1947 2277; x_wconf 84' lang='lat' dir='ltr'><strong>VIII.</strong></span> <span class='ocrx_word' id='word_1_156' title='bbox 1999 2198 2102 2276; x_wconf 86' lang='lat' dir='ltr'><strong>De</strong></span> <span class='ocrx_word' id='word_1_157' title='bbox 2150 2217 2452 2296; x_wconf 80' lang='lat' dir='ltr'><strong>Ecljpsi</strong></span> <span class='ocrx_word' id='word_1_158' title='bbox 2510 2148 2741 2286; x_wconf 73' lang='lat' dir='ltr'><strong>Solis.</strong></span> <span class='ocrx_word' id='word_1_159' title='bbox 2992 2170 3000 2177; x_wconf 25' lang='grc' dir='ltr'>ι</span> 
     </span>
    </p>
   </div>
   <div class='ocr_carea' id='block_1_8' title="bbox 899 2310 3762 2509">
    <p class='ocr_par' dir='ltr' id='par_1_10' title="bbox 899 2310 3762 2509">
     <span class='ocr_line' id='line_1_17' title="bbox 1076 2310 3762 2415; baseline 0.004 -20"><span class='ocrx_word' id='word_1_160' title='bbox 1076 2339 1515 2414; x_wconf 70' lang='lat' dir='ltr'><strong>quotupliciter</strong></span> <span class='ocrx_word' id='word_1_161' title='bbox 1573 2338 1951 2399; x_wconf 70' lang='lat' dir='ltr'><strong>considerari</strong></span> <span class='ocrx_word' id='word_1_162' title='bbox 2000 2347 2260 2415; x_wconf 76' lang='lat' dir='ltr'><strong>possunt</strong></span> <span class='ocrx_word' id='word_1_163' title='bbox 2324 2341 2564 2415; x_wconf 78' lang='lat' dir='ltr'><strong>eclipses</strong></span> <span class='ocrx_word' id='word_1_164' title='bbox 2625 2310 2829 2402; x_wconf 63' lang='lat' dir='ltr'><strong>Solis?</strong></span> <span class='ocrx_word' id='word_1_165' title='bbox 2916 2343 3166 2404; x_wconf 89' lang='lat' dir='ltr'><strong>Duobus</strong></span> <span class='ocrx_word' id='word_1_166' title='bbox 3233 2345 3461 2407; x_wconf 70' lang='lat' dir='ltr'><strong>modist</strong></span> <span class='ocrx_word' id='word_1_167' title='bbox 3529 2345 3625 2407; x_wconf 83' lang='lat' dir='ltr'><strong>vel</strong></span> <span class='ocrx_word' id='word_1_168' title='bbox 3755 2346 3762 2355; x_wconf 83' lang='lat'>&#39;</span> 
     </span>
     <span class='ocr_line' id='line_1_18' title="bbox 899 2425 3624 2509; baseline 0.003 -23"><span class='ocrx_word' id='word_1_169' title='bbox 899 2428 1056 2486; x_wconf 87' lang='lat' dir='ltr'><strong>euim</strong></span> <span class='ocrx_word' id='word_1_170' title='bbox 1123 2433 1394 2501; x_wconf 87' lang='lat' dir='ltr'><strong>respectu</strong></span> <span class='ocrx_word' id='word_1_171' title='bbox 1459 2425 1652 2509; x_wconf 67' lang='lat' dir='ltr'><strong>illius,</strong></span> <span class='ocrx_word' id='word_1_172' title='bbox 1736 2426 1894 2502; x_wconf 86' lang='lat' dir='ltr'><strong>quod</strong></span> <span class='ocrx_word' id='word_1_173' title='bbox 1961 2426 2207 2496; x_wconf 82' lang='lat' dir='ltr'><strong>durante</strong></span> <span class='ocrx_word' id='word_1_174' title='bbox 2271 2427 2669 2488; x_wconf 86' lang='lat' dir='ltr'><strong>&#39;occultatione</strong></span> <span class='ocrx_word' id='word_1_175' title='bbox 2737 2427 2898 2488; x_wconf 86' lang='lat' dir='ltr'><strong>Solis</strong></span> <span class='ocrx_word' id='word_1_176' title='bbox 2961 2434 3183 2507; x_wconf 88' lang='lat' dir='ltr'><strong>patitur</strong></span> <span class='ocrx_word' id='word_1_177' title='bbox 3242 2433 3457 2508; x_wconf 87' lang='lat' dir='ltr'><strong>Terra,</strong></span> <span class='ocrx_word' id='word_1_178' title='bbox 3527 2435 3624 2496; x_wconf 83' lang='lat' dir='ltr'><strong>vel</strong></span> 
     </span>
    </p>
   </div>
   <div class='ocr_carea' id='block_1_9' title="bbox 892 2508 3744 2598">
    <p class='ocr_par' dir='ltr' id='par_1_11' title="bbox 892 2508 3744 2598">
     <span class='ocr_line' id='line_1_19' title="bbox 892 2508 3744 2598; baseline 0.005 -29"><span class='ocrx_word' id='word_1_179' title='bbox 892 2518 1165 2590; x_wconf 79' lang='lat' dir='ltr'><strong>respectu</strong></span> <span class='ocrx_word' id='word_1_180' title='bbox 1213 2512 1406 2586; x_wconf 88' lang='lat' dir='ltr'><strong>illius,</strong></span> <span class='ocrx_word' id='word_1_181' title='bbox 1464 2513 1622 2590; x_wconf 90' lang='lat' dir='ltr'><strong>quod</strong></span> <span class='ocrx_word' id='word_1_182' title='bbox 1666 2516 1792 2589; x_wconf 87' lang='lat' dir='ltr'><strong>pati</strong></span> <span class='ocrx_word' id='word_1_183' title='bbox 1838 2513 2073 2575; x_wconf 83' lang='lat' dir='ltr'><strong>videtur</strong></span> <span class='ocrx_word' id='word_1_184' title='bbox 2117 2513 2240 2574; x_wconf 74' lang='lat' dir='ltr'><strong>Sol.</strong></span> <span class='ocrx_word' id='word_1_185' title='bbox 2332 2514 2452 2574; x_wconf 88' lang='lat' dir='ltr'><strong>Illo·</strong></span> <span class='ocrx_word' id='word_1_186' title='bbox 2506 2515 2708 2574; x_wconf 91' lang='lat' dir='ltr'><strong>modo</strong></span> <span class='ocrx_word' id='word_1_187' title='bbox 2740 2516 3142 2578; x_wconf 85' lang='lat' dir='ltr'><strong>consideratur</strong></span> <span class='ocrx_word' id='word_1_188' title='bbox 3184 2519 3421 2598; x_wconf 77' lang='lat' dir='ltr'><strong>eclipsis</strong></span> <span class='ocrx_word' id='word_1_189' title='bbox 3465 2520 3623 2582; x_wconf 85' lang='lat' dir='ltr'><strong>Solis</strong></span> <span class='ocrx_word' id='word_1_190' title='bbox 3739 2508 3744 2515; x_wconf 67' lang='grc'><strong>’</strong></span> 
     </span>
    </p>
   </div>
   <div class='ocr_carea' id='block_1_10' title="bbox 860 2599 3629 5220">
    <p class='ocr_par' dir='ltr' id='par_1_12' title="bbox 894 2599 3624 2852">
     <span class='ocr_line' id='line_1_20' title="bbox 896 2599 3623 2685; baseline 0.004 -25"><span class='ocrx_word' id='word_1_191' title='bbox 896 2599 1329 2673; x_wconf 80' lang='lat' dir='ltr'><strong>universaliter,</strong></span> <span class='ocrx_word' id='word_1_192' title='bbox 1376 2609 1644 2679; x_wconf 88' lang='lat' dir='ltr'><strong>respectu</strong></span> <span class='ocrx_word' id='word_1_193' title='bbox 1692 2603 1951 2660; x_wconf 90' lang='lat' dir='ltr'><strong>omnium</strong></span> <span class='ocrx_word' id='word_1_194' title='bbox 1997 2602 2262 2662; x_wconf 90' lang='lat' dir='ltr'><strong>locorum</strong></span> <span class='ocrx_word' id='word_1_195' title='bbox 2308 2600 2581 2675; x_wconf 75' lang='lat' dir='ltr'><strong>Telluris,</strong></span> <span class='ocrx_word' id='word_1_196' title='bbox 2645 2605 2703 2661; x_wconf 88' lang='lat' dir='ltr'><strong>in</strong></span> <span class='ocrx_word' id='word_1_197' title='bbox 2750 2602 2966 2679; x_wconf 85' lang='lat' dir='ltr'><strong>quibus</strong></span> <span class='ocrx_word' id='word_1_198' title='bbox 3010 2606 3198 2668; x_wconf 85' lang='lat' dir='ltr'><strong>videri</strong></span> <span class='ocrx_word' id='word_1_199' title='bbox 3238 2615 3463 2685; x_wconf 89' lang='lat' dir='ltr'><strong>potest,</strong></span> <span class='ocrx_word' id='word_1_200' title='bbox 3510 2609 3623 2670; x_wconf 82' lang='lat' dir='ltr'><strong>is‘to</strong></span> 
     </span>
     <span class='ocr_line' id='line_1_21' title="bbox 894 2687 3624 2803; baseline 0.004 -56"><span class='ocrx_word' id='word_1_201' title='bbox 894 2687 1083 2748; x_wconf 91' lang='lat' dir='ltr'><strong>modo</strong></span> <span class='ocrx_word' id='word_1_202' title='bbox 1129 2688 1502 2765; x_wconf 84' lang='lat' dir='ltr'><strong>particularis</strong></span> <span class='ocrx_word' id='word_1_203' title='bbox 1567 2688 1633 2747; x_wconf 87' lang='lat' dir='ltr'><strong>fit</strong></span> <span class='ocrx_word' id='word_1_204' title='bbox 1687 2688 2081 2750; x_wconf 80' lang='lat' dir='ltr'><strong>consideratio</strong></span> <span class='ocrx_word' id='word_1_205' title='bbox 2147 2688 2345 2765; x_wconf 86' lang='lat' dir='ltr'><strong>adque</strong></span> <span class='ocrx_word' id='word_1_206' title='bbox 2419 2706 2598 2748; x_wconf 90' lang='lat' dir='ltr'><strong>unum</strong></span> <span class='ocrx_word' id='word_1_207' title='bbox 2664 2697 2886 2803; x_wconf 81' lang='lat' dir='ltr'><strong>certum</strong></span> <span class='ocrx_word' id='word_1_208' title='bbox 2950 2694 3145 2754; x_wconf 91' lang='lat' dir='ltr'><strong>locum</strong></span> <span class='ocrx_word' id='word_1_209' title='bbox 3211 2695 3467 2757; x_wconf 84' lang='lat' dir='ltr'><strong>Telluris</strong></span> <span class='ocrx_word' id='word_1_210' title='bbox 3533 2705 3624 2758; x_wconf 87' lang='lat' dir='ltr'><strong>est</strong></span> 
     </span>
     <span class='ocr_line' id='line_1_22' title="bbox 898 2774 1168 2852; baseline -0.004 -15"><span class='ocrx_word' id='word_1_211' title='bbox 898 2774 1168 2852; x_wconf 81' lang='lat' dir='ltr'><strong>alligata.</strong></span> 
     </span>
    </p>

    <p class='ocr_par' dir='ltr' id='par_1_13' title="bbox 893 2862 3629 3117">
     <span class='ocr_line' id='line_1_23' title="bbox 1075 2862 3629 2941; baseline 0.004 -19"><span class='ocrx_word' id='word_1_212' title='bbox 1075 2862 1238 2935; x_wconf 73' lang='lat' dir='ltr'><strong>Quid</strong></span> <span class='ocrx_word' id='word_1_213' title='bbox 1276 2866 1470 2939; x_wconf 74' lang='lat' dir='ltr'><strong>iyitwr</strong></span> <span class='ocrx_word' id='word_1_214' title='bbox 1510 2866 1767 2939; x_wconf 78' lang='lat' dir='ltr'><strong>patitur</strong></span> <span class='ocrx_word' id='word_1_215' title='bbox 1820 2863 2014 2923; x_wconf 76' lang='lat' dir='ltr'><strong>Terra</strong></span> <span class='ocrx_word' id='word_1_216' title='bbox 2056 2867 2127 2923; x_wconf 75' lang='lat' dir='ltr'><strong>in</strong></span> <span class='ocrx_word' id='word_1_217' title='bbox 2171 2864 2376 2941; x_wconf 77' lang='lat' dir='ltr'><strong>eclipsi</strong></span> <span class='ocrx_word' id='word_1_218' title='bbox 2430 2863 2637 2924; x_wconf 74' lang='lat' dir='ltr'><strong>Solis?</strong></span> <span class='ocrx_word' id='word_1_219' title='bbox 2709 2862 2888 2925; x_wconf 77' lang='lat' dir='ltr'><strong>Luna</strong></span> <span class='ocrx_word' id='word_1_220' title='bbox 2924 2866 3084 2929; x_wconf 63' lang='lat' dir='ltr'><strong>nora</strong></span> <span class='ocrx_word' id='word_1_221' title='bbox 3128 2871 3277 2936; x_wconf 82' lang='lat' dir='ltr'><strong>inter</strong></span> <span class='ocrx_word' id='word_1_222' title='bbox 3320 2871 3522 2932; x_wconf 87' lang='lat' dir='ltr'><strong>Solem</strong></span> <span class='ocrx_word' id='word_1_223' title='bbox 3567 2880 3629 2933; x_wconf 90' lang='lat' dir='ltr'><strong>et</strong></span> 
     </span>
     <span class='ocr_line' id='line_1_24' title="bbox 895 2948 3627 3049; baseline 0.003 -37"><span class='ocrx_word' id='word_1_224' title='bbox 895 2950 1131 3028; x_wconf 85' lang='lat' dir='ltr'><strong>aliquas</strong></span> <span class='ocrx_word' id='word_1_225' title='bbox 1174 2948 1325 3011; x_wconf 88' lang='lat' dir='ltr'><strong>disci</strong></span> <span class='ocrx_word' id='word_1_226' title='bbox 1370 2951 1586 3012; x_wconf 88' lang='lat' dir='ltr'><strong>Terrae</strong></span> <span class='ocrx_word' id='word_1_227' title='bbox 1631 2956 1828 3030; x_wconf 87' lang='lat' dir='ltr'><strong>partes</strong></span> <span class='ocrx_word' id='word_1_228' title='bbox 1875 2952 2241 3028; x_wconf 84' lang='lat' dir='ltr'><strong>interposita,</strong></span> <span class='ocrx_word' id='word_1_229' title='bbox 2286 2953 2484 3028; x_wconf 82' lang='lat' dir='ltr'><strong>privat</strong></span> <span class='ocrx_word' id='word_1_230' title='bbox 2528 2950 2662 3011; x_wconf 87' lang='lat' dir='ltr'><strong>illas</strong></span> <span class='ocrx_word' id='word_1_231' title='bbox 2707 2951 2805 3012; x_wconf 82' lang='lat' dir='ltr'><strong>vel</strong></span> <span class='ocrx_word' id='word_1_232' title='bbox 2849 2960 2975 3049; x_wconf 78' lang='lat' dir='ltr'><strong>toto</strong></span> <span class='ocrx_word' id='word_1_233' title='bbox 3023 2956 3179 3019; x_wconf 86' lang='lat' dir='ltr'><strong>Solis</strong></span> <span class='ocrx_word' id='word_1_234' title='bbox 3197 2959 3477 3035; x_wconf 89' lang='lat' dir='ltr'><strong>lumine,</strong></span> <span class='ocrx_word' id='word_1_235' title='bbox 3529 2959 3627 3021; x_wconf 85' lang='lat' dir='ltr'><strong>vel</strong></span> 
     </span>
     <span class='ocr_line' id='line_1_25' title="bbox 893 3037 1856 3127; baseline 0 -28"><span class='ocrx_word' id='word_1_236' title='bbox 893 3039 1096 3127; x_wconf 83' lang='lat' dir='ltr'><strong>aliqua</strong></span> <span class='ocrx_word' id='word_1_237' title='bbox 1140 3037 1349 3099; x_wconf 84' lang='lat' dir='ltr'><strong>solaris</strong></span> <span class='ocrx_word' id='word_1_238' title='bbox 1393 3037 1630 3102; x_wconf 87' lang='lat' dir='ltr'><strong>luminis</strong></span> <span class='ocrx_word' id='word_1_239' title='bbox 1673 3046 1856 3117; x_wconf 90' lang='lat' dir='ltr'><strong>parte</strong></span> 
     </span>
    </p>

    <p class='ocr_par' dir='ltr' id='par_1_14' title="bbox 891 3074 2929 3555">
     <span class='ocr_line' id='line_1_26' title="bbox 1060 3074 2929 3204; baseline 0.001 -18.014"><span class='ocrx_word' id='word_1_240' title='bbox 1060 3125 1235 3202; x_wconf 71' lang='lat' dir='ltr'><strong>Quid</strong></span> <span class='ocrx_word' id='word_1_241' title='bbox 1275 3126 1547 3204; x_wconf 78' lang='lat' dir='ltr'><strong>appellas</strong></span> <span class='ocrx_word' id='word_1_242' title='bbox 1590 3127 1820 3192; x_wconf 75' lang='lat' dir='ltr'><strong>discum</strong></span> <span class='ocrx_word' id='word_1_243' title='bbox 1860 3125 2127 3187; x_wconf 76' lang='lat' dir='ltr'><strong>Terrae?</strong></span> <span class='ocrx_word' id='word_1_244' title='bbox 2175 3127 2283 3186; x_wconf 85' lang='lat' dir='ltr'><strong>Est</strong></span> <span class='ocrx_word' id='word_1_245' title='bbox 2310 3125 2552 3204; x_wconf 91' lang='lat' dir='ltr'><strong>planum</strong></span> <span class='ocrx_word' id='word_1_246' title='bbox 2598 3126 2672 3186; x_wconf 89' lang='lat' dir='ltr'><strong>de</strong></span> <span class='ocrx_word' id='word_1_247' title='bbox 2709 3074 2929 3190; x_wconf 82' lang='lat' dir='ltr'><strong>circulo</strong></span> 
     </span>
     <span class='ocr_line' id='line_1_27' title="bbox 894 3213 2927 3294; baseline -0 -19"><span class='ocrx_word' id='word_1_248' title='bbox 894 3215 1345 3275; x_wconf 78' lang='lat' dir='ltr'><strong>illuminationis</strong></span> <span class='ocrx_word' id='word_1_249' title='bbox 1404 3213 1646 3288; x_wconf 80' lang='lat' dir='ltr'><strong>Terrae,</strong></span> <span class='ocrx_word' id='word_1_250' title='bbox 1713 3222 1997 3292; x_wconf 89' lang='lat' dir='ltr'><strong>quantum</strong></span> <span class='ocrx_word' id='word_1_251' title='bbox 2062 3213 2210 3275; x_wconf 91' lang='lat' dir='ltr'><strong>illud</strong></span> <span class='ocrx_word' id='word_1_252' title='bbox 2275 3222 2521 3294; x_wconf 77' lang='lat' dir='ltr'><strong>apparet</strong></span> <span class='ocrx_word' id='word_1_253' title='bbox 2588 3232 2663 3274; x_wconf 88' lang='lat' dir='ltr'><strong>ex</strong></span> <span class='ocrx_word' id='word_1_254' title='bbox 2724 3213 2927 3292; x_wconf 85' lang='lat' dir='ltr'><strong>aliquo</strong></span> 
     </span>
     <span class='ocr_line' id='line_1_28' title="bbox 891 3301 2927 3380; baseline 0 -18"><span class='ocrx_word' id='word_1_255' title='bbox 891 3308 1117 3380; x_wconf 90' lang='lat' dir='ltr'><strong>puncto</strong></span> <span class='ocrx_word' id='word_1_256' title='bbox 1180 3304 1239 3359; x_wconf 93' lang='lat' dir='ltr'><strong>in</strong></span> <span class='ocrx_word' id='word_1_257' title='bbox 1307 3318 1549 3378; x_wconf 85' lang='lat' dir='ltr'><strong>corpore</strong></span> <span class='ocrx_word' id='word_1_258' title='bbox 1616 3301 1822 3362; x_wconf 88' lang='lat' dir='ltr'><strong>Lunae</strong></span> <span class='ocrx_word' id='word_1_259' title='bbox 1887 3319 2117 3378; x_wconf 85' lang='lat' dir='ltr'><strong>novae,</strong></span> <span class='ocrx_word' id='word_1_260' title='bbox 2189 3302 2433 3362; x_wconf 84' lang='lat' dir='ltr'><strong>Terram</strong></span> <span class='ocrx_word' id='word_1_261' title='bbox 2501 3302 2927 3363; x_wconf 84' lang='lat' dir='ltr'><strong>obumbrantis.</strong></span> 
     </span>
     <span class='ocr_line' id='line_1_29' title="bbox 894 3388 2929 3468; baseline -0.001 -18"><span class='ocrx_word' id='word_1_262' title='bbox 894 3391 1113 3451; x_wconf 75' lang='lat' dir='ltr'><strong>Discus</strong></span> <span class='ocrx_word' id='word_1_263' title='bbox 1157 3388 1399 3462; x_wconf 85' lang='lat' dir='ltr'><strong>dicitur,</strong></span> <span class='ocrx_word' id='word_1_264' title='bbox 1446 3391 1586 3465; x_wconf 89' lang='lat' dir='ltr'><strong>quia</strong></span> <span class='ocrx_word' id='word_1_265' title='bbox 1632 3390 1934 3466; x_wconf 86' lang='lat' dir='ltr'><strong>fingimus,</strong></span> <span class='ocrx_word' id='word_1_266' title='bbox 1992 3389 2364 3468; x_wconf 83' lang='lat' dir='ltr'><strong>superficiem</strong></span> <span class='ocrx_word' id='word_1_267' title='bbox 2409 3390 2663 3451; x_wconf 86' lang='lat' dir='ltr'><strong>Telluris</strong></span> <span class='ocrx_word' id='word_1_268' title='bbox 2707 3389 2929 3450; x_wconf 82' lang='lat' dir='ltr'><strong>illumi-</strong></span> 
     </span>
     <span class='ocr_line' id='line_1_30' title="bbox 891 3476 2527 3556; baseline -0.001 -18"><span class='ocrx_word' id='word_1_269' title='bbox 891 3486 1098 3538; x_wconf 86' lang='lat' dir='ltr'><strong>natam</strong></span> <span class='ocrx_word' id='word_1_270' title='bbox 1140 3477 1462 3555; x_wconf 83' lang='lat' dir='ltr'><strong>projectam</strong></span> <span class='ocrx_word' id='word_1_271' title='bbox 1510 3495 1641 3538; x_wconf 89' lang='lat' dir='ltr'><strong>esse</strong></span> <span class='ocrx_word' id='word_1_272' title='bbox 1688 3480 1743 3536; x_wconf 88' lang='lat' dir='ltr'><strong>in</strong></span> <span class='ocrx_word' id='word_1_273' title='bbox 1790 3476 2030 3555; x_wconf 91' lang='lat' dir='ltr'><strong>planum</strong></span> <span class='ocrx_word' id='word_1_274' title='bbox 2078 3478 2260 3553; x_wconf 84' lang='lat' dir='ltr'><strong>hujus</strong></span> <span class='ocrx_word' id='word_1_275' title='bbox 2305 3477 2527 3556; x_wconf 87' lang='lat' dir='ltr'><strong>circuli.</strong></span> 
     </span>
    </p>

    <p class='ocr_par' dir='ltr' id='par_1_15' title="bbox 1071 3558 2230 3630">
     <span class='ocr_line' id='line_1_31' title="bbox 1071 3558 2230 3630; baseline -0.003 -14"><span class='ocrx_word' id='word_1_276' title='bbox 1071 3559 1137 3616; x_wconf 86' lang='lat' dir='ltr'><strong>In</strong></span> <span class='ocrx_word' id='word_1_277' title='bbox 1173 3560 1451 3616; x_wconf 76' lang='lat' dir='ltr'><strong>schemate</strong></span> <span class='ocrx_word' id='word_1_278' title='bbox 1488 3561 1570 3616; x_wconf 77' lang='lat'><strong>94.</strong></span> <span class='ocrx_word' id='word_1_279' title='bbox 1605 3558 1946 3630; x_wconf 76' lang='lat' dir='ltr'><strong>intelligatur</strong></span> <span class='ocrx_word' id='word_1_280' title='bbox 1979 3560 2082 3615; x_wconf 86' lang='lat' dir='ltr'><strong>sub</strong></span> <span class='ocrx_word' id='word_1_281' title='bbox 2109 3560 2230 3615; x_wconf 80' lang='lat' dir='ltr'><strong>VE.</strong></span> 
     </span>
    </p>

    <p class='ocr_par' dir='ltr' id='par_1_16' title="bbox 894 3651 2998 4167">
     <span class='ocr_line' id='line_1_32' title="bbox 1074 3651 2931 3729; baseline 0.001 -18"><span class='ocrx_word' id='word_1_282' title='bbox 1074 3655 1322 3727; x_wconf 74' lang='lat' dir='ltr'><strong>Quanta</strong></span> <span class='ocrx_word' id='word_1_283' title='bbox 1372 3659 1459 3714; x_wconf 70' lang='lat' dir='ltr'><strong>est</strong></span> <span class='ocrx_word' id='word_1_284' title='bbox 1515 3652 1959 3712; x_wconf 68' lang='lat' dir='ltr'><strong>semidiametei·</strong></span> <span class='ocrx_word' id='word_1_285' title='bbox 2018 3653 2204 3725; x_wconf 73' lang='lat' dir='ltr'><strong>hujus</strong></span> <span class='ocrx_word' id='word_1_286' title='bbox 2248 3651 2397 3711; x_wconf 74' lang='lat' dir='ltr'><strong>disci</strong></span> <span class='ocrx_word' id='word_1_287' title='bbox 2450 3651 2675 3710; x_wconf 79' lang='lat' dir='ltr'><strong>Terrae</strong></span> <span class='ocrx_word' id='word_1_288' title='bbox 2728 3670 2931 3729; x_wconf 78' lang='lat' dir='ltr'><strong>appa-</strong></span> 
     </span>
     <span class='ocr_line' id='line_1_33' title="bbox 896 3737 2932 3816; baseline -0 -16"><span class='ocrx_word' id='word_1_289' title='bbox 896 3741 1108 3801; x_wconf 74' lang='lat' dir='ltr'><strong>remia</strong></span> <span class='ocrx_word' id='word_1_290' title='bbox 1144 3739 1310 3798; x_wconf 80' lang='lat' dir='ltr'><strong>velut</strong></span> <span class='ocrx_word' id='word_1_291' title='bbox 1365 3757 1439 3799; x_wconf 75' lang='lat' dir='ltr'><strong>ex</strong></span> <span class='ocrx_word' id='word_1_292' title='bbox 1484 3738 1721 3800; x_wconf 79' lang='lat' dir='ltr'><strong>Luna?</strong></span> <span class='ocrx_word' id='word_1_293' title='bbox 1782 3739 1848 3800; x_wconf 86' lang='lat' dir='ltr'><strong>Si</strong></span> <span class='ocrx_word' id='word_1_294' title='bbox 1906 3757 1944 3799; x_wconf 89' lang='lat' dir='ltr'><strong>a</strong></span> <span class='ocrx_word' id='word_1_295' title='bbox 1988 3738 2281 3816; x_wconf 84' lang='lat' dir='ltr'><strong>parallaxi</strong></span> <span class='ocrx_word' id='word_1_296' title='bbox 2324 3737 2531 3798; x_wconf 89' lang='lat' dir='ltr'><strong>Lunae</strong></span> <span class='ocrx_word' id='word_1_297' title='bbox 2578 3738 2932 3799; x_wconf 74' lang='lat' dir='ltr'><strong>horizontali</strong></span> 
     </span>
     <span class='ocr_line' id='line_1_34' title="bbox 894 3821 2929 3904; baseline -0.002 -15"><span class='ocrx_word' id='word_1_298' title='bbox 894 3826 1211 3904; x_wconf 77' lang='lat' dir='ltr'><strong>abstuleris</strong></span> <span class='ocrx_word' id='word_1_299' title='bbox 1253 3826 1617 3903; x_wconf 81' lang='lat' dir='ltr'><strong>sesquiplum</strong></span> <span class='ocrx_word' id='word_1_300' title='bbox 1661 3826 2032 3903; x_wconf 85' lang='lat' dir='ltr'><strong>parallaxeos</strong></span> <span class='ocrx_word' id='word_1_301' title='bbox 2075 3826 2233 3886; x_wconf 86' lang='lat' dir='ltr'><strong>Solis</strong></span> <span class='ocrx_word' id='word_1_302' title='bbox 2278 3825 2690 3898; x_wconf 83' lang='lat' dir='ltr'><strong>horizontalis,</strong></span> <span class='ocrx_word' id='word_1_303' title='bbox 2752 3821 2929 3901; x_wconf 78' lang='lat' dir='ltr'><strong>reli‘n-</strong></span> 
     </span>
     <span class='ocr_line' id='line_1_35' title="bbox 894 3870 2931 3994; baseline -0 -19"><span class='ocrx_word' id='word_1_304' title='bbox 894 3918 1094 3994; x_wconf 87' lang='lat' dir='ltr'><strong>quitur</strong></span> <span class='ocrx_word' id='word_1_305' title='bbox 1136 3911 1570 3979; x_wconf 73' lang='lat' dir='ltr'><strong>semidIameter</strong></span> <span class='ocrx_word' id='word_1_306' title='bbox 1614 3913 1760 3974; x_wconf 88' lang='lat' dir='ltr'><strong>disci</strong></span> <span class='ocrx_word' id='word_1_307' title='bbox 1805 3910 2092 3987; x_wconf 78' lang='lat' dir='ltr'><strong>Telluris,</strong></span> <span class='ocrx_word' id='word_1_308' title='bbox 2144 3930 2250 3973; x_wconf 90' lang='lat' dir='ltr'><strong>seu</strong></span> <span class='ocrx_word' id='word_1_309' title='bbox 2296 3912 2549 3989; x_wconf 82' lang='lat' dir='ltr'><strong>angulus</strong></span> <span class='ocrx_word' id='word_1_310' title='bbox 2595 3870 2774 3989; x_wconf 83' lang='lat' dir='ltr'><strong>hujus</strong></span> <span class='ocrx_word' id='word_1_311' title='bbox 2817 3932 2931 3994; x_wconf 85' lang='lat' dir='ltr'><strong>ap-</strong></span> 
     </span>
     <span class='ocr_line' id='line_1_36' title="bbox 894 3998 2998 4087; baseline -0 -24"><span class='ocrx_word' id='word_1_312' title='bbox 894 4002 1159 4081; x_wconf 82' lang='lat' dir='ltr'><strong>parentis</strong></span> <span class='ocrx_word' id='word_1_313' title='bbox 1201 4001 1617 4062; x_wconf 83' lang='lat' dir='ltr'><strong>semidiametri</strong></span> <span class='ocrx_word' id='word_1_314' title='bbox 1661 4004 1721 4059; x_wconf 88' lang='lat' dir='ltr'><strong>in</strong></span> <span class='ocrx_word' id='word_1_315' title='bbox 1767 4018 2053 4075; x_wconf 89' lang='lat' dir='ltr'><strong>mensura,</strong></span> <span class='ocrx_word' id='word_1_316' title='bbox 2098 3998 2364 4076; x_wconf 81' lang='lat' dir='ltr'><strong>qualium</strong></span> <span class='ocrx_word' id='word_1_317' title='bbox 2410 4008 2602 4060; x_wconf 88' lang='lat' dir='ltr'><strong>rectus</strong></span> <span class='ocrx_word' id='word_1_318' title='bbox 2650 4008 2741 4061; x_wconf 88' lang='lat' dir='ltr'><strong>est</strong></span> <span class='ocrx_word' id='word_1_319' title='bbox 2788 4004 2931 4077; x_wconf 83' lang='lat' dir='ltr'><strong>‘gra-</strong></span> <span class='ocrx_word' id='word_1_320' title='bbox 2990 4073 2998 4087; x_wconf 34' lang='grc' dir='ltr'>ι</span> 
     </span>
     <span class='ocr_line' id='line_1_37' title="bbox 896 4080 2359 4167; baseline -0.003 -16"><span class='ocrx_word' id='word_1_321' title='bbox 896 4090 1011 4152; x_wconf 82' lang='lat' dir='ltr'><strong>dus</strong></span> <span class='ocrx_word' id='word_1_322' title='bbox 1058 4090 1161 4149; x_wconf 83' lang='lat'><strong>90.</strong></span> <span class='ocrx_word' id='word_1_323' title='bbox 1205 4088 1560 4148; x_wconf 86' lang='lat' dir='ltr'><strong>Demonstro</strong></span> <span class='ocrx_word' id='word_1_324' title='bbox 1607 4090 1665 4146; x_wconf 86' lang='lat' dir='ltr'><strong>in</strong></span> <span class='ocrx_word' id='word_1_325' title='bbox 1710 4087 2056 4167; x_wconf 87' lang='lat' dir='ltr'><strong>Hipparcho</strong></span> <span class='ocrx_word' id='word_1_326' title='bbox 2099 4104 2251 4147; x_wconf 90' lang='lat' dir='ltr'><strong>meo.</strong></span> <span class='ocrx_word' id='word_1_327' title='bbox 2279 4080 2359 4161; x_wconf 81' lang='lat'><strong>⁹⁰)</strong></span> 
     </span>
    </p>

    <p class='ocr_par' dir='ltr' id='par_1_17' title="bbox 896 4174 3004 4764">
     <span class='ocr_line' id='line_1_38' title="bbox 1077 4174 2935 4252; baseline -0.001 -17"><span class='ocrx_word' id='word_1_328' title='bbox 1077 4176 1239 4251; x_wconf 71' lang='lat' dir='ltr'><strong>Quid</strong></span> <span class='ocrx_word' id='word_1_329' title='bbox 1278 4177 1641 4252; x_wconf 72' lang='lat' dir='ltr'><strong>intelliqitur</strong></span> <span class='ocrx_word' id='word_1_330' title='bbox 1682 4177 1792 4235; x_wconf 77' lang='lat' dir='ltr'><strong>sub</strong></span> <span class='ocrx_word' id='word_1_331' title='bbox 1841 4175 2085 4235; x_wconf 73' lang='lat' dir='ltr'><strong>vocibus</strong></span> <span class='ocrx_word' id='word_1_332' title='bbox 2126 4174 2383 4235; x_wconf 80' lang='lat' dir='ltr'><strong>umbrae</strong></span> <span class='ocrx_word' id='word_1_333' title='bbox 2438 4181 2496 4233; x_wconf 77' lang='lat' dir='ltr'><strong>et</strong></span> <span class='ocrx_word' id='word_1_334' title='bbox 2552 4174 2935 4249; x_wconf 79' lang='lat' dir='ltr'><strong>penumbrae</strong></span> 
     </span>
     <span class='ocr_line' id='line_1_39' title="bbox 908 4259 2935 4338; baseline -0.002 -12"><span class='ocrx_word' id='word_1_335' title='bbox 908 4264 1172 4326; x_wconf 67' lang='lat' dir='ltr'><strong>Lmtae2</strong></span> <span class='ocrx_word' id='word_1_336' title='bbox 1235 4260 1490 4323; x_wconf 89' lang='lat' dir='ltr'><strong>Umbrae</strong></span> <span class='ocrx_word' id='word_1_337' title='bbox 1550 4263 1771 4322; x_wconf 86' lang='lat' dir='ltr'><strong>lunaris</strong></span> <span class='ocrx_word' id='word_1_338' title='bbox 1827 4262 2121 4324; x_wconf 85' lang='lat' dir='ltr'><strong>vocabulo</strong></span> <span class='ocrx_word' id='word_1_339' title='bbox 2175 4261 2525 4338; x_wconf 80' lang='lat' dir='ltr'><strong>intelligitur</strong></span> <span class='ocrx_word' id='word_1_340' title='bbox 2568 4279 2740 4322; x_wconf 91' lang='lat' dir='ltr'><strong>omne</strong></span> <span class='ocrx_word' id='word_1_341' title='bbox 2767 4259 2935 4321; x_wconf 90' lang='lat' dir='ltr'><strong>illud</strong></span> 
     </span>
     <span class='ocr_line' id='line_1_40' title="bbox 896 4343 2937 4430; baseline -0.001 -18"><span class='ocrx_word' id='word_1_342' title='bbox 896 4354 1160 4430; x_wconf 78' lang='lat' dir='ltr'><strong>spatium</strong></span> <span class='ocrx_word' id='word_1_343' title='bbox 1213 4350 1494 4412; x_wconf 86' lang='lat' dir='ltr'><strong>circulare</strong></span> <span class='ocrx_word' id='word_1_344' title='bbox 1551 4350 1697 4409; x_wconf 87' lang='lat' dir='ltr'><strong>disci</strong></span> <span class='ocrx_word' id='word_1_345' title='bbox 1743 4350 1960 4412; x_wconf 89' lang='lat' dir='ltr'><strong>Terrae</strong></span> <span class='ocrx_word' id='word_1_346' title='bbox 2015 4349 2114 4412; x_wconf 85' lang='lat' dir='ltr'><strong>vel</strong></span> <span class='ocrx_word' id='word_1_347' title='bbox 2157 4349 2519 4427; x_wconf 83' lang='lat' dir='ltr'><strong>respondeus</strong></span> <span class='ocrx_word' id='word_1_348' title='bbox 2564 4343 2937 4428; x_wconf 84' lang='lat' dir='ltr'><strong>sphaericum</strong></span> 
     </span>
     <span class='ocr_line' id='line_1_41' title="bbox 885 4436 2935 4519; baseline -0.002 -17.972"><span class='ocrx_word' id='word_1_349' title='bbox 885 4439 1234 4517; x_wconf 77' lang='lat' dir='ltr'><strong>superficiei</strong></span> <span class='ocrx_word' id='word_1_350' title='bbox 1277 4439 1339 4496; x_wconf 87' lang='lat' dir='ltr'><strong>in</strong></span> <span class='ocrx_word' id='word_1_351' title='bbox 1384 4436 1607 4500; x_wconf 86' lang='lat' dir='ltr'><strong>discum</strong></span> <span class='ocrx_word' id='word_1_352' title='bbox 1636 4438 1957 4515; x_wconf 84' lang='lat' dir='ltr'><strong>projectae,</strong></span> <span class='ocrx_word' id='word_1_353' title='bbox 2004 4439 2100 4519; x_wconf 85' lang='lat' dir='ltr'><strong>cui</strong></span> <span class='ocrx_word' id='word_1_354' title='bbox 2122 4445 2306 4498; x_wconf 72' lang='lat' dir='ltr'><strong>‘totus</strong></span> <span class='ocrx_word' id='word_1_355' title='bbox 2347 4436 2454 4498; x_wconf 86' lang='lat' dir='ltr'><strong>Sol</strong></span> <span class='ocrx_word' id='word_1_356' title='bbox 2497 4455 2537 4497; x_wconf 92' lang='lat' dir='ltr'><strong>a</strong></span> <span class='ocrx_word' id='word_1_357' title='bbox 2565 4436 2737 4497; x_wconf 88' lang='lat' dir='ltr'><strong>Luna</strong></span> <span class='ocrx_word' id='word_1_358' title='bbox 2780 4439 2935 4514; x_wconf 76' lang='lat' dir='ltr'><strong>tegi-</strong></span> 
     </span>
     <span class='ocr_line' id='line_1_42' title="bbox 899 4523 3004 4607; baseline -0.001 -19"><span class='ocrx_word' id='word_1_359' title='bbox 899 4535 1016 4588; x_wconf 87' lang='lat' dir='ltr'><strong>tur.</strong></span> <span class='ocrx_word' id='word_1_360' title='bbox 1106 4525 1441 4586; x_wconf 89' lang='lat' dir='ltr'><strong>Penumbra</strong></span> <span class='ocrx_word' id='word_1_361' title='bbox 1487 4542 1625 4585; x_wconf 85' lang='lat' dir='ltr'><strong>vero</strong></span> <span class='ocrx_word' id='word_1_362' title='bbox 1673 4533 1762 4585; x_wconf 86' lang='lat' dir='ltr'><strong>est</strong></span> <span class='ocrx_word' id='word_1_363' title='bbox 1808 4542 1985 4587; x_wconf 88' lang='lat' dir='ltr'><strong>omne</strong></span> <span class='ocrx_word' id='word_1_364' title='bbox 2019 4524 2162 4586; x_wconf 80' lang='lat' dir='ltr'><strong>illud</strong></span> <span class='ocrx_word' id='word_1_365' title='bbox 2208 4527 2466 4603; x_wconf 87' lang='lat' dir='ltr'><strong>spatium</strong></span> <span class='ocrx_word' id='word_1_366' title='bbox 2498 4523 2643 4584; x_wconf 86' lang='lat' dir='ltr'><strong>disci</strong></span> <span class='ocrx_word' id='word_1_367' title='bbox 2689 4523 2784 4584; x_wconf 84' lang='lat' dir='ltr'><strong>vel</strong></span> <span class='ocrx_word' id='word_1_368' title='bbox 2830 4542 2935 4585; x_wconf 88' lang='lat' dir='ltr'><strong>su·</strong></span> <span class='ocrx_word' id='word_1_369' title='bbox 2996 4599 3004 4607; x_wconf 24' lang='lat'>²</span> 
     </span>
     <span class='ocr_line' id='line_1_43' title="bbox 900 4611 2936 4720; baseline -0.002 -44"><span class='ocrx_word' id='word_1_370' title='bbox 900 4614 1161 4693; x_wconf 76' lang='lat' dir='ltr'><strong>perficiet</strong></span> <span class='ocrx_word' id='word_1_371' title='bbox 1193 4613 1426 4685; x_wconf 84' lang='lat' dir='ltr'><strong>Terrae,</strong></span> <span class='ocrx_word' id='word_1_372' title='bbox 1472 4614 1564 4690; x_wconf 86' lang='lat' dir='ltr'><strong>cui</strong></span> <span class='ocrx_word' id='word_1_373' title='bbox 1593 4611 1798 4689; x_wconf 91' lang='lat' dir='ltr'><strong>aliqua</strong></span> <span class='ocrx_word' id='word_1_374' title='bbox 1824 4613 2115 4692; x_wconf 85' lang='lat' dir='ltr'><strong>particula</strong></span> <span class='ocrx_word' id='word_1_375' title='bbox 2158 4612 2233 4674; x_wconf 84' lang='lat' dir='ltr'><strong>de</strong></span> <span class='ocrx_word' id='word_1_376' title='bbox 2264 4630 2507 4691; x_wconf 90' lang='lat' dir='ltr'><strong>corpore</strong></span> <span class='ocrx_word' id='word_1_377' title='bbox 2550 4611 2733 4720; x_wconf 83' lang='lat' dir='ltr'><strong>solari</strong></span> <span class='ocrx_word' id='word_1_378' title='bbox 2780 4613 2936 4703; x_wconf 79' lang='lat' dir='ltr'><strong>tegi-</strong></span> 
     </span>
     <span class='ocr_line' id='line_1_44' title="bbox 905 4701 1517 4764; baseline -0.005 -1"><span class='ocrx_word' id='word_1_379' title='bbox 905 4712 1004 4764; x_wconf 83' lang='lat' dir='ltr'><strong>tur</strong></span> <span class='ocrx_word' id='word_1_380' title='bbox 1048 4701 1154 4760; x_wconf 88' lang='lat' dir='ltr'><strong>illo</strong></span> <span class='ocrx_word' id='word_1_381' title='bbox 1199 4708 1517 4760; x_wconf 89' lang='lat' dir='ltr'><strong>momento.</strong></span> 
     </span>
    </p>

    <p class='ocr_par' dir='ltr' id='par_1_18' title="bbox 903 4770 2938 5033">
     <span class='ocr_line' id='line_1_45' title="bbox 1080 4770 2932 4870; baseline -0.003 -13"><span class='ocrx_word' id='word_1_382' title='bbox 1080 4801 1157 4857; x_wconf 86' lang='lat' dir='ltr'><strong>Ut</strong></span> <span class='ocrx_word' id='word_1_383' title='bbox 1190 4800 1239 4855; x_wconf 80' lang='lat' dir='ltr'><strong>si</strong></span> <span class='ocrx_word' id='word_1_384' title='bbox 1272 4799 1373 4854; x_wconf 82' lang='lat' dir='ltr'><strong>VE</strong></span> <span class='ocrx_word' id='word_1_385' title='bbox 1411 4799 1595 4856; x_wconf 87' lang='lat' dir='ltr'><strong>discus</strong></span> <span class='ocrx_word' id='word_1_386' title='bbox 1631 4799 1861 4869; x_wconf 81' lang='lat' dir='ltr'><strong>Terrae,</strong></span> <span class='ocrx_word' id='word_1_387' title='bbox 1897 4799 1998 4857; x_wconf 78' lang='lat' dir='ltr'><strong>No</strong></span> <span class='ocrx_word' id='word_1_388' title='bbox 2032 4770 2255 4867; x_wconf 81' lang='lat' dir='ltr'><strong>umbra,</strong></span> <span class='ocrx_word' id='word_1_389' title='bbox 2302 4800 2431 4870; x_wconf 74' lang='lat' dir='ltr'><strong>MN,</strong></span> <span class='ocrx_word' id='word_1_390' title='bbox 2470 4799 2563 4855; x_wconf 86' lang='grc' dir='ltr'><strong>ΟΡ</strong></span> <span class='ocrx_word' id='word_1_391' title='bbox 2601 4796 2932 4869; x_wconf 86' lang='lat' dir='ltr'><strong>penumbra.</strong></span> 
     </span>
     <span class='ocr_line' id='line_1_46' title="bbox 903 4876 2938 4951; baseline -0.002 -15"><span class='ocrx_word' id='word_1_392' title='bbox 903 4894 1218 4951; x_wconf 84' lang='lat' dir='ltr'><strong>quanquam</strong></span> <span class='ocrx_word' id='word_1_393' title='bbox 1266 4878 1363 4934; x_wconf 84' lang='lat' dir='ltr'><strong>illa</strong></span> <span class='ocrx_word' id='word_1_394' title='bbox 1409 4886 1666 4949; x_wconf 83' lang='lat' dir='ltr'><strong>respectu</strong></span> <span class='ocrx_word' id='word_1_395' title='bbox 1702 4878 1837 4933; x_wconf 87' lang='lat' dir='ltr'><strong>disci</strong></span> <span class='ocrx_word' id='word_1_396' title='bbox 1871 4878 2075 4935; x_wconf 87' lang='lat' dir='ltr'><strong>Terrae</strong></span> <span class='ocrx_word' id='word_1_397' title='bbox 2118 4878 2285 4935; x_wconf 89' lang='lat' dir='ltr'><strong>nimia</strong></span> <span class='ocrx_word' id='word_1_398' title='bbox 2332 4885 2418 4934; x_wconf 83' lang='lat' dir='ltr'><strong>est</strong></span> <span class='ocrx_word' id='word_1_399' title='bbox 2464 4877 2638 4949; x_wconf 87' lang='lat' dir='ltr'><strong>picta,</strong></span> <span class='ocrx_word' id='word_1_400' title='bbox 2691 4892 2816 4932; x_wconf 90' lang='lat' dir='ltr'><strong>cum</strong></span> <span class='ocrx_word' id='word_1_401' title='bbox 2863 4876 2938 4932; x_wconf 84' lang='lat' dir='ltr'><strong>&#39;sit</strong></span> 
     </span>
     <span class='ocr_line' id='line_1_47' title="bbox 860 4954 2932 5037; baseline -0.003 -20.85"><span class='ocrx_word' id='word_1_402' title='bbox 860 4960 1211 5033; x_wconf 81' lang='lat' dir='ltr'><strong>·penumbra</strong></span> <span class='ocrx_word' id='word_1_403' title='bbox 1242 4959 1420 5015; x_wconf 84' lang='lat' dir='ltr'><strong>minor</strong></span> <span class='ocrx_word' id='word_1_404' title='bbox 1452 4958 1602 5015; x_wconf 87' lang='lat' dir='ltr'><strong>disco</strong></span> <span class='ocrx_word' id='word_1_405' title='bbox 1627 4958 1844 5037; x_wconf 88' lang='lat' dir='ltr'><strong>Terrae,</strong></span> <span class='ocrx_word' id='word_1_406' title='bbox 1881 4963 1944 5012; x_wconf 83' lang='lat' dir='ltr'><strong>ut</strong></span> <span class='ocrx_word' id='word_1_407' title='bbox 1976 4958 2033 5015; x_wconf 89' lang='lat' dir='ltr'><strong>in</strong></span> <span class='ocrx_word' id='word_1_408' title='bbox 2069 4958 2348 5014; x_wconf 81' lang='lat' dir='ltr'><strong>schemate</strong></span> <span class='ocrx_word' id='word_1_409' title='bbox 2383 4956 2640 5032; x_wconf 77' lang='lat' dir='ltr'><strong>proxime</strong></span> <span class='ocrx_word' id='word_1_410' title='bbox 2664 4954 2932 5024; x_wconf 84' lang='lat' dir='ltr'><strong>sequenti.</strong></span> 
     </span>
    </p>

    <p class='ocr_par' dir='ltr' id='par_1_19' title="bbox 906 5041 3619 5215">
     <span class='ocr_line' id='line_1_48' title="bbox 906 5041 2935 5127; baseline -0.001 -16"><span class='ocrx_word' id='word_1_411' title='bbox 906 5041 911 5046; x_wconf 72' lang='grc'>’</span> <span class='ocrx_word' id='word_1_412' title='bbox 1086 5056 1337 5127; x_wconf 72' lang='grc' dir='ltr'><strong>ριιαηεσ</strong></span> <span class='ocrx_word' id='word_1_413' title='bbox 1378 5059 1462 5111; x_wconf 75' lang='lat' dir='ltr'><strong>eet</strong></span> <span class='ocrx_word' id='word_1_414' title='bbox 1501 5050 1943 5111; x_wconf 75' lang='lat' dir='ltr'><strong>semidiameter</strong></span> <span class='ocrx_word' id='word_1_415' title='bbox 1984 5050 2242 5120; x_wconf 76' lang='lat' dir='ltr'><strong>umbrae</strong></span> <span class='ocrx_word' id='word_1_416' title='bbox 2273 5048 2490 5109; x_wconf 71' lang='lat' dir='ltr'><strong>Lunae</strong></span> <span class='ocrx_word' id='word_1_417' title='bbox 2533 5056 2590 5112; x_wconf 77' lang='lat' dir='ltr'><strong>et</strong></span> <span class='ocrx_word' id='word_1_418' title='bbox 2633 5047 2935 5126; x_wconf 77' lang='lat' dir='ltr'><strong>quomodo</strong></span> 
     </span>
     <span class='ocr_line' id='line_1_49' title="bbox 906 5131 3619 5220; baseline -0.001 -20"><span class='ocrx_word' id='word_1_419' title='bbox 906 5138 1275 5200; x_wconf 58' lang='lat' dir='ltr'><strong>innuatur?</strong></span> <span class='ocrx_word' id='word_1_420' title='bbox 1316 5138 1381 5200; x_wconf 85' lang='lat' dir='ltr'><strong>Si</strong></span> <span class='ocrx_word' id='word_1_421' title='bbox 1426 5157 1465 5199; x_wconf 97' lang='lat' dir='ltr'><strong>a</strong></span> <span class='ocrx_word' id='word_1_422' title='bbox 1507 5138 1941 5199; x_wconf 84' lang='lat' dir='ltr'><strong>semidiametro</strong></span> <span class='ocrx_word' id='word_1_423' title='bbox 1971 5136 2176 5199; x_wconf 88' lang='lat' dir='ltr'><strong>Lunae</strong></span> <span class='ocrx_word' id='word_1_424' title='bbox 2220 5143 2539 5215; x_wconf 81' lang='lat' dir='ltr'><strong>apparente</strong></span> <span class='ocrx_word' id='word_1_425' title='bbox 2581 5131 2894 5198; x_wconf 73' lang='lat' dir='ltr'><strong>abstuleris</strong></span> <span class='ocrx_word' id='word_1_426' title='bbox 2935 5131 3431 5220; x_wconf 74' lang='lat' dir='ltr'><strong>semidiametrum</strong></span> <span class='ocrx_word' id='word_1_427' title='bbox 3462 5133 3619 5197; x_wconf 79' lang='lat' dir='ltr'><strong>Sella</strong></span> 
     </span>
    </p>
   </div>
   <div class='ocr_carea' id='block_1_11' title="bbox 906 5221 3236 5308">
    <p class='ocr_par' dir='ltr' id='par_1_20' title="bbox 906 5221 3236 5308">
     <span class='ocr_line' id='line_1_50' title="bbox 906 5221 3236 5308; baseline -0.003 -18"><span class='ocrx_word' id='word_1_428' title='bbox 906 5235 1311 5307; x_wconf 76' lang='lat' dir='ltr'><strong>apparentem,</strong></span> <span class='ocrx_word' id='word_1_429' title='bbox 1355 5227 1701 5305; x_wconf 83' lang='lat' dir='ltr'><strong>relinquitur</strong></span> <span class='ocrx_word' id='word_1_430' title='bbox 1741 5225 2171 5290; x_wconf 78' lang='lat' dir='ltr'><strong>semidiameter</strong></span> <span class='ocrx_word' id='word_1_431' title='bbox 2214 5241 2505 5308; x_wconf 74' lang='lat' dir='ltr'><strong>apparens</strong></span> <span class='ocrx_word' id='word_1_432' title='bbox 2547 5224 2792 5290; x_wconf 79' lang='lat' dir='ltr'><strong>umbrae</strong></span> <span class='ocrx_word' id='word_1_433' title='bbox 2837 5222 3044 5292; x_wconf 79' lang='lat' dir='ltr'><strong>Lunae</strong></span> <span class='ocrx_word' id='word_1_434' title='bbox 3086 5221 3236 5296; x_wconf 75' lang='lat' dir='ltr'><strong>tere.</strong></span> 
     </span>
    </p>
   </div>
   <div class='ocr_carea' id='block_1_12' title="bbox 3026 3070 3587 5068">
    <p class='ocr_par' dir='ltr' id='par_1_21' title="bbox 3026 3070 3587 5068">
     <span class='ocr_line' id='line_1_51' title="bbox 3026 3070 3587 5068; baseline 0 0"><span class='ocrx_word' id='word_1_435' title='bbox 3026 3070 3587 5068; x_wconf 95' lang='lat' dir='ltr'><strong> </strong></span> 
     </span>
    </p>
   </div>
  </div>
 </body>
</html>
