4459 6275
845 789 889 845 Da
911 788 1040 859 Epitoms
1060 789 1259 847 hannoniae
1685 797 1724 855 rt

367 961 496 1023 libratile
519 981 638 1042 vagum
661 965 692 1024 in
714 965 917 1029 antecedentia
931 968 1057 1045 longiori
1071 975 1203 1049 tempore
1218 965 1369 1044 repedans,
1392 977 1482 1043 quam
1497 968 1527 1024 in
1542 982 1725 1043 consequen·

370 1052 423 1124 tia,
446 1051 577 1127 tardum,
602 1070 669 1113 cum
690 1061 736 1114 est
757 1049 879 1132 planeta
900 1058 929 1115 in
952 1055 1032 1132 long.
1056 1056 1173 1138 media,
1202 1056 1308 1129 velox,
1339 1071 1405 1114 cum
1427 1057 1457 1112 in
1479 1055 1614 1131 apsidum
1636 1055 1723 1132 linea,

370 1156 472 1214 aquo
505 1148 657 1218 computat
698 1150 809 1202 motum
836 1142 940 1204 Martis
963 1147 991 1202 in
1014 1147 1175 1204 eccentrico
1212 1142 1373 1219 aequalem.
1417 1141 1484 1203 Hoc
1511 1152 1597 1220 paeto
1628 1143 1725 1203 salvat

370 1225 511 1285 circulum
533 1239 665 1289 veterum
688 1238 873 1306 aequantem.
918 1232 971 1291 Est
993 1232 1165 1310 hypothesis
1188 1234 1397 1303 astronomica,
1421 1231 1522 1305 fateor,
1546 1239 1577 1290 at
1598 1248 1657 1290 non
1680 1239 1724 1291 est

368 1313 496 1390 physica
518 1316 618 1375 multis
640 1319 827 1393 nominibus,
860 1321 929 1397 quia
951 1337 1006 1380 nec
1028 1337 1099 1379 vera
1123 1328 1182 1393 est,
1216 1336 1270 1378 nec
1292 1322 1354 1395 ipse
1377 1326 1479 1377 auctor
1502 1334 1606 1379 veram
1625 1317 1723 1379 credit
1838 1317 1842 1330 “

369 1400 434 1476 Ego
457 1418 548 1481 vero,
569 1405 595 1462 si
617 1406 714 1463 minus
737 1424 851 1480 veram,
883 1408 987 1468 saltem
1009 1425 1075 1468 mea
1098 1409 1235 1483 opinione
1259 1424 1358 1466 veram
1382 1404 1464 1465 trado
1488 1413 1623 1480 carrsnm,
1648 1416 1724 1481 quae

368 1487 462 1548 multo
485 1492 581 1551 minus
603 1491 693 1551 hahet
716 1494 905 1554 absurditatis
928 1498 956 1554 in
980 1495 1177 1572 computando
1201 1493 1363 1570 compendii
1391 1494 1439 1553 vel
1469 1492 1536 1570 plus
1560 1495 1606 1553 vel
1629 1495 1724 1554 minus

368 1576 550 1640 tantundem.
594 1580 669 1638 Dico
692 1583 778 1656 enim,
801 1582 901 1641 librari
922 1582 1070 1660 planetam
1093 1585 1123 1641 in
1145 1583 1225 1642 linea
1247 1592 1327 1641 recta
1349 1599 1451 1640 versus
1465 1580 1564 1640 Solem
1579 1591 1722 1658 appeten-

367 1665 411 1724 tia
432 1669 611 1741 magnetica,
646 1684 722 1743 quae
744 1672 774 1726 in
798 1670 919 1730 diversis
942 1670 1077 1729 fibrarum
1101 1669 1338 1728 inclinationibus
1361 1670 1399 1727 sit
1421 1668 1553 1729 diversae
1577 1670 1723 1728 fortitudi-

368 1753 431 1827 nis;
455 1755 561 1813 metior
584 1754 659 1815 hanc
681 1756 880 1817 fortitudinem
903 1776 954 1834 per
976 1762 1066 1832 sinus,
1091 1758 1225 1817 ellectum
1247 1775 1298 1833 per
1321 1773 1422 1814 versos
1437 1757 1602 1816 anomaliae
1618 1774 1724 1818 eccen-

368 1840 424 1915 tri;
455 1858 510 1916 pro
542 1845 654 1902 ratione
681 1861 752 1902 vero
782 1844 984 1905 distantiarum
1017 1845 1054 1905 ad
1085 1845 1184 1905 Solem
1214 1845 1289 1904 iasio
1320 1844 1435 1902 tardum
1465 1843 1514 1903 nel
1537 1845 1668 1904 velocem
1692 1863 1723 1904 ra

369 1944 450 1986 vera.
495 1927 679 2006 Hypothesis
702 1939 747 1990 eat
768 1932 899 2010 physica,
924 1936 995 2010 quia
1016 1934 1107 1992 habet
1123 1935 1257 2009 exempla
1272 1932 1561 2009 physicamagnetis,
1586 1941 1629 1991 est
1646 1932 1723 2010 phy·

368 2016 439 2087 siaa,
462 2014 520 2075 hoc
542 2025 588 2078 est
609 2018 764 2093 naturalis,
796 2023 867 2097 quia
889 2039 959 2080 vera
981 2029 1010 2081 ct
1033 2021 1140 2082 educta
1162 2039 1197 2080 en
1221 2022 1285 2097 ipsa
1307 2027 1413 2078 natura
1435 2021 1548 2078 interna
1569 2037 1722 2095 corporum

368 2100 507 2178 phaetas
530 2112 560 2164 et
582 2104 668 2180 Solis,
691 2114 736 2166 est
757 2107 889 2185 physica,
911 2111 981 2184 quia
1002 2109 1105 2168 modos
1129 2125 1228 2168 ornnes
1251 2116 1331 2168 tenet
1351 2109 1514 2169 motionum
1528 2108 1721 2185 naturalium

368 2197 414 2250 est
436 2198 536 2251 nmen
558 2194 646 2253 etiant
668 2197 878 2270 astronomica,
901 2197 971 2271 quia
993 2180 1281 2276 compendiosissime
1304 2202 1402 2271 potest
1423 2197 1586 2270 computari
1609 2213 1722 2272 aequa·

369 2281 411 2336 tio
436 2286 467 2339 et
489 2278 629 2341 dhmntia
650 2281 797 2357 planetae.
842 2278 945 2344 Posita
974 2286 1051 2343 enim
1080 2284 1230 2344 anomalia
1253 2285 1392 2355 eceentri,
1429 2282 1514 2341 datur
1542 2282 1613 2341 mibi
1641 2285 1722 2342 sinus

369 2366 434 2442 ejus
456 2367 663 2445 complementi
686 2368 735 2429 vel
757 2386 904 2433 excessus.
950 2372 988 2430 Et
1010 2380 1042 2431 ut
1063 2373 1145 2430 sinus
1168 2380 1247 2431 totus
1270 2369 1307 2429 ad
1331 2370 1416 2443 hunc,
1439 2372 1483 2430 sie
1498 2368 1616 2430 libratio
1632 2370 1720 2430 dimi·

370 2452 420 2514 dia
440 2472 494 2513 seu
517 2458 718 2517 eceentricitas
741 2464 803 2518 tota
825 2458 863 2519 ad
885 2466 998 2536 partem
1020 2459 1184 2521 librationis
1199 2458 1260 2517 illie
1275 2455 1449 2530 addendam,
1471 2457 1520 2517 hic
1535 2459 1723 2518 auferendam

370 2559 389 2600 a
409 2541 628 2605 semidiametro
651 2544 763 2605 orbitae
786 2545 932 2624 planetae.
976 2547 1053 2607 Ecce
1075 2547 1192 2606 facilem
1214 2545 1332 2605 modum
1348 2545 1536 2620 computandi
1553 2547 1723 2606 distantiam

369 2627 447 2688 Solis
470 2637 500 2690 et
521 2630 667 2708 planetae,
692 2640 722 2692 et
743 2640 840 2693 hmen
862 2634 1090 2694 demonstratum
1113 2640 1158 2693 est
1180 2633 1371 2705 solidissime,
1395 2632 1441 2691 his
1463 2632 1627 2692 librationis
1648 2637 1722 2694 sim-

369 2714 546 2792 plicissimae
568 2720 685 2797 legibus
708 2721 830 2798 effigiari
853 2723 978 2781 orbitam
1001 2722 1176 2797 cllipticam,
1207 2729 1319 2780 utnon
1342 2723 1380 2778 sit
1403 2737 1477 2796 opus
1500 2720 1650 2782 lunatione
1672 2728 1722 2782 to·

370 2807 428 2863 tius
448 2805 594 2882 sphaerae
615 2807 730 2868 Martis.
773 2807 911 2886 Sequitur
933 2812 1092 2885 aequatio,
1127 2810 1212 2884 cujus
1233 2807 1401 2879 suntduae
1423 2814 1540 2884 partes,
1573 2810 1670 2885 optiea
1692 2818 1723 2869 et

369 2891 509 2970 physica3
533 2895 633 2971 optica
654 2903 699 2956 est
722 2913 758 2956 ex
780 2899 1014 2970 eceentrieitate,
1038 2897 1160 2975 physica
1182 2914 1218 2956 ex
1240 2895 1365 2955 naturali
1387 2896 1524 2955 tarditate
1546 2897 1584 2957 ob
1608 2896 1721 2959 distan-

369 2980 439 3039 tiam
461 2998 481 3041 a
502 2980 574 3042 Sole
597 2987 767 3043 auctiorem.
811 2983 940 3044 Rursum
971 2985 1047 3044 hanc
1070 2994 1207 3060 computo
1230 2983 1376 3045 facillime.
1421 2983 1496 3042 Nam
1518 2990 1552 3043 ut
1574 2992 1619 3043 est
1640 2986 1721 3043 sinus

370 3067 537 3129 anomaliae
561 3073 685 3131 ecceutri
709 3069 747 3132 ad
770 3077 873 3145 totum,
897 3074 940 3133 sic
963 3081 1008 3132 est
1030 3090 1100 3132 area
1120 3069 1184 3152 (seu
1205 3073 1306 3151 potius
1329 3065 1427 3153 valor)
1449 3069 1587 3147 trianguli
1609 3088 1722 3148 aequa·

370 3159 435 3216 torii
458 3156 499 3216 ad
521 3175 619 3219 aream
643 3158 798 3239 (valorem)
822 3160 900 3219 illius
923 3160 1078 3236 trianguli,
1111 3160 1190 3236 quod
1213 3161 1242 3218 in
1265 3158 1414 3218 anomalia
1436 3159 1533 3219 media
1554 3167 1626 3234 stat,
1657 3162 1721 3227 exie

370 3250 450 3303 stans
473 3247 604 3305 omnium
626 3250 793 3310 maximum.
839 3246 988 3322 Quantum
1011 3256 1109 3308 autem
1133 3247 1240 3321 valeat,
1264 3249 1338 3306 inter
1360 3249 1445 3306 initia
1459 3248 1558 3306 statim
1574 3247 1721 3324 computo,

370 3335 588 3409 comparatione
611 3336 676 3410 eius
698 3335 736 3396 ad
758 3354 857 3396 aream
881 3337 989 3410 circuli,
1021 3353 1097 3411 quaa
1119 3338 1144 3394 si
1166 3336 1247 3394 valet
1270 3337 1409 3411 temporis
1431 3334 1601 3394 resolutorii
1623 3344 1721 3413 partes

371 3420 432 3480 360
456 3437 568 3496 omnes,
591 3422 676 3482 facile
699 3426 892 3496 constituitur,
915 3431 988 3500 quot
1008 3426 1122 3484 minuta
1145 3430 1174 3483 et
1191 3422 1321 3483 secunda
1336 3421 1435 3481 valeat
1450 3422 1586 3498 trianguli
1602 3419 1721 3483 maximi

369 3524 447 3567 area.
493 3508 586 3570 Vides
618 3514 817 3587 operationem
841 3513 956 3572 unicam
986 3529 1038 3588 pro
1061 3529 1120 3571 una
1142 3518 1224 3589 parte
1247 3512 1448 3587 aequationis,
1477 3528 1553 3585 quae
1577 3513 1720 3587 exprimit,

370 3602 512 3671 quantum
534 3602 672 3674 temporis
694 3602 734 3658 sit
755 3600 921 3659 absumtum
944 3601 974 3658 in
997 3616 1067 3657 arcu
1089 3599 1253 3658 anomaliae
1269 3599 1393 3658 eceentri
1415 3596 1465 3674 (ab
1480 3596 1537 3657 hoc
1554 3616 1586 3656 n.
1603 3600 1720 3675 incipio,

368 3700 426 3743 non
450 3703 469 3743 a
492 3693 631 3761 tempore,
654 3686 733 3746 incili
755 3684 913 3765 cautione).
957 3685 1062 3746 Restat
1083 3686 1199 3762 reliqua
1212 3704 1280 3762 pars
1295 3686 1480 3761 aequationis
1497 3688 1604 3761 optiea.
1642 3685 1721 3745 Rur-

370 3788 435 3830 sum
457 3770 506 3831 bie
529 3781 594 3833 utor
616 3775 682 3834 sinu
704 3774 907 3851 complementi
930 3774 979 3834 vel
1002 3791 1138 3834 excessus
1161 3773 1324 3834 anomaliae
1347 3774 1479 3845 eceeutri,
1503 3775 1550 3832 cui
1572 3772 1649 3833 addo
1672 3773 1721 3833 vel

372 3858 495 3919 detraho
519 3863 779 3937 eecentricitatem,
812 3871 842 3921 et
862 3870 896 3920 ut
917 3861 1056 3922 distantia
1078 3861 1214 3938 planetae
1237 3879 1256 3920 a
1277 3860 1345 3921 Sole
1368 3859 1407 3920 ad
1428 3859 1504 3919 hunc
1525 3861 1648 3935 iactam,
1677 3863 1720 3921 sic

370 3947 451 4005 sinus
474 3948 615 4008 totua‘ad
637 3952 732 4037 sinum
756 3949 963 4034 complemeuti
985 3949 1033 4009 rel
1057 3966 1194 4009 excessus
1218 3948 1382 4008 anomaliae
1405 3956 1594 4023 coaequatae.
1642 3953 1721 4021 (Nota

372 4042 397 4089 nr
414 4055 511 4102 marg:
532 4036 688 4097 unamalia
709 4036 821 4098 media:
847 4045 975 4114 tempus;
999 4037 1146 4097 anomalia
1169 4040 1310 4097 eocentri:
1333 4052 1432 4109 arcus3
1463 4035 1610 4095 anomalia
1631 4052 1721 4096 eoae·

372 4130 478 4198 quata:
502 4121 650 4202 angulus.)
693 4124 740 4184 Ita
763 4144 799 4185 ex
821 4126 969 4206 anomalia
991 4127 1117 4185 eccentri
1135 4132 1272 4202 computo
1286 4124 1411 4183 mediam
1426 4140 1549 4197 sursum,
1573 4141 1721 4200 coaequa·

371 4220 430 4269 tam
453 4209 609 4285 deorsum,
643 4219 676 4272 ut
697 4215 801 4288 sciam,
826 4215 873 4273 cni
895 4214 1009 4274 mediae
1032 4231 1108 4289 quae
1132 4208 1295 4289 coaequata
1315 4211 1504 4287 respondeam
1534 4213 1625 4271 tribus
1649 4228 1722 4290 ope·

370 4286 630 4366 rationibdsduas
653 4317 699 4361 res
721 4304 919 4375 necessarias,
943 4301 1126 4374 distantiam,
1157 4302 1195 4361 ob
1217 4302 1434 4377 proportionem
1458 4299 1580 4372 orbium,
1604 4308 1633 4359 et
1654 4299 1722 4360 lon-

370 4385 532 4462 gitudinem
566 4390 690 4447 eccentri
720 4391 774 4449 sub
807 4390 930 4450 zodiaco
963 4398 1172 4465 coaequatam,
1207 4390 1244 4448 ob
1277 4388 1511 4447 commutationis
1534 4386 1719 4447 anomaliam.

370 4473 463 4533 Vides
486 4473 561 4533 nihil
584 4478 723 4536 interesse
744 4480 957 4551 astronomiae,
980 4477 1102 4555 physica
1124 4479 1163 4535 sit
1185 4476 1373 4552 hypothesis,
1396 4494 1436 4533 an
1457 4476 1541 4547 ficta,
1560 4473 1721 4534 dummodo

370 4569 574 4638 computemus
604 4562 683 4623 inde.
729 4562 842 4639 Quodsi
864 4564 1048 4641 fatigandum
1070 4572 1115 4624 ent
1138 4566 1286 4623 cerebrum
1309 4566 1494 4639 perceptione
1514 4563 1600 4622 fictae
1624 4563 1721 4640 hypo·

370 4650 487 4709 theseos
510 4648 547 4708 de
570 4650 693 4729 sphaera
715 4651 846 4725 luxatili,
875 4670 1008 4729 apogaeo
1032 4670 1127 4728 vago,
1161 4653 1230 4728 quin
1254 4654 1352 4728 potius
1375 4646 1513 4726 fatigetur
1535 4654 1721 4727 perceptione

369 4736 570 4814 hypotheseos
592 4738 748 4816 physicae,
773 4757 831 4817 quo
854 4740 992 4815 ostendo,
1017 4738 1163 4817 quomodo
1187 4740 1322 4817 planetae
1347 4745 1519 4797 moveantur
1540 4739 1606 4816 lege
1627 4746 1721 4799 state-

370 4842 429 4898 rae,
453 4827 547 4884 vectis
569 4835 622 4885 aut
643 4822 746 4905 librae,
768 4828 910 4887 librentur
931 4827 968 4887 ad
992 4828 1091 4888 Solem
1114 4834 1144 4887 et
1166 4845 1185 4887 a
1206 4827 1275 4887 Sole
1297 4827 1363 4902 lage
1386 4828 1537 4901 magnetis.

458 4912 581 4989 Eclipsis
604 4932 732 4993 nuperae
755 4916 921 4975 observatio
944 4916 1014 4974 mihi
1037 4918 1092 4975 luit
1114 4917 1288 4991 gratissime,
1312 4916 1412 4991 accipe
1427 4915 1557 4973 vicissim
1573 4920 1602 4973 et
1617 4930 1720 4987 meam,

370 5009 400 5062 et
426 4997 600 5080 ἆόολεσχιας
621 5002 687 5063 loco
710 5002 988 5063 demonstrationum
1011 5012 1041 5064 et
1062 5002 1167 5068 calculi
1195 5004 1265 5063 boni
1293 5002 1419 5063 consule.
1464 5001 1601 5062 Nondum
1623 5001 1723 5061 calcu·

369 5090 431 5149 lum
452 5088 589 5150 subduxi

459 5177 498 5237 D.
516 5177 553 5237 D.
576 5177 709 5253 lidslino,
733 5178 850 5256 quando
867 5180 909 5238 ita
923 5179 989 5239 Deo
1005 5174 1112 5248 risum,
1136 5179 1314 5256 gratulemur
1329 5187 1457 5241 aetatem
1472 5186 1613 5251 exactam,
1637 5180 1723 5255 quie·

371 5272 430 5326 tem
451 5272 576 5345 partam.
620 5266 856 5331 Fundamentum
878 5268 974 5346 ipsum
997 5270 1126 5330 tenuisse
1148 5285 1208 5330 non
1231 5268 1343 5331 dubito.
1386 5267 1469 5330 Deus
1491 5270 1661 5330 misereatur
1677 5268 1724 5329 vi-

423 5386 519 5438 annarr
531 5384 608 5439 ομη
621 5385 661 5431 va
1496 5358 1516 5415 2
