4459 6275
851 781 857 791 ’
892 775 1034 833 Horroccii
1051 775 1198 833 Judiciunu
1654 788 1716 848 gpq

352 955 469 1011 monicis
493 952 597 1024 colligit
621 954 692 1011 1730
709 956 876 1023 (quanquam
899 951 991 1008 intem
1011 951 1074 1007 illas
1092 952 1122 1008 iu
1144 950 1257 1020 reliquis
1279 951 1398 1021 planetis
1422 968 1477 1009 non
1499 955 1623 1024 praecise
1648 956 1717 1013 obti-

351 1035 438 1101 nere).
476 1034 601 1103 Denique
627 1033 725 1088 Lunae
749 1047 766 1087 a
787 1033 872 1087 Terra
895 1031 1025 1086 distantis
1049 1031 1182 1098 maxima,
1211 1029 1360 1085 secundum
1381 1031 1493 1102 liepleri
1516 1033 1717 1103 speculationes

351 1114 476 1181 (Λειτοιι.
496 1113 562 1182 (lop.
580 1130 607 1183 p.
624 1113 675 1168 181
696 1110 781 1184 [still
801 1119 902 1181 aequat
920 1111 1044 1181 praecise
1062 1109 1298 1166 excentrioitatem
1317 1111 1426 1167 Terrae.

405 1234 409 1240 .
458 1192 483 1246 A
500 1192 596 1247 Lunae
608 1206 714 1260 apogeo
732 1192 864 1247 subtraho
876 1191 930 1250 40¹.
947 1204 1079 1259 sonnoque
1092 1189 1233 1244 semissem
1245 1188 1375 1257 physicae
1393 1190 1563 1258 aequationis
1575 1193 1715 1263 temporis,

351 1271 427 1340 quod
450 1279 577 1326 accurate
602 1269 729 1325 convenit
752 1286 814 1324 cum
832 1268 979 1339 eclipsibus
997 1266 1052 1322 illis
1071 1266 1209 1335 omnibus,
1234 1266 1333 1335 quibus
1351 1267 1436 1323 fidere
1454 1269 1556 1338 ausim;
1580 1285 1642 1325 raro
1661 1271 1716 1328 dis·

350 1349 475 1405 sentiens
496 1347 570 1404 ultra
591 1349 656 1404 min.
680 1347 706 1401 2‘
731 1348 774 1403 vel
793 1348 817 1402 3¹
843 1345 982 1416 temporls.
1020 1346 1076 1400 Gur
1098 1345 1207 1399 nonnisi
1231 1345 1371 1401 semissem
1395 1345 1524 1414 physicae
1546 1350 1716 1418 aequationis

350 1443 530 1498 assumerem,
554 1427 644 1482 iateor
661 1441 704 1481 me
720 1424 823 1481 nullam
841 1426 942 1481 babere
961 1440 1085 1492 causam;
1109 1423 1163 1480 uisi
1181 1424 1255 1493 qnod
1271 1431 1336 1492 post
1353 1423 1494 1481 innumera
1518 1429 1714 1496 propemodum

348 1507 476 1574 inuenta,
500 1506 600 1560 iterata
621 1505 771 1558 tentamina
794 1512 822 1557 et
847 1504 1070 1573 supputationes,
1096 1502 1228 1559 lassatam
1254 1501 1414 1571 patientiam
1439 1511 1468 1558 ot
1490 1504 1581 1560 irritos
1606 1507 1716 1564 labores

349 1584 420 1639 nihil
437 1584 555 1652 inrenio,
574 1583 648 1652 quod
666 1597 752 1650 aeque
770 1598 803 1636 ac
821 1582 873 1636 hoc
892 1587 1026 1649 congruet
1043 1579 1208 1646 observatis3
1228 1578 1354 1646 adeoque
1372 1580 1470 1635 ceteris
1482 1585 1665 1654 recensendis,
1684 1593 1716 1640 ut

349 1662 481 1729 erroneis,
500 1662 675 1731 supersedeo.
712 1661 773 1714 Hoc
789 1659 887 1715 saltem
904 1660 1012 1728 reperio
1025 1673 1188 1728 quacunque
1206 1658 1332 1713 incedam
1343 1658 1394 1728 via,
1414 1659 1470 1715 sive
1484 1659 1641 1730 Tycbonica
1658 1664 1716 1719 sire

348 1742 543 1795 Astronomioe
564 1747 627 1794 utar
648 1740 823 1808 aequatione,
847 1740 904 1794 sire
921 1744 1074 1793 commento
1092 1737 1187 1806 quovis
1206 1736 1272 1803 alio,
1297 1751 1406 1806 semper
1427 1738 1642 1796 subtrahendum
1663 1744 1717 1798 erit
1827 1802 1830 1809 ,

348 1818 383 1873 ab
402 1835 527 1889 apogaeo
545 1820 624 1887 qnasi
640 1818 691 1874 10.
729 1819 788 1872 Hoc
805 1818 877 1872 idem
890 1817 1031 1872 Solaribus
1050 1817 1207 1884 eclipsibus,
1226 1833 1294 1885 quas
1311 1818 1473 1883 examinavi,
1492 1817 1617 1874 omnibus
1636 1821 1715 1876 satis·

347 1897 440 1954 iaciet.
479 1899 558 1967 Quod
583 1897 618 1952 ad
642 1897 754 1967 liepleri
776 1897 967 1965 aequationem
989 1902 1157 1951 menstruam
1180 1903 1301 1966 spectat,
1326 1910 1429 1965 paucas
1453 1896 1599 1952 admodum
1624 1899 1716 1955 obser·

347 1975 474 2030 rabones
499 1975 569 2039 scio,
593 1990 664 2044 quae
686 1974 739 2030 huo
762 1973 910 2040 indigeant.
947 1972 1026 2040 Quod
1049 1973 1199 2030 ad·Lunae
1217 1971 1307 2028 locum
1326 1972 1390 2028 alibi
1413 1989 1493 2042 quem
1518 1974 1548 2030 in
1566 1977 1715 2047 eclipsibus
1795 2001 1797 2011 c

349 2061 467 2123 spectat,
485 2053 553 2108 nibil
571 2055 662 2120 adbuc
679 2053 815 2121 praestiti.
850 2051 1004 2121 Supputari
1026 2051 1136 2121 quidem
1155 2051 1359 2108 observationes
1377 2050 1494 2122 aliquot,
1520 2054 1569 2108 sed
1595 2056 1714 2113 errorem

348 2132 431 2187 ralde
448 2132 597 2187 notabilem
615 2132 643 2186 in
661 2129 779 2200 liepleri
793 2129 907 2186 Tabulis
925 2145 979 2184 non
997 2130 1114 2199 reperio.

456 2209 566 2264 Saturni
584 2210 692 2281 aphelio
712 2209 782 2263 addo
802 2210 832 2262 1⁰
850 2210 884 2275 0¹,
904 2206 1012 2276 aequali
1030 2208 1117 2262 motui
1134 2209 1168 2262 2⁴.
1207 2205 1308 2261 Differt
1324 2206 1434 2275 quidem
1453 2208 1506 2263 hoc
1524 2213 1713 2285 aLansbergii

348 2289 497 2354 observato
515 2289 593 2358 1593,
611 2288 660 2343 scd
678 2287 786 2356 experti
804 2286 941 2353 norimus,
966 2302 1021 2354 qua
1039 2286 1093 2340 lide
1112 2285 1210 2354 diguus
1229 2293 1272 2342 est
1289 2284 1344 2355 ille.
1382 2286 1540 2358 Eademque
1559 2290 1713 2349 observatio

346 2367 414 2422 facit
433 2367 536 2422 nodum
554 2369 666 2423 boreum
684 2369 712 2423 in
730 2365 833 2436 majore
851 2365 1022 2434 longitudine
1045 2365 1174 2434 gradibus
1192 2366 1225 2434 l,
1250 2378 1331 2433 quam
1355 2363 1439 2420 habet
1457 2365 1606 2437 Keplerus3
1631 2387 1715 2439 quum

346 2446 458 2502 interim
476 2461 511 2501 ex
529 2448 681 2502 observatis
699 2447 800 2501 nostris
819 2445 911 2515 potius
930 2443 1056 2499 existimo
1074 2442 1248 2497 minuendam
1272 2456 1335 2497 esse
1352 2442 1545 2513 Keplerianam
1569 2447 1714 2519 longitudi-

347 2540 429 2581 nem:
449 2518 484 2579 de
502 2524 555 2581 boc
573 2531 664 2580 autem
682 2524 750 2581 nibil
769 2524 877 2593 definio,
896 2531 925 2579 at
942 2522 1040 2579 saltem
1059 2521 1186 2600 erigenda
1204 2537 1258 2575 nou
1278 2521 1336 2576 erlt

454 2601 571 2671 Aphelio
590 2604 666 2658 Joris
685 2602 756 2660 addo
774 2605 806 2660 2⁰
827 2606 876 2671 15⁴,
900 2604 935 2659 ab
952 2603 1060 2671 aequali
1084 2608 1161 2657 motu
1187 2601 1281 2657 aufero
1299 2601 1333 2656 3⁶.
1370 2602 1491 2659 Maxima
1515 2605 1714 2674 prosthuphas·

344 2680 417 2736 resis
436 2682 558 2736 excentri
580 2683 668 2749 maj0r
690 2690 732 2737 est
754 2684 817 2738 min.
840 2686 891 2751 00Ὠ
916 2697 997 2750 qnam
1017 2682 1196 2752 Kepleriaua‚
1220 2682 1273 2738 hoc
1296 2689 1340 2737 est
1362 2682 1417 2737 uua
1436 2684 1607 2754 sexagesima
1624 2693 1712 2754 parte.

346 2758 693 2827 Adeoqueexcentricitas
717 2764 759 2815 est
775 2760 856 2816 1800.
890 2759 951 2814 Hoc
968 2758 1035 2814 lacit
1052 2760 1132 2814 Jovis
1151 2758 1242 2816 locum
1258 2758 1428 2828 Kepleriauo
1450 2765 1643 2831 promotiorem
1666 2766 1714 2819 mi·

346 2839 423 2895 nutis
442 2840 467 2894 l‘
491 2839 519 2893 in
542 2839 690 2908 praeterito
708 2839 852 2895 Decembri
877 2844 905 2892 et
929 2837 992 2892 min.
1011 2838 1055 2892 12³
1080 2845 1130 2893 aut
1151 2839 1191 2895 1³¹
1214 2838 1244 2893 iu
1262 2837 1370 2894 Martio.
1408 2838 1485 2908 Quae
1508 2840 1553 2895 ab·
1566 2842 1714 2899 obseruatis

346 2935 404 2975 nou
423 2918 539 2974 multum
553 2917 691 2973 differunt.
726 2916 856 2986 Aequalis
869 2923 960 2970 motus
973 2915 1050 2970 Joris
1070 2921 1113 2970 est
1125 2916 1284 2973 notabiliter
1302 2915 1422 2973 velocior
1434 2935 1516 2988 quam
1528 2920 1601 2990 apud
1614 2919 1714 2991 Keple·
1810 2969 1815 2983 ,

347 3013 410 3052 rum
439 2997 563 3066 adeoque
582 2997 610 3051 in
628 2997 765 3050 creatione
784 2992 837 3050 init
855 3008 984 3062 sexagen.
1005 2994 1031 3048 1.
1051 2991 1107 3049 30⁰.

454 3075 497 3131 Ab
515 3075 623 3145 aplrelio
641 3072 740 3128 Martis
758 3071 851 3128 aufero
873 3075 927 3141 10’;
947 3072 1093 3125 maximam
1110 3072 1373 3145 prosthaplraeresiu
1391 3076 1538 3132 excentrici
1557 3093 1643 3146 augeo
1666 3076 1714 3132 mi·

347 3155 424 3211 nutis
442 3154 467 3223 2,
494 3154 563 3209 adeo
587 3161 618 3208 nt
644 3152 835 3216 excentricitas
858 3152 894 3205 sit
917 3150 994 3206 9292.
1031 3151 1092 3207 Hoc
1114 3151 1221 3209 scilicet
1238 3167 1288 3223 pro
1306 3155 1446 3223 praesenti
1465 3171 1536 3210 anno
1558 3155 1639 3221 16373
1665 3156 1714 3212 sed

347 3250 421 3290 auno
443 3233 512 3289 1588
530 3233 652 3302 aequalis
669 3239 760 3288 motus
778 3223 924 3287 mutandus
942 3246 997 3286 non
1016 3236 1067 3285 est.

455 3310 498 3365 Ab
515 3312 622 3381 aequali
639 3318 715 3366 motu
732 3311 846 3367 Veneris
871 3310 1004 3366 subtraho
1022 3310 1086 3365 min.
1104 3312 1157 3366 15⁴.
1192 3309 1254 3365 Hoc
1278 3326 1372 3366 omnes
1392 3313 1596 3367 observationes
1620 3317 1714 3381 postu·
1750 3311 1761 3320 ''

346 3393 416 3449 lant.
452 3390 524 3447 Hinc
540 3390 655 3447 Veneris
673 3391 750 3446 locus
774 3390 802 3444 in
821 3389 911 3445 medio
929 3388 1089 3445 Decembris
1106 3390 1249 3460 praeteriti
1265 3389 1299 3445 fit
1315 3389 1482 3460 Kepleriano
1497 3391 1585 3446 minor
1602 3390 1713 3448 minutis

348 3471 429 3541 quari
447 3476 473 3540 0,
493 3476 522 3525 ot
537 3469 651 3525 minutis
670 3470 686 3525 t
703 3468 730 3523 in
749 3467 883 3538 principio
900 3467 1034 3524 ianuarii.
1718 3459 1723 3473 ’

925 3665 1136 3679 ”—

453 3831 511 3885 Vol.
535 3832 594 3886 XX.
613 3846 673 3883 mss.
696 3833 903 3881 Pullovlousium
933 3838 1066 3895 praesepta
1090 3836 1115 3879 st
1137 3832 1240 3881 tabulas
1265 3828 1441 3893 Rudolpblnas
1469 3844 1562 3891 magna
1585 3844 1615 3881 ex
1638 3835 1711 3894 parto

345 3918 426 3956 manu
444 3901 547 3967 Ksplsri
565 3905 674 3966 scriptas
692 3905 811 3952 continet.
847 3903 886 3951 Ida
904 3903 951 3952 boo
970 3903 1097 3951 volumino
1114 3914 1143 3950 aa
1161 3915 1227 3962 quus
1244 3908 1385 3965 sequuntur
1403 3901 1580 3952 deanmrimut.

382 3961 1702 4076 Αοιιῑιιιιιιίο1000111001,111111011011101010οιιοίιιηιτίιιιιιιιιιιι.Ι

344 4120 488 4192 Olympias
507 4118 704 4190 complectetur
721 4117 806 4174 iacies
855 4157 862 4173 .
898 4160 905 4175 .
943 4159 950 4173 .
985 4117 1002 4172 3
1057 4117 1150 4175 Canon
1169 4114 1361 4184 aequationem
1379 4115 1414 4187 Θ
1467 4155 1655 4171 .....
1693 4116 1709 4172 3

342 4199 532 4259 Asceusioues
550 4204 643 4253 rectae
677 4236 950 4253 .......
986 4196 1002 4251 5
1055 4198 1187 4268 Epochae
1197 4194 1315 4265 Saturni,
1327 4193 1427 4264 aphelii
1439 4197 1509 4262 etgz
1522 4209 1582 4250 cunr
1592 4202 1667 4249 motu

341 4279 484 4349 Aequatio
503 4278 608 4333 dierum
631 4311 952 4331 ........
987 4275 1003 4329 8
1089 4282 1247 4344 menstruo,
1267 4273 1363 4328 diurno
1382 4279 1410 4327 et
1427 4273 1536 4328 horario¹
1564 4314 1570 4326 .
1607 4313 1616 4328 .
1651 4314 1657 4329 .
1691 4273 1709 4328 1

342 4371 344 4376 ·
379 4360 458 4429 Ergo
473 4359 651 4426 jungaturea
664 4351 818 4421 Olympiadi
836 4360 864 4408 et
890 4368 951 4423 per·
1057 4355 1099 4409 Ad
1118 4354 1241 4424 singulos
1260 4350 1354 4422 seculi,
1373 4354 1465 4408 secula
1483 4361 1512 4407 et
1529 4353 1598 4409 0000
1651 4393 1658 4408 .
1694 4351 1709 4406 1

379 4438 529 4493 misceatur
559 4449 620 4489 cum
653 4432 716 4500 illa,
751 4432 775 4487 si
810 4431 950 4487 commode
1056 4433 1258 4501 Aequationum
1300 4469 1658 4490 .........
1694 4432 1711 4488 0

379 4515 492 4587 poterit.
1055 4510 1245 4567 Latitudinem
1264 4517 1292 4565 et
1309 4509 1457 4565 stationum
1515 4550 1524 4566 .
1560 4552 1567 4565 .
1603 4550 1612 4565 .
1649 4548 1657 4565 .
1696 4513 1708 4567 1

340 4590 508 4665 Argumenti
526 4589 695 4659 obliquitatis
714 4589 856 4659 eclipticae
899 4629 905 4643 .
943 4628 951 4643 .
989 4590 1000 4644 1
1055 4590 1133 4645 Joris
1165 4628 1658 4645 ............
1693 4588 1710 4643 0

340 4675 441 4729 Motus
459 4669 613 4738 argumenti
625 4676 654 4724 et
670 4668 838 4725 reductionis
851 4676 879 4724 et
891 4683 950 4724 cor·
1055 4669 1153 4724 Martis
1208 4703 1657 4724 ...........
1693 4666 1710 4721 0

379 4750 467 4806 rectio
487 4748 542 4804 Orb
545 4787 953 4805 ..........
990 4750 1001 4801 1
1055 4748 1169 4803 Veneris
1208 4784 1656 4802 ...........
1694 4744 1710 4798 0

341 4828 478 4899 Epoohae
490 4828 538 4898 Θ,
557 4824 662 4880 dierum
681 4828 761 4882 otiam
780 4829 811 4883 31
833 4835 861 4882 et
872 4826 952 4881 hora·
1055 4826 1186 4881 Mercurii
1205 4860 1656 4881 ...........
1693 4821 1709 4877 6

377 4914 578 4963 rumtotarnm
599 4906 829 4961 et12meusium
856 4947 861 4959 .
899 4944 906 4957 .
943 4944 949 4957 .
988 4905 1000 4957 1
1055 4904 1237 4973 Heptacosias
1255 4900 1480 4971 logarithmorum
1517 4943 1523 4956 .
1560 4942 1567 4956 .
1605 4941 1612 4956 .
1649 4943 1655 4955 .
1691 4900 1710 4955 8

341 4990 440 5045 Canon
450 4986 643 5057 dmotnumfi)
653 4986 687 5040 ab
697 4984 951 5054 aequinoctiaspo·
1057 4985 1152 5039 Canon
1169 4980 1393 5051 logarithmorum
1430 5014 1656 5036 ......
1692 4978 1709 5034 0

379 5066 442 5137 guel
468 5065 503 5120 ab
530 5065 703 5134 acquinoctio
725 5071 754 5119 et
778 5063 895 5118 fixarum
916 5060 950 5115 ab
1054 5061 1164 5118 Tabula
1181 5061 1273 5129 auguli
1299 5095 1656 5117 .........
1692 5055 1709 5111 d

377 5143 555 5214 aequinoctio
591 5181 949 5200 .........
985 5142 1001 5195 1
1054 5140 1360 5210 Mesologaritbmorum
1377 5138 1529 5196 latitudinis
1558 5175 1566 5191 .
1604 5174 1612 5189 ·
1647 5174 1655 5190 .
1690 5134 1706 5192 t
