4459 6275
870 752 955 810 liber
971 753 1081 811 Sextus.
1116 753 1186 810 Pars
1203 752 1313 822 Quinta.
1660 752 1667 764 “
1706 755 1769 817 489

415 932 443 993 in
466 930 577 993 cbenlo
600 948 707 1010 magno
731 932 786 993 luit
810 934 850 994 to
873 933 922 994 rel
947 935 983 993 11
1008 933 1127 1011 gradus,
1152 949 1228 1009 qnae
1245 931 1385 992 distantia
1407 931 1511 993 aSole
1536 930 1588 992 dat
1609 947 1700 991 comu
1714 948 1771 1009 ap·

415 1036 521 1097 pmcne
547 1020 608 1080 19'‘
629 1020 736 1093 latum,
760 1037 836 1097 quae
861 1030 994 1099 estpars
1023 1023 1092 1081 109.
1117 1020 1250 1081 diametri
1273 1021 1391 1094 Lnnae3
1423 1022 1456 1094 2)
1480 1027 1513 1079 ut
1534 1020 1621 1079 inerit
1643 1018 1770 1079 aetheris
1814 1066 1819 1077 .

415 1108 582 1168 substantia
605 1111 681 1168 circa
696 1108 796 1168 Solem
818 1126 900 1185 pura
926 1116 957 1168 ιιι
979 1111 1009 1167 irr
1031 1109 1190 1185 eclipsibus
1205 1107 1292 1183 Solis,
1317 1109 1469 1184 inquibus
1492 1114 1634 1189 apparent
1652 1106 1769 1182 stellae;

415 1196 451 1270 3)
473 1203 508 1254 ut
522 1194 614 1255 Terra
637 1197 673 1254 iis
697 1197 726 1253 in
748 1195 830 1270 locis,
855 1197 962 1272 qrribus
985 1195 1037 1256 Sol
1058 1196 1208 1256 verticalis
1232 1203 1276 1255 est
1299 1192 1351 1275 (uti
1375 1204 1445 1254 tunc
1467 1204 1549 1255 erant
1563 1201 1678 1252 montes
1701 1192 1772 1252 dieti
1807 1187 1809 1196 '

415 1281 519 1343 Lunae
543 1285 572 1340 in
596 1272 723 1364 Africa)'
743 1284 812 1344 nive
835 1285 943 1342 vestita
965 1284 1051 1344 luerit
1073 1283 1120 1344 vel
1144 1282 1248 1343 saltem
1271 1301 1346 1343 cane
1369 1281 1495 1356 nebula3
1526 1280 1557 1361 4)
1586 1287 1620 1340 ut
1640 1283 1771 1339 vicissim

414 1372 445 1429 ln
472 1368 541 1429 loeo
566 1369 726 1446 spectaculi
757 1370 870 1430 eoelum
901 1372 1088 1447 purissimum
1119 1379 1148 1431 et
1170 1369 1275 1430 sudum
1305 1371 1392 1430 luerit
1414 1379 1443 1429 et
1465 1370 1567 1429 brevia
1590 1367 1770 1446 crepuscula.

415 1455 506 1517 Hisce
530 1456 606 1517 dada
629 1457 723 1532 leuna,
747 1460 773 1516 si
795 1475 853 1517 nou
876 1460 969 1535 ipsius
993 1475 1081 1518 cornu
1105 1457 1184 1517 lines
1208 1460 1388 1530 tenuissima,
1413 1464 1443 1516 at
1458 1456 1562 1516 saitem
1584 1456 1661 1529 lnce,
1684 1474 1772 1532 quam

415 1562 435 1607 a
456 1544 549 1604 Terra
571 1563 709 1621 maguam
731 1544 870 1619 babebat,
895 1547 1004 1605 enitere
1027 1547 1184 1623 visumque
1206 1562 1325 1606 morere
1347 1544 1427 1605 elaro
1451 1544 1570 1604 meridie
1593 1544 1698 1620 potnit.

505 1632 665 1709 Quomodo
688 1635 815 1708 sumus,
846 1633 1032 1709 quattuorue
1058 1633 1150 1693 Luna
1173 1633 1208 1692 de
1230 1641 1315 1693 nocte
1339 1631 1462 1692 luceat?
1490 1632 1551 1690 Etsi
1575 1631 1632 1692 bec
1655 1648 1771 1707 quoque

415 1737 553 1798 magnam
583 1720 674 1781 babet
704 1722 876 1780 varietatem
905 1722 943 1780 ob
974 1737 1129 1781 cansarum
1160 1738 1249 1797 supra
1272 1723 1480 1781 recensitarum
1502 1721 1611 1796 primas
1634 1726 1770 1794 quatuor,

415 1809 530 1868 Plinius
553 1816 651 1868 tamen
674 1824 789 1868 omnem
812 1807 889 1868 hanc
911 1809 1082 1868 varietatem
1096 1809 1207 1884 regula
1230 1807 1358 1884 generali
1375 1806 1585 1885 complectitur,
1610 1823 1685 1882 quae
1707 1823 1772 1863 me-

415 1896 496 1957 dinm
524 1896 599 1955 inter
626 1896 757 1955 enormia
777 1903 867 1955 tenet
914 1895 1023 1969 Lucet,
1052 1895 1216 1957 dodrantes
1244 1899 1427 1955 semiunciae
1449 1895 1597 1954 horarum
1628 1892 1773 1965 adjiciens

415 1984 454 2044 ab
477 1982 609 2041 secunda
630 2000 725 2058 usque
748 1981 790 2042 ad
807 1983 936 2058 pienum
952 1983 1063 2058 orbem,
1087 1982 1305 2059 detrahensque
1327 1987 1361 2041 in
1374 1983 1618 2041 diminutionm
1662 1979 1773 2039 Sensus

415 2080 475 2133 est:
499 2078 572 2145 quot
596 2069 658 2131 dies
681 2078 749 2129 sunt
772 2072 801 2127 in
824 2076 921 2131 aetate
938 2070 1047 2140 Lunae,
1071 2078 1115 2130 tot
1138 2069 1294 2130 dodrantes
1318 2077 1419 2146 totque
1442 2070 1616 2128 semiuncias
1636 2066 1773 2125 horarum

415 2157 564 2235 (qualium
586 2174 646 2216 nox
673 2156 824 2233 quaelibet
852 2157 942 2217 babet
965 2157 1132 2233 duodecim)
1164 2157 1243 2216 illam
1268 2158 1364 2218 lucere
1387 2174 1480 2232 usque
1504 2155 1572 2215 dum
1596 2154 1715 2227 oceidit,
1745 2160 1775 2212 et

415 2246 472 2307 boc
500 2244 620 2320 quidem
649 2262 669 2305 a
695 2261 773 2303 nova
801 2244 840 2304 ιιι
870 2244 986 2321 plenam
1015 2263 1068 2304 seu
1096 2253 1223 2305 aetatem
1248 2244 1348 2305 Lernae
1380 2247 1417 2304 15
1441 2243 1562 2303 dierum.
1607 2241 1679 2301 lude
1702 2258 1772 2300 roro

415 2339 488 2411 quot
520 2331 663 2392 accedant
696 2331 759 2391 dies
791 2335 883 2392 aetati
908 2332 1010 2392 Lunae
1041 2350 1131 2410 supra
1158 2334 1212 2402 15,
1239 2333 1370 2399 ¹totidem
1403 2331 1561 2391 dodrantes
1594 2328 1773 2406 totidemque

415 2421 592 2480 semiuncias
614 2437 727 2478 rursum
751 2418 944 2479 detrahendas
967 2437 986 2478 a
1007 2437 1128 2479 numero
1151 2419 1286 2478 horarum
1314 2422 1351 2477 12
1376 2436 1440 2478 cnm
1470 2425 1569 2477 aetate
1595 2416 1706 2476 dicrum
1734 2417 1772 2476 15

416 2506 557 2569 collecto:
589 2506 715 2566 dodrans
738 2507 827 2567 borae
850 2515 895 2567 est
917 2507 958 2565 45
982 2508 1103 2580 minuta,
1127 2509 1287 2566 semiuncia
1310 2503 1375 2589 27,
1398 2508 1519 2580 minuta,
1543 2522 1659 2565 summa
1680 2498 1773 2586 wi„
1818 2564 1821 2575 ,

416 2613 493 2673 quaa
516 2603 613 2654 sumta
635 2594 804 2671 quindecies
827 2595 956 2654 efficiunt
978 2594 1037 2654 iere
1060 2594 1148 2654 boras
1175 2597 1223 2652 12.
1260 2599 1384 2666 (etr.v01.
1404 2602 1524 2660 tutti.)

573 2732 626 2794 IV.
651 2732 703 2794 De
728 2733 1109 2810 configurationibus
1132 2734 1376 2810 planetarum
1399 2735 1500 2793 inter
1521 2746 1616 2792 sese.

508 2855 591 2933 Quid
620 2856 729 2915 accidit
759 2855 999 2915 consideratione
1030 2855 1159 2933 diqnum
1178 2857 1311 2931 planetis
1342 2857 1421 2916 binis
1442 2854 1675 2932 quibuscunque
1695 2851 1776 2910 inter

415 2963 445 3005 ee
467 2943 678 3020 comparatis?
699 2944 767 3003 Duo
782 2943 869 3004 valde
893 2945 1028 3019 insignia,
1051 2961 1141 3002 unum
1165 2951 1297 3020 respectu
1321 2944 1477 3016 radiorum,
1500 2941 1626 3001 alterum
1639 2945 1774 3016 respectu

415 3032 575 3093 celeritatis
609 3030 655 3090 rel
689 3031 835 3090 tarditatis
868 3038 1000 3090 motuum
1034 3033 1245 3109 apparentium.
1291 3032 1334 3091 lia
1367 3029 1418 3091 illo
1449 3036 1584 3108 respectu
1614 3033 1775 3087 naseuntur

415 3126 563 3197 ιιριιιιιι,
589 3135 647 3178 vox
669 3117 854 3195 meroingus,
879 3135 915 3177 en
938 3119 995 3177 ista
1016 3116 1196 3178 barmoniae.

507 3205 591 3284 Quid
620 3214 663 3266 est
692 3206 852 3282 aspectus?
881 3206 933 3265 Est
964 3204 1106 3281 angulus,
1137 3207 1278 3265 iormatus
1310 3206 1441 3266 aradiis
1462 3204 1618 3264 luminosis
1639 3201 1774 3261 binorum

415 3295 602 3373 planetarum
624 3293 703 3373 apud
725 3294 854 3367 Terram,
878 3293 983 3353 efficax
1005 3293 1043 3353 ad
1065 3293 1273 3353 stimulandam
1296 3302 1430 3353 naturam
1453 3290 1651 3354 sublunarem.

509 3381 591 3458 Quid
613 3382 754 3442 conciliat
781 3382 826 3439 tris
848 3380 1011 3440 radiorum
1034 3382 1157 3458 anqulir
1184 3384 1220 3440 in
1246 3381 1340 3440 Terra
1362 3398 1452 3441 suam
1479 3383 1514 3439 in
1534 3375 1775 3453 illam-efficaci·
1851 3433 1856 3444 ,

416 3469 533 3529 tatem?
566 3468 710 3528 Periectio
741 3470 935 3545 proportionis
970 3470 1044 3528 inter
1070 3468 1159 3529 talem
1189 3468 1329 3545 angulum
1360 3479 1389 3528 et
1417 3472 1492 3528 inter
1521 3471 1648 3543 quatuor
1669 3468 1775 3537 rectos,

417 3574 509 3618 unum
534 3564 671 3634 punctum
695 3556 802 3615 Terrae
825 3557 1054 3615 circumstantes.

507 3641 547 3702 in
568 3663 631 3719 qua
654 3662 687 3702 re
710 3646 842 3703 condetit
861 3647 1099 3718 proportionum
1121 3643 1263 3719 perfectio
1284 3640 1332 3698 bio
1353 3640 1569 3701 conridemta?
1600 3638 1635 3699 In
1659 3637 1775 3699 duabus

416 3730 522 3803 rebus,
554 3732 584 3807 l)
613 3739 645 3789 ut
675 3732 788 3789 termini
810 3733 1031 3808 proportionum
1054 3732 1112 3788 sint
1135 3728 1424 3800 commensurabiles,
1457 3729 1487 3787 id
1511 3735 1556 3788 est
1583 3733 1617 3786 ιιι
1639 3723 1775 3803 angulus,

417 3820 469 3896 qai
493 3818 563 3877 iacit
584 3827 744 3897 aspectum,
767 3820 806 3876 sit
823 3835 890 3896 pars
914 3817 962 3877 vel
986 3825 1083 3895 partes
1106 3816 1256 3894 aliquotae
1271 3813 1307 3874 de
1331 3824 1458 3890 quatuor
1472 3817 1567 3891 rectis,
1591 3809 1690 3874 sic'nt
1707 3811 1775 3871 talis

415 3925 487 3985 pars
509 3923 651 3966 summam
674 3914 818 3966 rectorum
843 3907 1010 3976 emetiatur,
1041 3907 1074 3978 t)
1098 3912 1131 3963 ut
1160 3920 1257 3976 arcus,
1287 3904 1338 3978 qui
1368 3909 1413 3962 est
1442 3919 1579 3964 mensura
1608 3902 1697 3979 hujus
1719 3916 1776 3959 an·

415 3994 489 4071 guli,
514 3993 719 4053 determinetur
742 4012 794 4053 seu
816 3999 961 4053 resecetur
984 3991 1019 4051 de
1043 4008 1097 4050 suo
1121 3991 1228 4050 circulo
1250 3993 1436 4066 geometrice,
1459 3998 1642 4068 porrectam
1664 3983 1777 4049 seilicet

418 4080 469 4141 ιιι
492 4076 637 4140 affabilem
663 4079 709 4140 vel
732 4081 837 4140 saltem
859 4080 1000 4139 scibilem.

509 4169 597 4245 Quae
619 4176 660 4227 ιιι
681 4172 763 4226 ratio
784 4170 920 4227 nominis
940 4174 1075 4243 aspectus
1097 4172 1125 4223 et
1147 4163 1296 4241 quomodo
1318 4165 1408 4224 aliter
1429 4163 1525 4225 duat
1554 4162 1667 4224 Graece
1689 4160 1777 4222 sehe-

415 4256 544 4314 matisrni
568 4265 635 4314 sunt
659 4255 727 4313 dieti
752 4267 922 4331 propterca,
954 4257 1023 4329 quia
1054 4252 1132 4311 latus
1160 4252 1216 4312 boc
1244 4268 1343 4312 areum
1370 4254 1598 4329 interstinguens
1627 4258 1672 4311 ιιι
1697 4249 1777 4309 latus

417 4342 578 4402 schematis
601 4361 653 4401 seu
678 4342 787 4416 figurae
810 4342 951 4417 regularia
974 4345 1002 4398 in
1027 4340 1150 4415 circulo;
1173 4348 1310 4416 aspectus
1334 4357 1403 4398 vero
1418 4349 1488 4399 sunt
1510 4340 1579 4399 dieti
1599 4355 1649 4416 per
1671 4351 1777 4414 proso-

415 4432 555 4508 popeiam
571 4433 717 4506 poetieam
740 4447 791 4488 seu
807 4428 1030 4505 astrologicam3
1054 4429 1138 4503 quasi
1161 4426 1298 4504 planetae
1315 4442 1415 4486 omnes
1438 4436 1535 4487 essent
1549 4429 1578 4484 in
1593 4428 1658 4503 ipsa
1672 4440 1778 4501 saper·

415 4517 483 4578 daie
513 4517 635 4576 fixarum
665 4516 806 4594 sphaerae
830 4534 920 4591 seque
943 4524 1045 4574 mutuo
1068 4516 1247 4575 intuerentur
1269 4516 1312 4574 sic
1334 4514 1383 4574 rel
1405 4516 1464 4589 sie,
1495 4532 1562 4575 eum
1590 4522 1688 4573 tamen
1718 4527 1776 4570 non

416 4613 537 4683 propter
565 4623 650 4664 arens
678 4603 804 4674 zodiaci,
833 4602 885 4662 sed
916 4611 1033 4680 propter
1065 4601 1188 4676 angulos
1211 4601 1358 4662 radiorum
1382 4603 1411 4660 in
1434 4602 1526 4663 'l'erra
1552 4604 1612 4661 sint
1633 4599 1777 4661 eifleaces.

418 4695 454 4753 lit
477 4695 507 4750 in
531 4692 587 4751 boe
608 4709 714 4767 genere
737 4691 900 4749 affectionis
922 4693 996 4749 situs
1019 4690 1202 4766 planetarum
1224 4691 1381 4767 praecipue
1404 4690 1485 4751 valet
1507 4687 1676 4768 supradicta
1698 4685 1777 4746 fictio

417 4784 534 4858 po‘e'tica
557 4796 646 4857 penes
670 4776 849 4853 astrologos,
882 4795 946 4836 eum
970 4777 1117 4852 planetam
1139 4795 1228 4836 unum
1251 4777 1289 4835 ab
1313 4776 1432 4837 alterins
1454 4778 1544 4837 radiis
1573 4775 1678 4852 attitgt,
1707 4790 1778 4851 per·

415 4870 492 4941 cuti,
516 4861 695 4943 oppugnari,
720 4867 853 4943 opprimi,
877 4872 928 4924 ant
950 4866 1079 4923 vicissim
1098 4865 1212 4940 juvari,
1236 4864 1346 4937 loveri,
1374 4863 1523 4925 srrblerari
1547 4870 1578 4923 et
1598 4862 1678 4922 mille
1701 4862 1777 4920 alias

417 4956 573 5033 passiones
596 4955 863 5016 comminiscuntur.

509 5040 591 5118 Quot
606 5049 678 5100 eunt
698 5041 816 5117 siqurae
837 5039 993 5117 reputares
1005 5038 1141 5098 aeilriles?
1163 5038 1237 5098 Sunt
1254 5038 1370 5114 quidem
1387 5037 1516 5098 infinitae
1539 5055 1590 5117 per
1607 5034 1777 5096 continuam

417 5127 647 5208 duplicationem
665 5128 797 5201 laterum,
822 5135 852 5187 at
864 5126 1006 5187 radicales
1022 5134 1134 5186 tanturn
1150 5133 1218 5185 sunt
1234 5133 1307 5185 tres:
1332 5129 1473 5202 trigonus,
1497 5134 1677 5201 tetragonus,
1701 5139 1777 5201 pen·

417 5225 556 5296 tagonua.
612 5215 660 5276 Ad
688 5217 833 5295 trigonum
864 5215 1027 5277 reseruntur
1055 5215 1243 5293 hexagonus,
1275 5212 1482 5292 dodecagonua
1512 5220 1586 5288 ιιι,
1617 5209 1656 5272 ad
1684 5216 1776 5271 tetra·
