4459 6275
968 796 1138 854 Prooemium
1150 796 1280 854 Editoris.
1784 804 1802 861 7

444 971 485 1030 ab
512 977 578 1031 ortu
600 971 691 1032 Canis
713 973 834 1051 majoris
856 991 893 1036 ex
915 973 994 1036 Solis
1015 975 1106 1035 radiis
1129 977 1316 1053 incipientes,
1340 981 1370 1036 et
1392 974 1430 1035 ad
1453 974 1705 1037 denominationes
1727 979 1804 1038 ima*

444 1061 548 1133 giam
569 1060 838 1136 (constellationum
860 1061 1023 1143 stellarum)
1053 1081 1072 1123 a
1102 1065 1250 1124 veteribus
1273 1070 1487 1141 usurpatorum.
1533 1063 1648 1124 Deinde
1671 1064 1803 1141 pluribus

444 1145 588 1224 exemplis
610 1148 697 1208 ducet
719 1152 862 1225 inquirere
884 1151 1083 1228 longitudines
1106 1159 1136 1210 et
1158 1150 1339 1225 latitudines,
1362 1168 1420 1211 ase.
1438 1159 1533 1211 rectas
1549 1160 1578 1211 et
1593 1151 1802 1213 declinationes

443 1233 611 1307 stellarum,
645 1244 676 1295 et
697 1236 767 1312 quid
791 1240 830 1296 sit
851 1238 900 1298 bic
922 1239 1086 1298 cavendnm
1109 1240 1148 1298 ob
1170 1239 1372 1298 retractionem
1396 1247 1425 1298 et
1448 1238 1621 1314 parallaxin.
1666 1239 1713 1299 De
1736 1247 1802 1300 ortu

445 1324 620 1397 ,politico,“
651 1326 671 1380 i.
695 1341 721 1383 e.
745 1326 890 1400 cosmica,
920 1326 1101 1405 aeronycbo,
1134 1327 1269 1401 beliac03
1300 1344 1359 1402 qno
1391 1325 1492 1386 ordine
1517 1335 1596 1386 ortus
1620 1344 1801 1404 occasusque

442 1408 595 1468 stellarum
618 1428 650 1471 se
673 1413 798 1473 invicem
820 1422 996 1490 sequautnr3
1020 1414 1156 1490 exempla
1177 1431 1229 1490 per
1251 1414 1395 1473 calamum
1413 1413 1567 1476 illustrata.
1614 1413 1800 1490 Comparatio

443 1503 609 1573 temporum
637 1498 842 1559 hodiernorum
871 1491 937 1559 cum
966 1503 1123 1562 retedbns.
1170 1503 1214 1561 De
1237 1503 1384 1576 antoecis,
1412 1503 1572 1578 perioecis,
1601 1503 1799 1579 antipodibns.

441 1582 490 1642 De
512 1583 747 1660 longitudinibus
769 1596 799 1647 et
821 1587 968 1649 distantiis
990 1589 1122 1648 locorum
1145 1591 1173 1647 in
1197 1588 1296 1648 Terra.

535 1671 627 1732 Liber
648 1683 787 1750 quartas,
809 1677 957 1736 theoricae
981 1676 1131 1736 doctrinae
1153 1679 1278 1753 primns:
1303 1676 1339 1736 de
1354 1684 1514 1754 systemate
1529 1674 1687 1734 mundano.
1719 1676 1800 1737 Pure

438 1763 557 1835 primo.
601 1761 706 1821 Partes
729 1762 830 1821 mnndi
852 1766 1027 1840 praecipuae
1051 1772 1135 1824 sunt:
1160 1763 1221 1839 Sol,
1245 1763 1391 1842 planetae,
1415 1762 1517 1823 stellae
1540 1764 1626 1822 lirae.
1672 1763 1798 1825 Ratione

440 1849 536 1922 ineis,
572 1847 696 1922 caloris,
730 1849 807 1924 loci,
842 1852 932 1910 causa
959 1860 1091 1911 motuum
1120 1850 1305 1928 planetarum
1327 1850 1380 1911 Sol
1402 1855 1510 1927 primas
1534 1851 1646 1910 obtinet
1668 1853 1799 1910 omnium

440 1934 543 1994 mundi
567 1952 728 2013 corporum.
776 1938 956 2014 Argumenta
984 1956 1037 2016 pro
1064 1939 1131 1998 loco
1157 1939 1235 1999 Solis
1265 1941 1295 1996 in
1324 1947 1422 1999 centro
1446 1938 1636 1998 desumuntur
1659 1957 1679 1997 a
1700 1937 1799 2015 digni·

440 2030 503 2082 tate
526 2026 656 2100 eorporis
679 2033 709 2084 et
730 2024 808 2085 Solis
831 2026 927 2086 oldeio
954 2028 983 2083 io
1008 2027 1115 2086 mundo
1149 2025 1315 2086 vivificandi
1345 2032 1375 2086 et
1400 2024 1601 2101 illuminandi3
1631 2024 1798 2087 Aristotelis

438 2112 587 2171 sententia
624 2110 760 2185 diluitur,
811 2104 964 2190 coperuici
997 2132 1066 2175 uero
1108 2117 1214 2191 partim
1259 2112 1438 2187 detenditur,
1483 2115 1589 2191 partim
1617 2112 1796 2174 emendatur.

440 2197 630 2277 Comparatio
645 2201 877 2259 ratiocinationis
892 2202 1045 2278 Copernici
1069 2210 1098 2261 et
1121 2209 1251 2267 retenun
1275 2201 1311 2261 de
1334 2200 1435 2262 ordine
1458 2200 1650 2278 planetarum.
1685 2201 1797 2261 Nune·

438 2303 504 2344 rum
534 2279 717 2363 planetarum
744 2295 829 2363 putat
860 2286 1006 2366 Keplerns
1034 2308 1052 2349 a
1080 2291 1174 2366 primo
1203 2289 1303 2349 mundi
1326 2288 1446 2348 conditu
1469 2289 1633 2348 ordinatum
1656 2297 1686 2348 et
1707 2288 1797 2349 lixum

439 2390 506 2433 esse
528 2391 581 2450 per
604 2376 732 2450 quinque
755 2391 877 2454 corpora
898 2376 1061 2456 regularia,
1091 2384 1226 2453 repetens
1250 2395 1302 2452 ea,
1331 2394 1407 2453 quae
1438 2378 1518 2453 prius
1542 2379 1571 2434 in
1595 2375 1797 2450 „Prodromo⁸‘

436 2477 494 2519 sno
528 2461 661 2521 edixerat
691 2470 722 2521 et
749 2464 779 2519 iu
815 2463 1014 2539 ,Harmonia“
1048 2465 1287 2542 proportionibus
1315 2464 1492 2523 harmonicis
1523 2464 1656 2523 stabilita
1685 2472 1795 2526 censet.

435 2548 548 2607 lisdem
571 2551 810 2627 proportionibus
832 2560 862 2610 et
884 2553 1045 2611 rationibus
1067 2553 1244 2611 harmonicis
1267 2552 1402 2612 ellectum
1424 2569 1489 2611 esse
1513 2553 1657 2628 opinatur,
1681 2558 1715 2611 ut
1730 2550 1797 2613 dia-

436 2644 531 2695 meter
553 2635 632 2696 Solis
655 2653 815 2714 apparens,
844 2639 869 2697 sl
898 2638 950 2698 Sol
979 2657 1067 2716 qnam
1097 2639 1268 2716 longissime
1292 2658 1310 2698 a
1333 2639 1423 2699 Terra
1446 2641 1611 2711 recesserit,
1644 2638 1797 2698 dimidium

434 2723 555 2799 padus,
578 2725 607 2783 b.
632 2740 657 2783 c.
682 2727 780 2784 ‘120⁸'
803 2733 914 2802 partem
937 2726 1036 2787 circuli
1060 2734 1191 2803 occupet,
1216 2744 1282 2807 curn
1304 2727 1352 2786 hic
1374 2737 1512 2785 numerus
1539 2729 1677 2785 minimus
1700 2728 1740 2785 sit
1756 2727 1796 2786 ad

436 2810 675 2871 constituendum
697 2820 826 2890 systema
849 2813 993 2891 diapason
1017 2814 1134 2892 duplex,
1158 2815 1186 2873 b.
1200 2831 1225 2873 e.
1249 2814 1399 2874 molliret
1421 2813 1494 2887 duri,
1517 2813 1554 2872 ad
1572 2812 1651 2890 quod
1665 2821 1796 2890 systema

436 2899 654 2960 demonstrasse
683 2917 716 2960 se
745 2908 830 2976 putat
859 2904 889 2959 in
918 2901 1079 2961 Harmonia
1107 2910 1205 2961 motus
1234 2902 1417 2962 harmonicus
1444 2902 1628 2978 planetarum
1656 2903 1794 2963 exerceri.

435 2986 492 3045 His
524 2989 690 3065 praemissis
719 2987 783 3047 adlt
809 2988 954 3067 Keplems
983 2989 1194 3050 dimensionem
1221 3005 1373 3066 corporum
1397 3006 1555 3065 eorumque
1579 2989 1793 3049 distantiarum.

436 3076 580 3135 Assnmta
606 3074 684 3135 Solis
712 3075 927 3136 semidiametro
957 3077 1067 3136 risibili
1098 3077 1165 3150 15‘,
1198 3078 1296 3155 prodit
1327 3077 1466 3139 distantia
1487 3077 1596 3138 Terrae
1618 3094 1637 3136 a
1658 3075 1729 3136 Sole
1754 3096 1790 3128 ε

434 3160 541 3316 ἑῇ),-
567 3223 602 3248 --
630 3199 745 3272 acala
769 3198 847 3259 Solis
879 3201 1169 3292 semidiametrorum.
1214 3200 1329 3262 Deinde
1356 3216 1595 3279 praesupponens
1627 3201 1794 3278 proportio-

436 3337 518 3382 nem:
551 3337 674 3397 corpora
702 3320 811 3382 Terrae
843 3329 873 3382 et
901 3320 980 3384 Solis
1003 3338 1067 3381 esse
1090 3321 1128 3380 ad
1152 3322 1279 3381 invicem
1300 3330 1333 3379 nt
1353 3320 1600 3382 semidiametrum
1623 3321 1733 3383 Terrae
1754 3321 1793 3384 ad

317 3472 322 3480 ,
435 3410 606 3470 distantiam
628 3426 790 3485 corporum,
813 3411 917 3470 iterum
938 3409 1099 3470 rationibus
1123 3410 1185 3467 suis
1207 3410 1324 3468 iunixus
1347 3409 1563 3469 harmoniarum
1586 3416 1616 3469 et
1631 3411 1793 3486 positure·

434 3497 619 3557 midiametro
641 3494 720 3556 Solis
746 3521 782 3546 =
811 3500 837 3572 l,
862 3496 964 3558 eadem
987 3498 1094 3558 Terrae
1121 3520 1156 3546 =
1175 3514 1198 3569 r,
1221 3505 1251 3555 et
1273 3513 1339 3556 cum
1361 3500 1421 3558 sint
1443 3514 1564 3573 corpora
1586 3496 1741 3573 globorum
1760 3505 1793 3557 ut

435 3586 504 3645 cubi
536 3583 835 3660 semidiametrornm,
869 3585 968 3662 prodit
994 3603 1030 3646 er
1059 3586 1247 3661 proportione
1278 3586 1291 3642 l
1319 3581 1382 3644 :11³
1413 3610 1448 3635 =
1483 3586 1600 3658 22le
1624 3604 1631 3642 :
1654 3604 1682 3659 r,
1712 3604 1727 3645 r
1752 3610 1788 3638 =

433 3663 653 3849 ffi=
666 3722 815 3799 0,06606,
835 3735 924 3799 quare
938 3718 1015 3818 Solis
1027 3721 1242 3784 semidiameter
1259 3723 1586 3784 continebitTerrenam
1601 3723 1791 3802 ,quindecies

435 3846 526 3926 paulo
549 3846 645 3924 plus,“
670 3853 700 3906 et
722 3861 829 3921 corpus
852 3844 931 3905 Solis
954 3861 1059 3921 corpas
1081 3845 1189 3905 Terrae
1212 3847 1297 3906 3469
1322 3848 1412 3906 vicies
1435 3846 1556 3905 circiter.
1595 3833 1719 3905 Veteres
1742 3844 1790 3906 di-

433 3937 561 3996 stantiae
584 3932 663 3995 Solis
686 3934 849 3993 tribuerunt
872 3932 956 3991 1200
978 3932 1079 3991 semid.
1103 3932 1227 4006 Terrae,
1262 3952 1352 4009 quare
1374 3932 1425 3993 Sol
1449 3932 1551 3993 debuit
1572 3933 1669 3993 iacere
1690 3932 1790 4011 paral·

434 4024 516 4083 laxin
540 4025 586 4095 θ’,
617 4019 695 4081 unde
722 4019 855 4081 Brabens
883 4021 1073 4081 ratiocinatus
1103 4028 1162 4095 est,
1193 4020 1296 4080 Martis
1326 4020 1490 4097 parallaxin
1513 4019 1617 4081 debere
1640 4021 1790 4082 observari

435 4110 530 4170 multo
560 4109 700 4185 majorem
729 4108 821 4168 tribas
848 4108 977 4166 minutis.
1029 4108 1097 4185 lpse
1127 4125 1197 4167 vero
1227 4107 1372 4185 Keplerus
1401 4109 1588 4182 observavit,
1625 4108 1788 4184 parallarin

432 4198 536 4257 Martis
557 4214 618 4257 non
640 4214 705 4257 esse
727 4194 897 4266 sensibilem
918 4192 979 4274 (cir.
1003 4195 1062 4255 vol.
1085 4195 1141 4254 lll.
1165 4215 1194 4272 p.
1211 4199 1298 4271 ale),
1322 4213 1413 4273 quare
1436 4205 1569 4257 veterum
1591 4194 1627 4255 de
1650 4195 1788 4257 dbtautie

432 4285 512 4346 Solia
534 4286 702 4363 opinionem
724 4283 830 4344 ialsam
851 4284 1035 4359 pronunciat.
1080 4282 1195 4343 Deinde
1226 4302 1262 4343 ox
1289 4285 1427 4360 analogia
1455 4282 1652 4352 concluditur,
1683 4299 1788 4362 corpus

433 4374 541 4435 Terrae
571 4375 719 4434 continere
748 4388 854 4447 corpus
882 4370 985 4430 Lunae
1014 4372 1117 4445 toties,
1149 4374 1264 4451 quoties
1294 4372 1397 4431 semid.
1420 4371 1528 4431 Tenue
1552 4372 1735 4433 contineatur
1757 4374 1787 4431 in
1892 4387 1900 4400 ⁸

433 4462 575 4522 distantia
596 4461 699 4521 Lunae
721 4477 741 4519 a
762 4458 861 4519 Terra
906 4457 1010 4518 Posita
1031 4458 1134 4518 Lunae
1156 4459 1259 4519 semid.
1285 4483 1325 4515 =
1352 4463 1385 4534 l,
1416 4457 1569 4519 intervallo
1592 4462 1665 4518 inter
1688 4459 1787 4524 Solem

433 4575 469 4627 ct·
484 4566 605 4628 Terram
630 4590 666 4616 =
692 4566 821 4639 229,18,
845 4556 900 4625 erit
925 4568 940 4623 l
965 4584 972 4623 ε
996 4560 1025 4622 r⁸
1051 4589 1087 4615 =
1113 4583 1156 4624 r:
1182 4567 1315 4641 acala,
1339 4583 1353 4624 r
1379 4544 1786 4661 ='p⁴lp‘pp'‚1‘g=3589003

433 4689 725 4769 229,18:e,8908
753 4713 789 4739 =
816 4689 878 4767 59,
912 4696 941 4748 et
969 4685 1102 4761 3,8908³
1125 4709 1133 4748 ε
1160 4693 1175 4750 1
1204 4716 1239 4742 =
1268 4691 1349 4767 58,8.
1399 4688 1457 4750 Vel
1479 4692 1537 4749 sic:
1562 4682 1728 4772 11346911,
1747 4709 1783 4737 -·

437 4777 554 4851 58,898
578 4794 622 4861 οι,
639 4776 815 4853 ,concluso“
839 4778 937 4857 priori.
981 4776 1059 4838 Hinc
1080 4779 1178 4857 prodit
1199 4781 1348 4858 proportio
1372 4794 1524 4855 corporum
1545 4774 1624 4837 Solis
1639 4783 1669 4837 et
1683 4776 1785 4837 Lunae

465 5011 468 5019 ,
521 4951 568 5012 De
590 4951 717 5030 planetis
741 4951 843 5012 ceteris
867 4957 965 5011 censet
985 4950 1141 5031 Keplems,
1166 4970 1287 5031 corpora
1308 4953 1489 5032 planetarum
1511 4953 1554 5011 ita
1574 4968 1606 5012 se
1628 4949 1737 5012 habere
1752 4957 1785 5012 ut

433 5039 549 5099 illorum
571 5040 722 5119 spbneras,
745 5039 852 5100 dubius
875 5056 944 5099 rero
968 5047 1020 5114 esi,
1045 5047 1141 5100 utrum
1165 5041 1358 5102 dimensiones
1382 5056 1534 5117 corporum
1548 5036 1785 5114 secundumdia-

432 5135 550 5205 metros,
573 5146 611 5188 an
633 5126 793 5189 seeundum
815 5125 992 5205 superficies,
1016 5128 1225 5190 ansccundum
1249 5129 1459 5207 corpulentiam
1481 5129 1511 5186 iu
1534 5126 1585 5186 illa
1601 5127 1713 5187 ratione
1728 5144 1784 5189 va·

432 5215 521 5278 leant.
568 5215 637 5297 Ipse
666 5215 747 5297 prius
775 5213 942 5295 superficies
970 5215 1160 5299 probaverat,
1189 5216 1437 5282 admonitionibus
1466 5231 1536 5278 vero
1563 5214 1648 5280 Remi
1674 5221 1783 5295 motu,
