4459 6275
347 840 354 851 .
435 819 497 878 ⁶23
524 844 529 855 .
885 781 891 790 “
925 808 968 864 oe
985 806 1097 863 rasus
1115 806 1297 878 aueorpsms

436 993 508 1068 quia
530 997 709 1069 compertum
732 989 811 1061 mibi,
836 989 903 1064 quis
926 986 996 1063 quid
1019 995 1090 1063 agat
1112 986 1151 1046 ad
1174 994 1202 1046 te
1218 986 1355 1064 Tubiuga
1378 987 1624 1063 abstrahendum,
1649 992 1730 1068 cogit
1752 1010 1787 1050 rne

435 1082 559 1139 materia
582 1087 697 1137 tuarum
720 1075 867 1136 literarum
890 1073 1083 1150 respondere,
1107 1084 1137 1134 et
1156 1077 1337 1151 percontari,
1361 1075 1433 1151 quid
1457 1077 1539 1136 inte
1562 1080 1630 1155 spei
1653 1080 1702 1137 sit
1737 1076 1789 1138 Ob

435 1167 528 1226 tulisti
559 1183 587 1225 n.
602 1175 691 1235 -tuam
723 1181 842 1242 operam
870 1164 899 1219 in
928 1162 1106 1238 sculpturam
1136 1179 1261 1239 mappae
1289 1163 1475 1222 universalis.
1522 1165 1563 1223 Et
1594 1181 1654 1242 ego
1686 1165 1789 1243 quiden

433 1253 510 1313 addo
524 1251 648 1312 Tabulis
671 1250 798 1310 iudicem
814 1252 967 1326 copiosum
981 1249 1111 1308 locorum
1136 1248 1173 1307 ad
1195 1251 1268 1322 600,
1292 1266 1428 1328 mappam
1445 1268 1514 1309 rero
1540 1249 1695 1311 destinavi
1712 1254 1790 1312 solies

436 1343 635 1416 navigationis
655 1339 765 1411 usibus,
790 1354 885 1413 eoque
907 1353 966 1396 non
988 1338 1092 1412 putari
1115 1338 1258 1414 aptiorem
1282 1353 1368 1414 posse
1391 1354 1456 1397 esse
1471 1337 1617 1414 liguram,
1642 1357 1733 1416 qnam
1752 1341 1791 1399 ills

435 1437 480 1487 est
503 1430 625 1486 bisectio
648 1429 677 1482 in
702 1425 775 1485 duos
796 1424 892 1484 discos
915 1423 1079 1496 circulares,
1102 1431 1135 1483 ut
1157 1427 1208 1499 qui
1223 1426 1374 1483 minimum
1397 1424 1584 1502 distorquent
1604 1427 1729 1503 figuras.
1762 1431 1792 1486 At

437 1525 469 1575 tu
501 1517 593 1573 vineis
623 1517 726 1588 ceteris
758 1513 893 1571 omuibus
920 1511 1093 1570 rationibus.
1139 1510 1205 1569 Non
1236 1519 1332 1570 tamen
1362 1510 1522 1589 persuades
1557 1513 1595 1573 de
1627 1517 1720 1576 unico
1740 1515 1791 1574 sola

434 1601 660 1678 hemisphaerio.
706 1600 816 1678 Accipe
838 1601 936 1675 igitur,
960 1596 1032 1674 quid
1054 1597 1110 1656 bac
1133 1607 1219 1658 noete
1242 1597 1390 1672 inciderit,
1414 1617 1474 1676 qua
1497 1599 1596 1678 ligura
1620 1612 1697 1681 puto
1719 1621 1792 1681 prae·

434 1693 506 1750 stari
536 1707 624 1762 usus,
639 1705 730 1764 ¹quos
757 1694 789 1745 tu
821 1688 947 1763 quaeris.
993 1684 1118 1745 Schema
1149 1689 1284 1762 quamvis
1312 1685 1499 1746 rudissimum
1532 1686 1679 1765 loquetur
1701 1692 1791 1769 iprum

435 1777 538 1836 Habes
568 1793 629 1834 una
657 1785 688 1834 et
716 1791 881 1834 mensuram
910 1774 1016 1850 papyri
1044 1790 1146 1851 meae,
1180 1772 1253 1833 liber
1288 1775 1342 1832 erit
1373 1775 1402 1831 in
1436 1774 1517 1835 iulio.
1567 1775 1714 1839 Rescribe
1735 1777 1792 1856 quit

436 1865 571 1924 videatur
593 1871 623 1922 et
646 1869 774 1937 quantus
797 1867 911 1919 sumtus
933 1868 994 1919 tam
1016 1863 1097 1937 cupri
1122 1877 1208 1936 quem
1232 1859 1407 1938 sculpturae.

526 1945 574 2010 De
596 1948 679 2009 libris
701 1947 995 2008 Francolurtensibus
1016 1956 1094 2006 recte
1118 1949 1224 2006 omnia.
1270 1948 1429 2007 Pecuniam
1450 1950 1477 2007 si
1500 1949 1607 2022 babes,
1632 1950 1751 2012 babeto.

527 2037 634 2095 Filium
664 2054 761 2100 meum
783 2053 855 2110 urge
882 2034 920 2093 ad
951 2034 1052 2093 erebro
1081 2034 1151 2093 mibi
1181 2034 1374 2094 scribendum.
1419 2034 1611 2114 Paupertatis
1637 2040 1792 2116 opiniones

437 2127 494 2203 ipsi
518 2124 739 2183 saluberrimam
764 2122 830 2181 dedi
855 2138 906 2197 pro
930 2123 1038 2179 viatico
1060 2124 1225 2181 revertenti.
1272 2121 1405 2181 Calcaria
1428 2140 1495 2182 mea
1517 2125 1649 2185 abstulit
1680 2143 1735 2185 nec
1752 2142 1791 2184 re·

434 2216 532 2286 mittit,
550 2228 604 2271 nec
619 2211 753 2270 rescribit
768 2210 804 2269 dc
821 2210 983 2269 commissis
999 2209 1164 2283 negotiolis.
1191 2209 1274 2284 Vale,
1299 2210 1436 2269 brevitati
1453 2213 1586 2286 ignosce.
1611 2212 1717 2273 Vexat
1729 2213 1791 2272 baut

437 2317 556 2361 manum
572 2298 656 2356 ulcus
671 2297 826 2368 subalare,
848 2313 906 2355 uon
923 2294 954 2354 id
978 2313 1013 2353 ex
1029 2295 1146 2356 olfieina
1169 2304 1267 2356 vestra
1280 2296 1493 2374 periculosum,
1520 2299 1611 2376 absit,
1636 2300 1692 2364 sed
1708 2309 1790 2361 unet

437 2388 529 2462 ulcus,
553 2384 632 2462 quod
656 2393 752 2443 tamen
773 2385 836 2459 jam
859 2383 1025 2461 depuratur.

526 2468 633 2556 13s23.
656 2470 739 2532 Jan-
754 2473 847 2530 1627.
893 2468 997 2530 Ulmae
1020 2465 1061 2531 im
1081 2463 1258 2551 iipolqiiliu
1280 2465 1362 2550 imm
1380 2467 1590 2554 bombardae
1615 2474 1653 2534 Ι).
1672 2474 1789 2535 Honor.

973 2556 1061 2617 -Olaa
1086 2556 1303 2617 Dominationis
1325 2556 1409 2617 Tuae
1487 2572 1490 2578 ¹

1387 2644 1509 2706 Amisus
1533 2647 1568 2706 J.
1593 2646 1721 2727 Kepler.

478 2733 654 2806 subsedere,
678 2731 834 2810 Flaydem,
857 2733 960 2791 amicis
983 2732 1087 2790 ceteris
1110 2729 1244 2789 salutem.

525 2833 691 2902 ,‚blsppam“
709 2847 790 2901 quarn
809 2832 874 2888 dicit
892 2830 1037 2901 Keplerus,
1057 2829 1200 2898 subjunxit
1212 2828 1324 2886 Tabulis
1337 2830 1520 2901 Redolpbinis
1535 2850 1656 2904 eamque
1668 2845 1705 2892 ut
1723 2836 1788 2892 ninit

435 2920 575 2968 extensam
599 2929 649 2968 nec
673 2913 756 2968 ullius
774 2913 838 2966 buic
856 2921 966 2968 nostrae
988 2912 1070 2966 aetati
1089 2926 1155 2965 usus
1175 2909 1321 2967 omisimus.
1357 2911 1493 2982 Inscripta
1509 2921 1567 2968 est:
1611 2910 1648 2969 N
1651 2929 1723 2972 eoa
1741 2930 1787 2972 or·

436 3000 493 3059 bis
536 2995 750 3056 Terrarum
790 2996 1007 3054 delineatio
1043 2995 1254 3070 stupratori
1289 2997 1457 3054 ratione
1493 2997 1787 3060 accommodata

434 3085 652 3146 meridiano
686 3083 939 3143 Tabularum
970 3081 1173 3157 Rudotpbi
1203 3084 1580 3143 Astrenomicarum.
1629 3085 1682 3148 Ex
1707 3103 1787 3163 prae·

436 3177 547 3251 scripto
574 3172 647 3232 Tab.
671 3172 752 3231 Rud.
775 3191 846 3247 pap.
870 3172 920 3229 33.
944 3172 993 3228 34.
1016 3171 1066 3244 35,
1089 3171 1132 3228 36
1153 3178 1182 3229 et
1202 3178 1435 3245 praeceptorum
1456 3169 1526 3245 LX,
1552 3170 1646 3233 LXI.
1665 3193 1738 3250 pap.
1751 3176 1787 3244 tl,

434 3264 488 3334 42,
515 3267 634 3334 petente
655 3267 823 3334 typumque
854 3258 1038 3316 emblematis
1061 3261 1208 3316 innuente
1239 3257 1397 3316 Joanne
1424 3257 1622 3333 Keppiero
1656 3261 1787 3321 bietbe-

435 3367 465 3406 m
476 3367 496 3405 e
507 3350 589 3405 tica
617 3346 826 3415 Caesareo,
849 3349 948 3404 amieo
964 3347 1140 3418 clarissimo,
1165 3349 1209 3402 ite
1231 3345 1377 3420 disposuit
1398 3364 1515 3421 sueque
1530 3365 1635 3406 manu
1651 3351 1788 3412 merarii.

435 3435 570 3508 exsculpi
593 3433 721 3509 denique
742 3434 799 3506 fide
821 3437 941 3507 inicere
964 3436 1085 3489 curauit
1109 3432 1326 3505 Phiiippus
1349 3432 1598 3507 Ecbebrecbt,
1629 3435 1713 3496 Ciuis
1736 3435 1788 3494 Χο-

435 3523 656 3595 rimberpeusis.
704 3522 852 3594 Sumptus
879 3523 1008 3597 faciente
1035 3520 1086 3577 Jo.
1113 3518 1266 3593 Kepplero
1292 3520 1416 3595 sculpsit
1444 3519 1673 3598 Norimberpae
1701 3525 1733 3583 J.
1760 3524 1788 3581 P.

445 3608 560 3667 Walcb.
599 3612 636 3667 A.
662 3608 749 3665 1630.

538 3690 632 3759 Typus
652 3690 773 3742 Tabulae
792 3690 854 3743 talis
874 3698 928 3744 est:
948 3688 1039 3756 aquila
1057 3687 1150 3755 biceps
1171 3704 1284 3757 corpore
1304 3705 1352 3742 suo
1372 3689 1487 3743 sustinet
1506 3688 1711 3759 planiglobium
1728 3693 1789 3748 orbis

433 3769 545 3839 antiqui,
565 3770 655 3839 capita
673 3769 780 3837 aquilae
792 3771 819 3821 in
839 3768 934 3821 rostris
948 3775 1042 3821 tenent
1055 3766 1165 3835 clipeos,
1186 3769 1293 3821 coronis
1304 3767 1403 3821 laureis
1416 3767 1600 3824 circumdatos
1621 3775 1695 3827 ‹sine
1713 3773 1790 3829 dabie.

433 3854 507 3901 certe
526 3849 552 3900 in
572 3848 604 3901 iis
624 3846 824 3915 exemplaribus
840 3862 909 3913 quae
929 3861 977 3898 nos
991 3847 1166 3911 inspeximus,
1186 3850 1249 3911 post
1262 3860 1363 3897 aunum
1382 3845 1460 3899 titulo
1473 3846 1647 3917 adscriptum
1667 3863 1789 3908 exaratos.

433 3942 494 3978 eum
518 3933 574 3979 tum
596 3926 726 3993 temporis
746 3941 800 3979 non
821 3925 990 3993 LeopelduS,
1016 3923 1063 3977 sed
1083 3922 1273 3976 Ferdinandus
1292 3924 1443 3992 Imperator
1466 3925 1570 3991 fuerit),
1596 3945 1714 3996 quorum
1732 3933 1790 3986 alter

434 4006 566 4072 (sinister)
584 4004 730 4071 inscriptus
750 4013 805 4057 est:
831 4004 1012 4071 Leopoldo
1031 4002 1263 4055 Ronsarrorum
1286 4002 1502 4072 Imperatori
1525 4005 1556 4061 S.
1575 4010 1611 4060 Α.
1632 4010 1789 4066 deretini-e

433 4082 556 4148 D.D.D.‚
576 4080 644 4134 alter
663 4080 706 4141 (ad
725 4080 871 4147 dextram):
892 4081 939 4133 Mc
954 4098 1077 4149 pressam
1096 4081 1213 4134 terrebria
1230 4087 1339 4135 >resecat
1358 4080 1559 4151 Leopeldus
1577 4088 1608 4141 in
1630 4107 1723 4144 auras.
1747 4089 1788 4143 Re

432 4160 535 4227 liquem
554 4158 747 4227 planiglebium
767 4159 793 4211 in
812 4159 880 4212 duos
900 4159 1026 4212 semisses
1047 4160 1195 4214 dissectum
1214 4159 1290 4227 prius
1309 4161 1396 4228 tangit
1420 4161 1453 4215 ad
1481 4162 1593 4219 deutrus
1612 4176 1650 4231 et
1669 4170 1788 4222 sinistre.

433 4237 553 4305 reliquas
577 4237 669 4290 muudi
695 4246 786 4304 partes
810 4236 952 4290 exbibens.
988 4237 1155 4291 Meridianus
1179 4240 1282 4305 primus
1307 4239 1405 4293 transit
1426 4240 1544 4294 insulam
1562 4243 1719 4299 Huennam.
1751 4243 1788 4298 Sc

433 4316 516 4381 missi,
536 4330 605 4382 quae
623 4324 810 4383 repraesentat
828 4316 1067 4384 septentrionalem
1086 4324 1190 4385 partem
1209 4319 1359 4387 Americae,
1379 4319 1446 4375 baec
1465 4320 1604 4390 adscripta
1625 4337 1705 4380 sunt:

522 4388 619 4449 Usus
643 4390 752 4465 hujus
775 4392 933 4449 chartae
956 4396 1149 4451 nauticae.
1196 4391 1226 4451 Si
1250 4394 1287 4452 ad
1312 4403 1419 4453 certam
1442 4396 1544 4454 borum
1566 4401 1698 4459 innotuit
1719 4400 1787 4458 locu

435 4476 537 4535 Lunae
561 4494 595 4535 ex
629 4478 833 4537 observatione
865 4479 1071 4556 applicationis
1100 4483 1264 4554 maugiuum
1299 4482 1362 4556 ejus
1386 4482 1422 4540 ad
1447 4483 1576 4559 aliquam
1602 4486 1722 4546 stellam
1742 4503 1787 4544 uo-

434 4572 510 4636 tam,
542 4575 593 4622 aut
616 4564 654 4621 ud
678 4570 875 4624 extremitates
899 4567 976 4624 Solis
1001 4567 1045 4625 vel
1071 4569 1189 4626 umbrae
1213 4568 1334 4640 Terrae,
1367 4571 1449 4645 isque
1473 4569 1557 4629 locus
1582 4592 1637 4650 per
1661 4575 1787 4634 remotio·

433 4669 500 4710 rrem
532 4650 724 4726 parallaxium
759 4654 836 4712 illius
865 4653 953 4711 borae
985 4655 1049 4727 (ubi
1079 4672 1153 4730 opus
1183 4656 1239 4731 est)
1271 4673 1305 4714 err
1337 4659 1400 4715 riso
1430 4660 1457 4714 in
1487 4676 1591 4717 verum
1616 4663 1705 4721 tuerit
1727 4677 1786 4721 corr·

434 4757 553 4810 versus,
586 4750 768 4814 euruputetur
799 4760 832 4799 ex
855 4741 929 4801 'lab
954 4740 1121 4816 Rudolplri,
1153 4761 1212 4817 qua
1242 4741 1313 4801 bera
1340 4742 1552 4820 Uraniburgica
1583 4745 1686 4808 locum
1714 4748 1784 4807 illurn

434 4844 535 4885 verum
560 4830 747 4900 occupaverit
763 4829 861 4886 Luna:
887 4839 955 4886 tune
979 4830 1003 4884 si
1028 4833 1179 4905 pauciores
1203 4830 1292 4889 horae
1316 4840 1344 4888 ct
1369 4832 1480 4890 minuta
1502 4833 1626 4894 luerunt
1643 4839 1672 4894 in
1696 4839 1785 4896 obser·

386 4971 389 4982 ,
436 4916 563 4984 vatione,
589 4912 751 4972 dillereutia
775 4918 909 4991 quaesita
933 4916 1006 4972 irrter
1030 4916 1115 4974 boras
1139 4916 1352 4976 subtrahendas
1376 4920 1502 4991 chartae,
1526 4924 1573 4979 siu
1590 4923 1703 5000 plures,
1724 4929 1785 4981 inter

434 5000 593 5072 addendas,
618 4999 736 5075 deteget
759 5002 949 5062 meridianum
973 5001 1044 5074 leci,
1069 5005 1123 5061 sub
1146 5021 1205 5080 quo
1230 5016 1361 5064 versatur
1384 5006 1571 5080 observator,
1594 5028 1652 5070 seu
1675 5026 1784 5089 respou-

433 5087 500 5144 deat
522 5091 634 5163 pictura
658 5087 782 5160 litorum,
807 5093 869 5149 sive
890 5089 1049 5165 discrepet3
1074 5108 1141 5149 uam
1165 5110 1200 5151 ea
1223 5092 1279 5152 hoe
1301 5092 1389 5151 mode
1412 5097 1516 5170 corrigi
1533 5096 1656 5156 tandem
1678 5098 1781 5175 poterit

433 5172 569 5232 Vicissim
592 5178 615 5232 si
640 5186 810 5251 computata
833 5188 877 5236 est
899 5195 934 5236 ex
951 5177 1026 5237 Tab.
1040 5176 1192 5255 Rudolpbi
1215 5179 1288 5239 bora
1303 5176 1516 5257 Uraniburgica
1541 5184 1661 5261 eclipsis
1683 5185 1780 5248 Lonre

435 5261 480 5317 rel
504 5262 646 5340 cuiusque
674 5263 732 5324 loei
754 5262 856 5326 banse
882 5265 960 5326 rei.
985 5279 1025 5324 n·
1049 5263 1200 5330 Μ
1226 5265 1267 5330 sd
1287 5265 1357 5331 toea
1375 5265 1489 5346 reliqua
1517 5272 1719 5334 subtrahendo
1740 5268 1779 5329 rel
