4459 6275
728 824 753 851 ·.
875 792 1102 864 Inmensum
1137 793 1358 852 amaremus
1503 806 1506 811 '
1726 796 1788 859 161
1878 862 1884 874 ,

435 972 563 1035 latarum
585 988 645 1034 non
667 978 714 1033 est
734 971 981 1033 demonstrabilis.
1014 972 1183 1050 Sequuntur
1205 976 1327 1053 66661661
1352 975 1393 1035 15
1414 979 1445 1035 66
1468 977 1519 1051 36,
1543 976 1595 1053 qni
1617 975 1705 1035 etiam
1728 973 1791 1034 360

433 1060 575 1122 ddunt
620 1058 661 1120 Hi
686 1059 749 1135 J'sm
771 1058 883 1121 babent
904 1077 974 1121 suas
997 1060 1259 1122 demonstrationes
1282 1063 1491 1139 geometricus,
1521 1061 1573 1123 sed
1597 1061 1716 1124 viliores
1737 1076 1792 1121 nec
1833 1108 1837 1117 .

433 1150 511 1210 inter
532 1166 566 1211 se
588 1150 808 1228 proportionem
829 1147 959 1209 eiiiciuut
980 1156 1186 1228 praestantem,
1209 1148 1263 1209 sed
1285 1149 1381 1224 illam,
1404 1166 1481 1228 quas
1504 1156 1549 1211 est
1571 1151 1688 1211 inter-b
1711 1156 1741 1210 et
1763 1148 1792 1224 3,

432 1253 490 1298 neo
511 1238 544 1296 in
566 1235 744 1296 harmonicis
767 1237 895 1295 omnium
918 1242 987 1295 sunt
1009 1236 1247 1297 excellentissimi
1271 1243 1301 1297 et
1321 1239 1415 1316 primi.
1462 1237 1503 1300 at
1526 1237 1557 1296 161
1583 1239 1637 1313 lt,
1663 1237 1704 1297 30
1726 1234 1793 1319 (nec

433 1326 513 1385 mim
535 1325 699 1404 propiores'
718 1323 770 1383 alli
797 1322 927 1383 61661666
950 1321 1025 1399 360)
1052 1324 1188 1385 omnibus
1210 1322 1306 1384 modis
1328 1323 1493 1386 excellunt:
1524 1330 1585 1384 tarn
1606 1324 1792 1402 geometrice,

433 1419 469 1472 st
491 1413 544 1490 qui
566 1428 586 1471 a
607 1411 707 1489 primis
729 1409 830 1488 hgnsb
853 1412 882 1469 in
906 1408 1045 1470 6166616666
1065 1413 1213 1491 inscriptis
1227 1413 1395 1489 gignuntm,
1418 1428 1507 1490 quum
1521 1411 1699 1483 harmoniae,
1723 1410 1794 1490 quia

433 1516 540 1560 omnes
570 1498 744 1559 harm0nise
772 1496 887 1558 duabus
909 1497 989 1557 161666
1012 1497 1208 1560 divisionibus
1230 1498 1357 1562 chordae
1380 1506 1644 1579 repraesententur.
1689 1498 1793 1558 116116

433 1588 536 1665 igitur,
558 1588 611 1664 qui
632 1588 663 1644 in
684 1602 717 1646 se
738 1591 842 1645 mutuo
865 1584 945 1646 ducti
968 1585 1031 1644 360
1054 1584 1210 1663 616666666,
1233 1586 1414 1666 pulchriores
1435 1587 1510 1648 nulii
1531 1587 1657 1648 1666666
1701 1586 1793 1646 Porro

434 1675 533 1736 minos
559 1675 598 1733 16
621 1671 786 1735 debebatur
814 1671 1048 1733 revolutionibus
1069 1672 1187 1750 Lunae,
1216 1690 1275 1735 non
1298 1675 1393 1752 msj0r
1414 1675 1473 1752 30,
1502 1675 1574 1753 quia
1601 1690 1667 1734 cum
1689 1672 1793 1734 Lunae

434 1763 518 1822 orbis
539 1759 689 1838 quandam
710 1769 794 1838 psmt
816 1762 973 1838 imaginem
995 1759 1075 1820 orbis
1097 1758 1186 1837 Solis,
1210 1764 1407 1824 conueniebat
1427 1765 1526 1839 etiam,
1550 1769 1582 1821 ut
1596 1763 1674 1821 sicut
1688 1776 1792 1837 annus,

436 1851 490 1928 qui
513 1858 560 1910 est
582 1847 697 1928 6666666
719 1846 901 1927 periodienm
923 1846 1011 1922 Solis,
1035 1847 1149 1908 divisus
1173 1851 1269 1910 estin
1293 1852 1366 1925 360,
1388 1851 1597 1910 numerositate
1618 1848 1728 1922 muita,
1751 1850 1794 1909 sic

436 1939 528 2000 silam
557 1938 682 2011 mensis,
711 1937 762 2013 qui
793 1944 908 2014 tempus
937 1942 982 1995 est
1004 1934 1185 2013 periodionm
1206 1935 1326 2014 Lunae,
1357 1946 1456 2018 partes
1482 1954 1535 1998 seu
1558 1936 1621 1998 dies
1643 1938 1794 1997 sortiretur

435 2038 561 2086 numero
584 2021 691 2102 plures,
716 2039 805 2101 qnam
826 2025 881 2083 toti
903 2039 1018 2083 menses
1041 2025 1070 2082 in
1093 2041 1171 2084 anno
1194 2027 1310 2101 insunt,
1334 2035 1426 2104 utque
1444 2032 1585 2086 cresceret
1601 2024 1794 2084 numerositas
1824 2058 1828 2067 ·

435 2116 466 2172 in
492 2127 665 2191 progressu,
687 2113 714 2170 si
736 2111 861 2189 primurn
884 2127 987 2184 annus,
1010 2127 1150 2188 magnum
1173 2118 1296 2190 tempus,
1321 2116 1350 2172 in
1373 2130 1488 2174 menses
1513 2115 1561 2187 13,
1585 2120 1683 2191 partes
1705 2128 1794 2190 pran-

437 2200 509 2272 des,
539 2196 607 2259 inde
634 2200 760 2272 mensis,
792 2215 916 2276 parsum
945 2204 1070 2276 tempus,
1098 2200 1130 2259 in
1158 2200 1303 2272 (116630,
1330 2209 1428 2279 partes
1451 2202 1578 2260 minutas
1601 2198 1794 2275 divideretns3

437 2289 636 2348 numerositas
659 2288 737 2346 enim
759 2288 860 2364 parvis
881 2293 952 2364 apta
974 2294 1026 2346 666.
1066 2284 1103 2344 ld
1125 2303 1185 2346 non
1207 2286 1309 2348 eadem
1332 2286 1548 2367 pulchritudine
1570 2288 1700 2348 intusum
1722 2293 1793 2362 erat,

437 2378 463 2435 61
488 2375 610 2451 66161666
631 2386 747 2433 menses
770 2374 800 2432 in
824 2388 911 2448 anno,
934 2371 1044 2449 singuli
1066 2371 1268 2439 duodenorum
1290 2374 1412 2450 dierum,
1435 2375 1567 2437 luissent.

533 2460 618 2521 Unde
639 2461 800 2520 6661656116
820 2461 915 2538 fusis,
939 2460 977 2521 ab
998 2460 1103 2519 eadem
1125 2478 1220 2522 eausa
1243 2479 1302 2523 esse
1323 2472 1352 2523 et
1372 2463 1452 2522 illud
1472 2464 1648 2522 auctarium
1670 2460 1795 2521 recola·

436 2553 561 2611 timeare
580 2548 707 2607 Telluris
727 2551 762 2607 iss
784 2566 868 2608 anno
891 2548 934 2606 ad
954 2564 1119 2607 numerosos
1140 2550 1219 2624 360,
1242 2557 1270 2609 et
1291 2551 1371 2610 hane
1392 2550 1588 2628 appendicem
1609 2546 1795 2610 6666666166-

437 2655 499 2698 nae
525 2639 561 2696 s'a
588 2652 673 2697 anno
709 2634 752 2694 ad
784 2636 986 2696 revolutiones
1013 2635 1123 2694 Lanae
1151 2644 1323 2696 monarcus
1350 2637 1532 2699 duodecim?
1581 2635 1795 2696 Testimonium

437 2724 508 2785 huic
530 2724 573 2784 rei
594 2723 737 2803 praebent
759 2740 825 2782 cum
851 2725 932 2802 ipsae
954 2723 1082 2782 rationes
1105 2722 1193 2800 hujus
1216 2723 1429 2804 philosophiae,
1453 2732 1493 2801 ut,
1517 2725 1589 2802 quia
1606 2722 1709 2783 diurna
1723 2739 1796 2783 oon·
1842 2756 1847 2765 ·

439 2814 538 2873 sessio
568 2811 649 2888 globi
672 2809 780 2871 'l'errse
806 2818 908 2870 moret
930 2809 1058 2883 Lunum,
1090 2809 1188 2888 plnres
1216 2813 1304 2872 etiam
1333 2820 1362 2873 et
1394 2808 1556 2874 celeriores
1570 2811 1665 2872 166666
1688 2808 1795 2871 ’1066666

438 2900 648 2961 666666616666
682 2898 805 2958 66166166
835 2903 975 2958 moveant
1002 2896 1118 2957 Lunam
1152 2900 1329 2978 saepiusque
1355 2902 1524 2974 restituant,
1562 2905 1625 2958 tum
1654 2898 1796 2977 imprimis

437 3004 578 3048 numerus
610 2986 722 3046 diemm
752 2987 822 3045 anni
850 2983 961 3046 Solaria
994 2984 1057 3045 365
1088 2985 1151 3046 bor.
1177 2987 1194 3045 6
1225 2987 1313 3065 66616
1344 2987 1424 3066 6166,
1454 2993 1640 3067 comparatus
1671 2992 1701 3046 66
1730 3001 1797 3044 cunr

439 3074 630 3155 archetypieo
647 3073 711 3134 360
733 3081 764 3134 66
785 3090 852 3133 cum
873 3088 994 3132 numero
1017 3071 1129 3132 dierum
1151 3073 1516 3138 666116666163561666.
1534 3076 1551 3135 9
1576 3072 1664 3154 paulo
1689 3074 1795 3132 minus.

474 3196 480 3206 «
530 3162 605 3224 Cum
633 3163 712 3223 enisu
741 3178 778 3222 66
806 3160 967 3239 archetypo
996 3159 1150 3221 debuerint
1171 3178 1236 3222 esse
1259 3161 1322 3224 dies
1344 3165 1373 3222 in
1397 3180 1474 3225 anuo
1499 3163 1579 3237 360,
1610 3161 1797 3222 resolventes

440 3250 559 3312 Lunam
581 3248 748 3324 duodecies,
771 3250 829 3309 sint
852 3266 922 3309 sero
944 3251 1216 3326 666666666166666
1240 3250 1669 3312 66666661666166166613656
1694 3264 1795 3309 omnes

442 3341 537 3416 igitur
558 3323 758 3398 resolutiones
779 3345 849 3397 sunt
870 3336 966 3396 iactae
989 3334 1143 3398 celeriores
1164 3338 1194 3395 in
1218 3340 1419 3416 proportione,
1453 3345 1484 3399 66
1507 3346 1552 3398 666
1575 3338 1638 3397 360
1661 3334 1700 3397 ad
1723 3334 1796 3409 365,

440 3442 538 3503 eoque
561 3432 591 3487 et
612 3425 746 3485 166616666
769 3423 807 3484 66
828 3422 1004 3484 movendam
1026 3424 1150 3484 Lunam.
1194 3422 1287 3485 Simul
1310 3432 1409 3486 cutem
1431 3433 1461 3487 ct
1483 3425 1580 3504 plures
1602 3430 1671 3484 sunt
1692 3423 1797 3497 166666,

438 3530 482 3575 sc
506 3513 586 3574 eae:
621 3529 692 3589 ergo
719 3509 971 3591 archetypicarum
1003 3512 1066 3571 360
1093 3511 1218 3572 incultas
1242 3512 1424 3574 aestimanda
1447 3519 1492 3573 est
1513 3527 1634 3573 numero
1659 3511 1735 3585 660,
1767 3516 1799 3569 66

436 3602 501 3678 jam
524 3599 628 3662 harum
651 3601 714 3660 365
737 3597 862 3659 incultas
885 3599 1034 3659 aestimari
1057 3598 1145 3660 debet
1167 3616 1226 3659 non
1248 3618 1369 3662 numero
1392 3601 1464 3675 365,
1488 3603 1595 3679 quippe
1618 3598 1797 3672 celeriorum,

440 3688 496 3750 sed
519 3704 650 3762 numero,
676 3688 727 3764 qui
749 3694 796 3747 est
817 3688 903 3747 tertio
927 3686 992 3747 1666
1016 3686 1252 3765 66666661666116,
1276 3706 1316 3749 66.
1341 3689 1425 3749 370.’
1440 3689 1493 3748 360
1517 3689 1588 3762 500,
1610 3688 1636 3747 61
1658 3687 1798 3745 minutias

440 3784 652 3837 consectemur.
698 3772 811 3849 Quodsi
832 3773 973 3847 16661666,
997 3775 1114 3850 signata
1136 3791 1256 3834 numero
1281 3777 1362 3850 360,
1390 3777 1532 3836 movisset
1552 3774 1677 3848 Lunam,
1700 3780 1733 3831 ut
1758 3773 1796 3831 13

440 3862 555 3926 reditus
577 3861 615 3923 ad
638 3859 738 3923 Solem
761 3868 791 3921 et
813 3878 914 3921 eorum
937 3859 1070 3920 ultimum
1094 3858 1132 3919 ad
1156 3861 1220 3937 ejus
1242 3862 1340 3923 locum
1366 3861 1507 3921 initialem
1530 3862 1585 3921 sub
1608 3861 1673 3919 6616
1696 3856 1798 3919 absol-

441 3953 553 4013 visset:
577 3966 646 4026 erpo
669 3951 699 4008 in
723 3947 826 4009 eedem
849 3950 1036 4028 proportione
1059 3945 1183 4007 incultas
1206 3950 1362 4010 aestimata
1384 3966 1505 4009 numero
1528 3950 1585 4008 371
1615 3948 1702 4007 iaciat
1717 3945 1799 4004 illam
1920 4015 1921 4019 Ἰ

440 4054 582 4118 superare
604 4036 704 4098 Solent
729 4034 888 4097 duodecies
911 4044 940 4096 et
963 4037 1081 4114 insuper
1103 4032 1201 4093 locum
1224 4025 1287 4112 ejus
1310 4034 1453 4097 initialem
1479 4031 1557 4096 1370
1580 4036 1643 4108 100,
1675 4040 1705 4092 66
1727 4034 1798 4109 quia

439 4126 494 4188 Sol
517 4130 586 4204 post
608 4124 761 4185 absolutos
785 4124 849 4184 360
873 4122 945 4197 dies,
969 4131 1042 4200 quot
1064 4129 1148 4182 erant
1169 4123 1199 4181 in
1222 4121 1392 4202 archetypo,
1417 4122 1513 4184 adhuc
1536 4122 1620 4182 abest
1637 4121 1675 4181 ab
1692 4116 1798 4180 initiali

439 4214 498 4275 sab
520 4212 587 4272 6616
609 4212 676 4273 loco
698 4228 751 4291 per
775 4206 888 4286 5010,
912 4219 1024 4288 quanto
1047 4210 1145 4289 spatio
1168 4210 1302 4286 circulus,
1327 4212 1377 4289 qui
1400 4218 1462 4271 erat
1483 4212 1514 4268 in
1536 4208 1696 4288 archetypo
1719 4206 1799 4266 disi-

440 4319 495 4363 sus
517 4302 593 4360 inter
617 4301 656 4359 13
679 4300 747 4359 loca
769 4297 967 4372 lunationum,
990 4298 1085 4359 iactus
1107 4306 1152 4359 est
1175 4300 1366 4359 contractior:
1391 4298 1498 4376 adjecti
1523 4299 1611 4373 igitur
1633 4296 1664 4355 bi
1688 4290 1723 4354 50
1748 4296 1799 4355 10¹

440 4387 483 4449 ad
513 4387 581 4448 illos
607 4382 684 4446 1370
708 4388 759 4446 100
781 4384 911 4446 61661666
941 4382 1018 4447 1360
1040 4388 1102 4445 20¹.
1147 4386 1223 4446 Ecce
1250 4404 1340 4464 quarn
1370 4402 1460 4466 prope
1489 4386 1590 4445 veniat
1610 4383 1685 4444 haec
1706 4384 1799 4443 ratio-

441 4476 555 4538 cinatio
577 4473 616 4534 66
640 4475 792 4535 6661666666
815 4474 844 4531 16
867 4472 979 4533 tabulis
1002 4475 1222 4547 ashonomicis,
1251 4482 1284 4533 ut
1306 4491 1383 4551 quae
1404 4474 1622 4552 superationem
1643 4469 1746 4531 Lunae
1768 4472 1799 4528 in

444 4580 525 4626 anno
557 4560 671 4622 sidereo
699 4560 826 4640 produnt
851 4559 928 4620 132⁰
951 4560 1019 4634 45¹,
1049 4568 1165 4621 tantum
1189 4562 1399 4640 6566661166.
1445 4559 1527 4621 idem
1551 4560 1638 4620 etiam
1664 4556 1801 4637 6666166

443 4654 516 4714 suni
532 4649 658 4710 Lunaris
681 4648 853 4726 colligemus
876 4651 929 4710 616.
967 4647 1107 4708 Facultas
1131 4651 1235 4708 matris
1259 4649 1474 4710 revolutionum
1496 4646 1604 4708 'l'errae
1628 4647 1692 4707 300
1713 4646 1801 4706 66661·

442 4742 551 4801 6616666
573 4736 689 4797 Lunam
711 4734 775 4797 Soli
797 4738 826 4794 in
849 4733 915 4795 loeo
939 4735 1057 4812 quidem
1081 4736 1146 4813 ejus
1174 4736 1295 4810 initiali,
1327 4735 1546 4797 duodecimum:
1577 4751 1647 4812 ergo
1675 4732 1801 4794 16661666

442 4828 617 4907 pauciorum
639 4823 869 4897 revolutionum,
897 4822 950 4883 sed
972 4829 1054 4882 tauto
1076 4823 1229 4883 tortiorum
1250 4823 1410 4898 iacturum,
1433 4821 1605 4884 tantundem
1628 4820 1799 4900 praestabit.

441 4911 486 4977 Ut
507 4912 675 4991 1616663115
691 4909 957 4986 (0,)666616616666
973 4909 1011 4970 ad
1026 4911 1099 4986 360,
1123 4913 1166 4971 616
1179 4891 1304 4972 incultas
1319 4910 1551 4990 archetypalium
1568 4910 1631 4970 360
1646 4907 1684 4969 ad
1706 4903 1801 4966 iacul-

443 5009 538 5064 666666
566 4998 1212 5061 6666666636666166661616336.
1256 4998 1314 5059 'lot
1343 5000 1432 5075 igitur
1459 4993 1799 5068 6666166166660166666,

443 5090 507 5168 jam
530 5089 704 5149 intentiores
725 5087 829 5162 iactae,
852 5089 1039 5147 restituturus
1061 5084 1178 5146 1666666
1199 5084 1314 5146 Lunam
1331 5085 1394 5146 Soli
1418 5084 1632 5157 duodecimum,
1655 5080 1800 5157 siqnidem

445 5178 545 5257 spatia
566 5178 642 5239 inter
665 5175 750 5236 binas
773 5172 894 5253 copulas
916 5190 975 5235 non
998 5173 1122 5234 16166666
1144 5180 1292 5234 conuecta
1315 5181 1569 5253 perunguentnm
1585 5169 1800 5230 6666616666-

446 5264 603 5329 lutionum.
642 5261 684 5356 At
705 5264 777 5341 quia
798 5261 927 5324 inissetis
948 5264 978 5321 in
1000 5277 1110 5323 annum
1129 5258 1234 5324 diebus
1248 5263 1518 5342 sopemumsrsriis,
1541 5259 1604 5320 diss
1620 5258 1745 5327 360016
1768 5263 1801 5318 66
