4459 6275
1418 787 1707 882 Epitornes
1741 789 2128 850 „eonomine
2173 792 2345 851 mer
2374 762 2667 865 emm-‚⁸
2705 795 2841 854 pm
2882 798 3086 856 mera.
3484 808 3610 869 ut

885 964 1054 1024 &nea
1095 967 1448 1027 wantiam?
1513 967 1679 1028 Alter
1721 971 1982 1030 semissis
2028 970 2185 1032 PER
2230 974 2325 1034 vei
2371 973 2537 1034 PDR
2582 974 2943 1037 descendens
2988 976 3081 1038 vel
3128 980 3286 1056 prior
3330 982 3597 1042 semicir-

887 1051 1058 1111 culus
1107 1052 1334 1129 dicitur,
1383 1054 1531 1115 alter
1572 1055 1710 1114 RIP
1759 1057 1853 1117 vel
1899 1057 2056 1117 R'I'P
2103 1060 2427 1122 ascendens
2473 1063 2569 1122 vel
2616 1067 2924 1140 posterior.

1049 1138 1217 1217 Quid
1243 1149 1328 1201 est
1356 1143 1803 1202 eccentricitaa?
1854 1142 2087 1206 Graeca
2119 1164 2264 1208 voce

886 1224 1259 1307 ἐκκεπροτης
1315 1236 1406 1289 est
1463 1231 1622 1290 linea
1669 1241 2017 1292 connectens
2063 1241 2263 1294 centra

886 1314 942 1375 A
991 1310 1195 1374 mundi
1238 1312 1366 1395 (seu
1397 1320 1653 1395 corporis
1697 1320 1852 1379 circa
1895 1319 2052 1396 quod
2099 1322 2291 1393 ordi-²

885 1410 1068 1460 natur
1127 1401 1345 1479 motus)
1415 1412 1474 1465 et
1529 1405 1578 1464 B
1638 1410 1978 1484 ecceutrici3
2038 1408 2263 1470 scilicet

886 1488 1018 1564 AB,
1063 1506 1201 1566 pars
1245 1489 1436 1554 lineae
1480 1492 1749 1571 apsidum
1795 1494 1917 1556 PR.

1070 1576 1251 1655 Quod
1298 1585 1384 1638 eat
1442 1597 1666 1640 nomen
1720 1582 1893 1642 lineis
1937 1601 2011 1643 ex
2056 1591 2263 1645 centro

883 1667 1189 1740 emporis,
1247 1669 1410 1726 cirea
1462 1668 1631 1745 quod
1668 1676 1868 1728 motus
1909 1669 2257 1747 ordinatur,

883 1755 958 1811 in
1003 1753 1266 1813 orbitam
1297 1758 1693 1816 eccentricam
1722 1756 1987 1817 eductis?
2031 1757 2258 1818 Graece

886 1838 1162 1900 dicuntur
1225 1836 1639 1920 ἀποστηματα,
1700 1841 1881 1905 latine
1946 1844 2260 1907 intervalla

883 1944 993 1987 seu
1026 1926 1356 2004 distantiae,
1401 1932 1461 1988 in
1486 1931 1852 1991 versionibus
1891 1933 2257 1993 arabicorum

881 2013 1159 2075 dicuntur
1199 2013 1624 2094 longitudines,
1668 2024 1735 2077 ut
1780 2018 1913 2095 ΑΡ,
1962 2009 2255 2096 Ac,'AE,

882 2101 1030 2178 AM,
1077 2102 1194 2176 AS,
1242 2103 1367 2178 AF,
1414 2103 1542 2179 AR,
1589 2105 1718 2179 AN,
1767 2105 1875 2182 AQ
1922 2115 2031 2168 etc.

1025 2189 1202 2268 Quae
1239 2199 1386 2251 sum
1405 2195 1764 2269 insiyniorea
1805 2212 1879 2254 ex
1920 2195 2013 2253 his
2053 2195 2259 2272 lonqi-

881 2276 1248 2338 mamitus?
1298 2276 1636 2356 Longitudo
1680 2278 1911 2359 longior
1952 2283 2012 2340 in
2057 2283 2258 2343 arabi-

883 2366 1001 2439 cis,
1062 2382 1171 2426 seu
1216 2364 1495 2427 distantia
1551 2367 1791 2446 aphelia
1845 2368 1942 2428 vel
1986 2384 2259 2447 apogaea

884 2452 1010 2527 ΑΡ,
1056 2452 1360 2530 longitudo
1406 2455 1641 2517 brevior
1675 2472 1779 2519 seu
1828 2455 2106 2516 distantia
2147 2474 2259 2534 pe-

881 2539 1094 2599 riheiia
1115 2548 1243 2625 ¹aut
1283 2542 1342 2599 in
1375 2542 1545 2604 Luna
1586 2545 1882 2621 perigaea,
1915 2543 2043 2619 AB,
2089 2551 2150 2603 et
2191 2542 2499 2620 longitudo
2527 2542 2738 2618 media,
2787 2558 2940 2622 quae
2986 2553 3077 2605 est
3122 2544 3377 2607 medium
3408 2545 3598 2606 aritb-

880 2628 1162 2687 meticum
1205 2629 1356 2689 inter
1397 2629 1722 2706 longiorem
1766 2638 1827 2691 et
1868 2632 2230 2710 breviorem;
2295 2648 2540 2707 quarum
2587 2648 2742 2708 quae
2805 2639 2894 2692 est
2937 2633 3000 2690 in
3060 2632 3427 2695 semicirculo
3489 2632 3599 2693 de-

879 2713 1205 2790 scendenti,
1250 2723 1395 2794 puta
1426 2717 1550 2794 ΑΕ,
1596 2720 1785 2796 prima
1825 2717 2133 2796 longitudo
2166 2717 2361 2779 media
2404 2717 2633 2794 dicitur,
2680 2736 2834 2797 quae
2879 2720 2938 2777 in
2986 2719 3342 2795 ascendenti,
3391 2728 3459 2781 ut
3491 2720 3599 2795 AI,

879 2800 1166 2865 secunda.

1065 2904 1234 2985 Quid
1269 2914 1588 2984 praeterea
1631 2908 1930 2985 siqniflcat
1973 2909 2289 2986 lonyitudo
2332 2907 2577 2971 media?
2621 2908 3017 2986 Metonymice
3054 2912 3302 2970 sumitur
3342 2929 3448 2989 pro
3479 2910 3597 2972 iliis

877 2996 1117 3071 punctis
1173 2994 1432 3069 orbitae,
1483 3011 1651 3072 quae
1696 2995 1964 3055 obtinent
2006 2997 2360 3057 mediocrem
2405 3015 2443 3056 a
2486 2996 2627 3057 Sole
2672 2996 3042 3070 distantiam,
3088 3005 3155 3056 ut
3198 2998 3281 3072 Ε,
3323 2999 3388 3073 1,
3438 3017 3595 3076 quae

875 3080 1110 3144 scilicet
1152 3081 1478 3159 quadrante
1521 3098 1626 3143 seu
1673 3084 1755 3143 90
1801 3082 2082 3161 gradibus
2126 3084 2203 3146 ab
2247 3083 2551 3163 apsidibus
2597 3083 2818 3145 distant
2860 3093 2995 3146 ante
3041 3084 3138 3146 vel
3165 3076 3340 3146 retro.
3387 3085 3596 3163 Quan-

879 3169 1080 3249 doque
1142 3171 1319 3230 etiam
1378 3172 1625 3230 sumitur
1681 3186 1788 3247 pro
1850 3181 2070 3249 puncto
2115 3175 2301 3249 ipsius
2345 3172 2601 3248 zodiaci,
2664 3171 2823 3249 quod
2869 3173 3196 3250 quadrante
3240 3173 3412 3235 abest
3454 3184 3592 3236 ante

875 3257 979 3321 vel
1022 3265 1178 3319 retro
1225 3276 1261 3317 a
1307 3256 1439 3317 loco
1485 3257 1731 3332 zodiaci,
1780 3261 1837 3316 in
1884 3277 2058 3336 quem
2087 3252 2262 3320 ‘linea
2305 3260 2576 3338 apsidum
2624 3259 2908 3337 producta
2950 3259 3175 3319 incidit.

1052 3341 1173 3406 Ubi
1217 3345 1540 3405 notandum
1589 3352 1648 3404 et
1692 3345 2052 3419 cavendum,
2118 3348 2278 3425 quod
2324 3351 2382 3406 iu
2428 3347 2585 3407 bunc
2627 3346 2891 3430 gradum
2916 3347 3173 3420 zodiaci,
3234 3350 3338 3425 qui
3396 3348 3593 3426 longi-

872 3429 1022 3493 tudo
1085 3428 1282 3492 media
1343 3431 1582 3506 dicitur,
1651 3450 1769 3493 non
1823 3435 1957 3510 ipsa
2021 3436 2180 3496 linea
2225 3435 2332 3494 ΑΕ
2377 3434 2657 3512 ejusdem-
2698 3436 2950 3495 nominis
3008 3431 3294 3514 producta
3354 3436 3603 3512 incidat,

871 3518 980 3580 sed
1025 3522 1227 3597 potius
1272 3519 1375 3580 BE
1421 3538 1493 3580 ex
1538 3528 1753 3594 centro,
1802 3522 1898 3582 vel
1941 3523 1997 3582 ei
2039 3523 2325 3601 parallela
2373 3523 2510 3594 ΑΜ,
2536 3529 2760 3600 utpote
2813 3539 2967 3600 quae
3011 3539 3145 3583 cum
3171 3522 3279 3583 PR
3320 3524 3593 3602 apsidum

875 3606 1039 3669 linea
1081 3615 1272 3668 rectos
1316 3608 1565 3685 angulos
1609 3607 1878 3668 formant.

1055 3693 1242 3774 Quod
1277 3711 1504 3756 nomen
1531 3704 1614 3755 est
1658 3696 2036 3773 differentiae
2081 3701 2243 3757 inter
2271 3695 2716 3773 lonyitudinem
2759 3714 2865 3756 seu
2903 3696 3261 3757 distantiam
3302 3698 3590 3774 mediam,
3663 3713 3667 3718 ·

791 3791 800 3800 “
871 3789 931 3842 et
973 3799 1409 3860 quamcunque
1452 3782 1690 3843 aliam?
1750 3784 2091 3845 Differentia
2134 3785 2284 3865 baec
2325 3783 2649 3842 libratio
2695 3783 2972 3861 planetae
3018 3782 3247 3857 dicitur,
3295 3788 3436 3862 quia
3466 3792 3592 3845 tota

868 3868 1130 3944 libratio,
1175 3879 1242 3930 ut
1284 3871 1346 3928 in
1392 3878 1556 3930 motu
1601 3870 1856 3931 lancium
1899 3870 2102 3944 librae,
2149 3871 2321 3931 tarda
2364 3876 2457 3929 est
2500 3869 2575 3928 ab
2622 3872 2821 3943 initio,
2869 3887 3002 3930 cum
3045 3870 3286 3947 planeta
3331 3873 3512 3932 distat
3553 3889 3592 3931 a

870 3955 1015 4018 Sole
1035 3955 1422 4034 'longissime,
1469 3965 1531 4019 et
1573 3962 1632 4017 iu
1677 3959 1810 4031 tine,
1858 3975 1989 4017 cum
2034 3957 2100 4017 fit
2143 3957 2271 4018 Soli
2317 3958 2649 4035 proximus3
2699 3955 2875 4016 velox
2919 3961 2980 4015 in
3024 3957 3239 4018 medio.

1048 4054 1114 4112 In
1153 4054 1448 4126 schemate,
1485 4055 1615 4125 quia
1639 4055 1733 4110 ΛΡ
1762 4063 1847 4113 est
1873 4054 2201 4127 longissima
2226 4054 2502 4122 distantia,
2540 4054 2645 4109 AR
2665 4055 3001 4126 brevissima,
3035 4055 3398 4111 transferatur
3429 4055 3596 4123 igitur

867 4135 973 4191 AR
1007 4134 1065 4189 in
1101 4133 1301 4190 lineam
1335 4134 1432 4190 ΑΡ
1468 4133 1899 4204 extendaturque
1934 4151 2003 4192 ex
2038 4139 2088 4191 A
2121 4136 2176 4191 in
2215 4136 2290 4205 G,
2326 4141 2390 4190 ut
2423 4140 2540 4190 tota
2573 4133 2792 4189 libratio
2829 4134 2883 4188 in
2920 4135 3081 4190 unica
3115 4133 3263 4190 linea
3293 4134 3389 4187 ΑΡ
3425 4131 3589 4188 veluti

867 4214 1189 4283 quiescente
1223 4215 1294 4270 ob
1331 4213 1521 4269 oculos
1557 4214 1687 4284 poni
1721 4215 1914 4285 possit,
1952 4230 2094 4284 quae
2128 4215 2235 4271 erit
2256 4214 2369 4283 PG,
2397 4213 2561 4283 dupla
2599 4214 3018 4270 eccentricitatis
3042 4216 3155 4272 BA.
3212 4212 3395 4269 Tarda
3427 4212 3595 4282 igitur

865 4301 957 4349 est
990 4292 1130 4349 haec
1173 4292 1392 4349 libratio
1428 4294 1573 4349 circa
1608 4294 1651 4348 P
1690 4301 1746 4348 et
1783 4294 1845 4358 G,
1885 4293 2101 4364 quando
2149 4294 2356 4350 scilicet
2391 4292 2614 4363 planeta
2665 4301 2751 4347 est
2795 4294 2882 4348 vel
2917 4294 2975 4348 in
3010 4294 3054 4348 P
3092 4292 3176 4348 vel
3209 4293 3267 4348 in
3301 4292 3380 4359 R,
3430 4289 3591 4346 velox

867 4372 1021 4428 circa
1054 4372 1134 4443 H,
1173 4373 1390 4442 quando
1425 4373 1651 4445 planeta
1687 4389 1786 4429 seu
1822 4374 1967 4429 linea
2003 4373 2106 4428 An
2143 4380 2228 4428 est
2264 4372 2320 4426 in
2355 4372 2454 4427 AE
2490 4372 2577 4427 vel
2612 4372 2690 4427 AI
2726 4371 3006 4427 translata.

1050 4464 1307 4536 Dixisti,
1355 4467 1654 4526 circulum
1702 4467 2116 4526 circumscribi
2159 4466 2393 4526 orbitae
2434 4464 2722 4525 metiendi
2764 4481 2953 4524 causa
2969 4507 2983 4536 ,
3031 4463 3153 4535 dic,
3200 4469 3348 4538 quot
3384 4462 3591 4521 nomi-

865 4553 1057 4614 nibus
1099 4554 1204 4613 ille
1246 4554 1551 4615 conducat
1581 4554 1667 4613 ad
1706 4554 2074 4614 metiendam
2105 4554 2265 4613 hanc
2293 4553 2575 4626 orbitam.
2649 4550 2915 4627 Quatuor
2944 4550 3303 4610 nominibus:
3357 4552 3410 4609 1.
3460 4547 3591 4607 Cir-

868 4639 1043 4702 culn·
1085 4639 1187 4701 hic
1232 4640 1572 4702 denominat
1615 4647 1676 4701 et
1719 4641 1997 4702 discernit
2040 4658 2208 4701 arcus
2257 4641 2482 4700 orbitae
2531 4639 2844 4717 ellipticae.
2935 4635 3013 4697 Ut
3042 4635 3140 4696 PC
3179 4652 3349 4696 arens
3379 4635 3594 4712 accipit

870 4735 936 4789 et
977 4742 1193 4789 nomeu
1241 4736 1301 4790 et
1345 4728 1888 4791 determinationem
1934 4746 2103 4789 suam
2148 4729 2225 4788 ab
2272 4744 2412 4787 arcu
2443 4725 2570 4787 PK.
2662 4728 2722 4786 2.
2769 4725 3036 4786 circulus
3064 4722 3260 4802 prodit
3284 4739 3590 4784 mensuras

866 4815 1254 4878 librationum
1296 4815 1570 4896 planetae
1618 4825 1675 4877 et
1720 4817 1806 4877 sic
1850 4818 2065 4877 format
2092 4811 2492 4894 longitudines
2538 4812 2974 4874 intervallorum
3004 4810 3278 4890 planetae
3324 4817 3384 4871 et
3410 4806 3584 4867 Solis.

869 4900 955 4964 Ut
987 4901 1094 4965 Ac
1126 4903 1223 4966 vel
1255 4904 1366 4970 Ao
1414 4905 1830 4967 determinatur
1876 4923 2015 4966 arcu
2045 4903 2155 4964 PK
2185 4921 2291 4964 seu
2338 4903 2466 4980 ejus
2513 4899 2939 4980 complemento
2969 4899 3105 4975 ΚΒ,
3151 4902 3294 4977 quia
3338 4899 3389 4955 is
3417 4893 3588 4953 docet

870 4994 1270 5068 quantitatem
1313 4992 1644 5054 librationis
1674 4990 1789 5053 ΗΟ
1825 4990 2159 5054 addendam
2204 4990 2280 5051 ad
2327 4987 2823 5051 semidiametrum
2851 4985 2989 5049 ΑΗ.
3080 4989 3138 5048 3.
3186 4982 3449 5046 circulus
3480 4998 3586 5039 ex-

868 5077 1038 5156 bibet
1083 5083 1264 5140 etiam
1306 5098 1638 5142 mensuram
1680 5082 1977 5159 temporis,
2024 5078 2185 5157 quod
2235 5077 2476 5155 planeta
2519 5077 2812 5138 consumit
2855 5076 2914 5133 in
2968 5073 3232 5152 quolibet
3273 5085 3414 5130 arcu
3441 5084 3586 5169 suae

869 5166 1460 5245 orbitae-eliiptieae.
1551 5166 1632 5229 Ut
1675 5185 1781 5246 per
1825 5184 2024 5229 arcum
2069 5166 2180 5226 PK
2226 5164 2535 5239 discimus,
2596 5161 2875 5241 quamdiu
2918 5162 3158 5241 planeta
3215 5162 3482 5217 movetur
3526 5170 3586 5212 ιιι

865 5251 972 5314 Po
1029 5271 1190 5316 arcu.
1280 5260 1342 5316 4.
1399 5256 1512 5317 His
1571 5256 1831 5319 inventis
1886 5261 2088 5333 potest
2146 5255 2327 5316 etiam
2380 5251 2646 5330 indagari
2700 5248 2955 5329 angulus
2998 5249 3079 5312 ad
3117 5245 3317 5308 solem
3333 5285 3351 5320 ,
3411 5258 3586 5320 quem

867 5441 877 5447 ,
972 5372 1173 5427 tomen
1196 5371 1364 5428 om
1417 5371 1502 5419 vx.
2598 5374 2609 5388 ·
3087 5352 3170 5410 2'1
