4459 6275
853 800 993 873 Excerpta
1010 815 1046 857 ex
1063 799 1180 857 Tabulis
1197 799 1391 872 Rudolphinis.
1728 811 1790 873 549

431 985 516 1054 duas,
535 996 616 1037 unam
635 978 846 1035 declinationum
863 978 1058 1049 communium,
1083 978 1197 1033 alteram
1214 976 1377 1046 angulorum
1394 975 1538 1046 eclipticas
1555 993 1617 1034 cum
1635 981 1797 1052 meridien03

430 1069 461 1118 et
479 1061 675 1121 declinationes
693 1061 803 1130 quidem
819 1059 848 1112 10
865 1058 951 1126 signis
968 1057 1125 1114 borealibus
1144 1056 1374 1127 septentrionales
1396 1056 1590 1127 intelligendae
1608 1067 1687 1129 sunt,
1705 1061 1733 1115 iu
1751 1076 1798 1117 an·

429 1141 562 1198 etrelibus
579 1139 757 1207 meridianam
777 1137 870 1206 anguli
888 1153 951 1192 vcro
964 1153 998 1191 ex
1016 1138 1102 1192 latere
1117 1137 1268 1207 eclipticas,
1287 1135 1380 1204 polum
1391 1134 1504 1192 boreum
1517 1145 1667 1208 spectante,
1685 1145 1800 1209 propter

430 1225 536 1276 eertum
555 1235 635 1274 risum
653 1218 859 1286 distinguuntur
880 1217 967 1286 ipsias
990 1218 1134 1288 eclipticas
1157 1218 1287 1280 arcubus,
1309 1215 1461 1270 formantur
1478 1216 1549 1269 enim
1574 1217 1604 1272 in
1628 1219 1798 1275 semicirculo

433 1301 579 1370 eclipticae
597 1298 762 1354 ascendente
781 1297 815 1351 ab
834 1300 951 1354 arcubus
970 1299 1149 1367 sequentibus
1167 1297 1297 1364 sinistris,
1325 1296 1442 1349 intuenti
1468 1294 1622 1366 meridiem,
1640 1298 1668 1352 in
1687 1298 1798 1355 descen·

431 1376 515 1436 dente
533 1377 567 1432 ab
585 1377 703 1432 arcubus
729 1375 954 1433 antecedentibus
977 1379 1094 1446 dextris,
1119 1384 1250 1446 tanquam
1271 1373 1336 1443 polo
1358 1375 1441 1429 boreo
1466 1375 1611 1445 utrobique
1633 1377 1718 1446 magis
1736 1394 1798 1448 pro·

454 1460 461 1475 '
484 1458 553 1529 quie.
1218 1482 1224 1497 ι
1687 1495 1695 1507 .

431 1476 483 1531 pm
538 1537 592 1591 Est
608 1537 691 1605 igitur
708 1535 804 1606 regula
822 1536 987 1604 excerpendi
1004 1536 1087 1592 haec:
1114 1534 1137 1589 si
1156 1535 1192 1589 sit
1210 1531 1385 1602 excerpenda
1403 1532 1498 1601 puncti
1516 1531 1660 1602 eclipticae
1681 1534 1739 1589 deti
1756 1549 1798 1589 as·

432 1617 527 1675 censio
544 1623 621 1671 recta
638 1624 667 1670 et
685 1624 787 1685 cetera,
814 1629 915 1684 quaere
938 1615 1044 1684 signum
1070 1613 1164 1668 dutum
1188 1614 1217 1666 in
1243 1612 1336 1682 aliqua
1358 1611 1445 1667 trium·
1465 1611 1595 1665 000110ιο
1612 1611 1655 1666 rel
1674 1611 1798 1682 calcium,

432 1694 536 1767 medus
554 1709 618 1749 uero
642 1694 670 1748 in
695 1693 743 1749 ilio
761 1694 896 1764 margine,
923 1691 951 1746 in
974 1708 1055 1762 quem
1074 1707 1090 1745 a
1108 1691 1187 1761 signo
1209 1691 1320 1745 invento
1338 1696 1416 1759 patet
1433 1689 1588 1757 ingressus,
1613 1691 1753 1748 adextris
1770 1693 1800 1748 in

431 1777 560 1832 dextrum
585 1787 707 1842 sursum,
731 1788 748 1826 a
765 1772 881 1828 sinistris
906 1771 934 1826 in
958 1772 1098 1827 sinistrum
1122 1771 1262 1839 deorsum,
1291 1777 1319 1825 et
1335 1770 1363 1824 in
1382 1785 1516 1824 concursu
1534 1768 1623 1824 lineae
1641 1770 1741 1839 gradus
1758 1772 1800 1828 in·

431 1855 509 1913 renti
527 1868 588 1908 cum
608 1852 754 1909 columella
772 1853 841 1920 signi
861 1851 983 1906 invenies
1002 1866 1057 1906 asc.
1077 1857 1169 1906 rectae
1188 1857 1313 1917 tempora
1333 1847 1452 1919 integra,
1470 1849 1498 1904 10
1516 1848 1662 1905 columella
1678 1866 1743 1906 rere
1760 1851 1799 1907 la·

430 1933 514 1991 teruli
531 1932 722 2001 scrupulorum
742 1931 923 1986 communium
943 1929 1123 1999 appendicem
1135 1932 1286 1998 primorum
1304 1937 1332 1982 et
1350 1928 1544 1984 secundorum:
1564 1931 1603 1985 ita
1614 1930 1732 1986 habetur
1743 1947 1798 1988 aso.

432 2023 511 2070 recta
532 2011 665 2083 gradmm
690 2008 834 2079 eclipticac
859 2008 1034 2076 integrorum.
1071 2008 1103 2062 In
1126 2007 1222 2063 eadem
1240 2023 1304 2062 vero
1328 2007 1402 2062 linea
1423 2017 1572 2065 occurrunt
1598 2009 1745 2067 declinatio
1771 2019 1799 2067 et

432 2091 559 2161 angulus,
578 2088 706 2159 quodque
724 2088 753 2142 in
772 2103 823 2143 sua
840 2089 966 2143 columna
983 2084 1120 2156 integrum
1139 2088 1166 2140 in
1184 2087 1308 2156 partibus
1326 2087 1420 2156 primis
1439 2096 1467 2144 et
1484 2090 1620 2148 secundis.

541 2170 569 2226 Si
587 2186 650 2225 rere
670 2168 799 2238 gradibus
817 2167 930 2234 integris
950 2165 1092 2235 eclipticas
1111 2165 1286 2220 adhaeserint
1304 2166 1448 2236 scrupula,
1475 2166 1591 2236 perillo
1609 2169 1741 2224 sumenda
1758 2178 1801 2227 eet

432 2252 468 2307 de
486 2248 647 2307 differentiis
665 2263 721 2314 asc.
739 2253 875 2302 rectarum
893 2260 958 2314 pars
975 2243 1188 2313 proportionalis
1207 2244 1372 2299 adminiculo
1396 2253 1605 2314 praeceptorum
1629 2247 1800 2316 heptacosia·

433 2330 476 2385 dis
495 2334 533 2391 (h.
552 2345 572 2380 e.
591 2330 699 2393 tabulae,
720 2342 783 2388 quse
796 2328 827 2377 ed
841 2329 941 2376 modum
962 2327 1100 2376 ‹Ghllladls
1113 2327 1347 2386 Logarithmorumr
1368 2334 1513 2392 computate
1531 2332 1556 2378 ln
1570 2330 1633 2384 Tab.
1648 2329 1712 2382 Rud.
1730 2346 1800 2382 com·

432 2405 554 2468 plectitur
577 2401 628 2450 710
653 2400 829 2459 legarithmos,
855 2399 886 2446 sd
910 2404 1054 2460 computum
1078 2399 1274 2445 astronomicum
1294 2405 1372 2459 aptos.
1398 2399 1489 2448 Conier
1508 2401 1558 2451 rol.
1578 2401 1622 2451 ill.
1641 2414 1665 2462 p.
1685 2403 1736 2452 719
1755 2402 1795 2466 s).
1859 2456 1861 2465 ,

433 2477 487 2535 Sed
506 2491 556 2547 pro
575 2475 616 2542 iis,
635 2474 681 2543 qui
695 2481 758 2529 sunt
770 2476 873 2529 assueti
886 2474 1027 2545 logisticac
1040 2473 1134 2537 reteri,
1153 2473 1280 2542 apposita
1299 2479 1341 2526 est
1354 2473 1387 2527 ad
1400 2472 1474 2528 latus
1489 2474 1621 2543 cujusque
1640 2475 1800 2533 columellae

434 2560 462 2614 iu
481 2553 688 2612 intercolumnio
707 2552 837 2623 peculiari
856 2552 1010 2608 differentia
1036 2551 1161 2606 binarum
1185 2551 1332 2606 vicinarum
1360 2553 1564 2623 ascensionum,
1589 2552 1800 2610 declinationum

434 2636 477 2690 rel
497 2632 657 2702 angulorum
676 2631 833 2688 minusculis
859 2631 1061 2688 characteribus
1086 2630 1166 2686 titulo
1185 2631 1317 2700 superiori
1340 2634 1501 2688 {momenti
1518 2634 1549 2688 t'n
1569 2637 1620 2688 10‘.
1656 2633 1732 2688 Haec
1750 2631 1799 2702 igi·

432 2726 478 2772 tur
496 2710 695 2769 intercolumnii
708 2710 860 2766 differentia
872 2709 1052 2780 multiplicata
1069 2709 1096 2763 iu
1109 2709 1246 2778 scrupula,
1261 2708 1389 2780 gradibus
1409 2713 1521 2783 integris
1534 2711 1674 2782 eclipticas
1687 2727 1800 2767 arcuum
1841 2732 1843 2736 ·

432 2792 619 2859 adhaerentia,
637 2798 665 2846 et
683 2807 700 2845 a
717 2790 789 2846 iacto
808 2792 920 2846 absecta
938 2789 1042 2858 cyphra
1061 2789 1163 2857 ultima,
1183 2789 1275 2858 prodit
1293 2788 1423 2846 numerus
1442 2789 1637 2861 secundorum,
1657 2806 1728 2859 quae
1746 2790 1798 2859 (re-

431 2875 516 2931 dacta
536 2870 571 2926 sd
589 2869 683 2940 prima,
702 2869 725 2923 si
741 2869 923 2935 excurreriot)
943 2868 1068 2924 addenda
1085 2876 1150 2924 sunt
1168 2869 1203 2924 ad
1222 2883 1276 2924 asc.
1295 2877 1406 2936 rectam,
1426 2885 1477 2940 per
1494 2870 1614 2939 integros
1633 2871 1734 2940 gredm
1752 2887 1800 2927 ex·

430 2957 562 3021 cerptam.
598 2949 659 3004 Etsi
677 2949 705 3003 in
724 2949 934 3004 declinationum
953 2955 981 3001 et
1000 2947 1091 3017 anguli
1120 2949 1342 3017 intercolumniis,
1373 2965 1434 3004 cum
1453 2949 1560 3018 signum
1576 2949 1606 3005 in
1624 2948 1799 3020 001000000-

434 3024 549 3088 rendum
569 3036 619 3097 est,
639 3045 673 3083 ex
691 3031 863 3086 tenementis
880 3029 1051 3084 0000000010
1068 3028 1138 3082 fiant
1155 3038 1183 3084 et
1200 3028 1387 3089 subtrahenda
1406 3035 1477 3083 suut.

543 3110 596 3166 Sed
613 3108 641 3163 in
660 3124 715 3164 asc.
735 3108 817 3163 rectis
836 3114 968 3177 praestat,
987 3115 1018 3165 ut
1036 3107 1071 3177 ii,
1100 3122 1170 3178 quos
1197 3108 1272 3178 piget
1290 3108 1324 3164 ad
1351 3107 1490 3178 logisticos
1508 3107 1687 3178 legarithmos
1705 3109 1800 3167 coniu-

432 3206 509 3263 gere,
527 3190 580 3244 hoc
597 3195 709 3243 0100101
727 3188 902 3257 compendio:
930 3186 1059 3255 scrupula
1076 3203 1115 3242 sc.
1135 3187 1262 3256 gradibus
1288 3186 1399 3255 integris
1418 3187 1596 3242 adhaerentia
1617 3187 1800 3258 multiplicent

432 3287 492 3328 non
511 3269 538 3325 in
556 3269 722 3323 incrementa
740 3268 808 3337 ipsa,
828 3266 875 3322 sed
894 3266 922 3320 in
942 3282 1034 3320 eorum
1053 3265 1095 3322 vel
1113 3266 1248 3322 defectum
1268 3267 1372 3322 06000
1392 3265 1435 3319 rel
1458 3281 1600 3321 excessum
1625 3282 1709 3335 supra
1726 3269 1800 3324 6000

432 3358 463 3405 01
481 3364 499 3401 a
516 3347 590 3402 fecto
609 3348 720 3402 absecta
738 3346 825 3415 figura
843 3346 946 3411 ultima,
965 3347 1038 3415 quod
1055 3346 1188 3401 formatur
1206 3346 1262 3402 illic
1280 3346 1459 3410 subtrahant,
1477 3346 1521 3400 hic
1540 3347 1642 3401 addant
1664 3346 1800 3417 scrupulis

432 3425 637 3495 multiplicatis3
657 3424 796 3479 residuum
814 3424 933 3494 denique
952 3425 1029 3493 iliud,
1048 3426 1091 3480 vel
1110 3426 1163 3481 hoc
1182 3425 1377 3495 compositum,
1402 3431 1531 3493 tanquam
1558 3431 1664 3494 partem
1687 3441 1800 3498 propor-

433 3506 565 3563 tionalem
580 3506 683 3574 justam
702 3504 805 3559 addant
824 3504 859 3558 ad
879 3504 1045 3572 integrorum
1064 3504 1197 3575 maslaum
1217 3504 1405 3560 ascensionem
1424 3512 1533 3561 rectam.

544 3588 650 3652 Tabula,
671 3591 741 3648 quus
760 3587 866 3635 formam
885 3592 910 3635 et
927 3601 999 3636 usum
1018 3589 1044 3635 lu
1063 3589 1207 3649 praemissis
1226 3586 1338 3650 explicat
1351 3586 1481 3651 depictus,
1500 3588 1604 3636 eandem
1622 3590 1673 3637 iere
1692 3588 1798 3637 formem

432 3661 516 3710 habet
536 3673 591 3707 cum
609 3658 704 3718 tabula,
722 3671 796 3718 quem
810 3659 941 3720 Epitomae
960 3656 1066 3722 eddidit,
1085 3659 1132 3706 hoc
1151 3664 1249 3706 tentum
1269 3662 1374 3718 excepto
1392 3657 1460 3717 quod
1478 3659 1504 3705 ln
1523 3659 1649 3722 columne,
1675 3672 1741 3723 quae
1758 3661 1800 3708 iu·

433 3728 929 3792 0011010001«801000100000000101,
957 3729 1061 3776 minutis
1079 3727 1167 3776 addite
1190 3729 1242 3776 sint
1261 3726 1386 3786 secunde,
1410 3729 1446 3775 sic
1468 3729 1545 3775 etlam
1563 3727 1746 3778 declinationes
1764 3728 1798 3778 ed

434 3802 547 3851 secunda
565 3804 683 3847 extensae
708 3799 770 3856 sint,
796 3813 858 3860 quea
877 3799 902 3846 10
922 3798 1011 3845 tabula
1029 3798 1158 3860 llpitomss
1184 3798 1372 3849 desiderantur:
1395 3797 1484 3846 itidem
1507 3799 1600 3846 omissa
1621 3804 1679 3847 sunt
1699 3800 1798 3847 010000·

435 3876 521 3920 ments
544 3870 570 3916 10
600 3869 662 3917 10¹.»
710 3868 776 3916 Loco
803 3867 908 3916 tabulae
928 3868 1056 3929 Epiiemes
1080 3867 1225 3915 addidimus
1258 3866 1329 3915 illam
1353 3880 1384 3914 ex
1402 3865 1581 3929 Rudolphinis,
1603 3868 1716 3916 tabulam
1740 3882 1798 3917 reto

436 3941 595 3989 ascensionis
619 3939 744 4001 obliquae,
771 3951 835 4001 quae
853 3938 879 3984 10
901 3939 979 3998 prims
1002 3937 1112 3985 editione
1131 3938 1259 3998 Epitomes
1284 3938 1396 3998 sequitur
1417 3935 1502 3997 illem,
1526 3952 1581 3984 rum
1606 3938 1674 3986 horis
1698 3950 1799 3986 occasus

433 4011 476 4059 vei
495 4016 564 4057 ortus
584 4010 650 4057 Solis
669 4013 693 4055 et
711 4007 803 4068 angulo
821 4008 887 4055 inter
908 4008 1049 4068 eclipticam
1069 4012 1093 4055 at
1111 4008 1264 4055 horizontem
1284 4007 1460 4068 (Llnzlensem)
1478 4007 1504 4056 in
1528 4007 1663 4055 sditionem
1686 4012 1797 4056 nocuum

436 4080 623 4129 mansinilmrrs.
1370 4115 1374 4123 .

543 4166 571 4213 ln
589 4166 640 4213 tab.
660 4163 724 4214 Rud.
743 4164 790 4212 hoc
809 4166 968 4224 subiunctum
988 4168 1024 4211 est
1037 4163 1179 4225 praemissis
1201 4163 1388 4224 ‹exemplumse
1407 4158 1569 4228 Quaerenda
1587 4159 1623 4214 sii
1640 4174 1695 4216 aaa.
1714 4164 1798 4229 10010,

436 4240 584 4297 declinatio
604 4233 638 4293 et'
650 4239 779 4308 angulus,
806 4236 975 4307 respondens
993 4243 1093 4305 puncto
1113 4235 1255 4304 eclipticas
1272 4238 1305 4292 0⁰
1322 4242 1347 4293 'l‘
1368 4238 1417 4293 120
1440 4249 1478 4301 )(.
1516 4239 1582 4294 Cum
1601 4239 1631 4293 00
1651 4247 1680 4300 )(
1702 4254 1798 4296 excer-

434 4326 541 4393 pantar
559 4335 613 4373 asc.
633 4326 724 4373 rectae
743 4319 810 4373 3320
827 4335 860 4373 cx
880 4315 1036 4385 columella,
1060 4316 1103 4371 cui
1123 4314 1274 4384 subjectum
1294 4324 1336 4371 est
1355 4318 1461 4385 signum
1482 4325 1532 4384 )(,
1551 4333 1634 4372 unum
1653 4333 1687 4371 ex
1705 4333 1799 4374 ascen

435 4400 512 4457 denti
531 4397 711 4462 semicircuio;
732 4414 765 4452 ex
785 4397 931 4453 columella
950 4411 1013 4448 vero
1032 4412 1121 4464 scrup.
1142 4411 1236 4449 comm
1251 4408 1434 4468 excerpuutur
1453 4398 1477 4452 6·
1492 4399 1552 4464 170,
1572 4412 1606 4451 ex
1625 4395 1798 4452 intercolum-

435 4481 482 4536 nio
501 4478 697 4530 incrementum
716 4477 792 4532 5720.
832 4478 859 4530 Si
879 4476 906 4529 id
925 4473 1121 4544 multiplicetur
1139 4475 1210 4529 1070
1231 4476 1289 4536 12¹¹,
1310 4475 1589 4541 000001001011118;
1619 4473 1709 4530 deleta
1733 4490 1798 4531 vero

435 4560 525 4627 figura
542 4554 638 4609 ultima
655 4554 723 4608 fiunt
743 4556 802 4625 112,
821 4555 848 4611 h.
862 4555 922 4609 00
941 4555 994 4610 520
1013 4569 1075 4623 pars
1089 4554 1306 4625 proportionalis.
1343 4555 1456 4621 (Eadem
1479 4554 1696 4623 compendiosius
1715 4555 1798 4611 habe·

435 4645 482 4694 tur
492 4636 546 4693 sic:
565 4636 729 4689 incremento
743 4633 842 4688 desunt
850 4636 903 4690 290
916 4634 950 4689 00
962 4634 1099 4705 implenda
1108 4637 1185 4703 0000,
1198 4636 1265 4690 haec
1278 4636 1306 4689 in
1319 4635 1369 4704 70,
1383 4632 1713 4703 01011101100100001201,
1726 4635 1799 4691 0000

435 4717 550 4772 absecta
568 4712 675 4780 ultima,
703 4712 772 4767 dunt
798 4714 833 4769 20
844 4720 857 4781 ’,
877 4730 947 4784 quae
965 4713 1043 4769 auier
1058 4730 1075 4768 a
1091 4716 1117 4769 7‘
1139 4715 1195 4783 120,
1214 4722 1299 4770 restat
1316 4717 1341 4770 ii'
1360 4714 1411 4769 520
1430 4728 1494 4782 pure
1512 4728 1592 4783 prop.
1613 4730 1683 4784 quac
1701 4715 1796 4784 prius.)

436 4796 518 4853 Adde
535 4794 617 4861 igitur
633 4793 707 4847 illam
725 4796 756 4847 ad
776 4793 842 4850 3320
860 4793 885 4848 θ’
905 4794 963 4854 170,
982 4795 1013 4848 111
1032 4795 1156 4863 quaesita
1174 4811 1228 4850 esc.
1247 4801 1321 4849 recta
1340 4792 1405 4848 3320
1424 4793 1464 4847 13’
1483 4792 1525 4846 90.

545 4874 611 4927 Cum
630 4870 723 4925 eodem
736 4874 767 4928 00
787 4879 815 4931 )(
838 4872 992 4941 excerpitur
1011 4865 1155 4927 declinatio
1169 4875 1216 4928 110
1235 4874 1278 4928 300
1296 4873 1360 4931 19ος
1381 4860 1578 4924 intercolrimnii
1597 4869 1797 4927 decrementum

437 4961 481 5010 est
499 4953 577 5020 2120,
596 4967 650 5021 quo
668 4951 695 5005 in
713 4952 739 5005 7’
757 4951 808 5005 120
827 4950 1017 5020 multiplicato,
1035 4950 1104 5007 fiunt
1124 4951 1202 5020 1526,
1220 4959 1249 5005 01
1272 4951 1374 5018 rejecta
1401 4947 1495 5003 ultima
1517 4950 1595 5018 1530,
1613 4949 1641 5002 h.
1659 4964 1683 5003 e.
1702 4948 1728 5002 2¹
1745 4950 1798 5006 330

437 5030 633 5097 subtrahenda,
652 5035 683 5084 01
701 5030 737 5086 011
751 5030 828 5098 justa
847 5029 914 5085 deci.
938 5030 983 5083 110
1000 5029 1043 5084 28¹
1061 5031 1121 5097 100,
1140 5036 1237 5098 estque
1255 5026 1446 5096 meridionalis,
1466 5034 1497 5082 ut
1515 5029 1631 5097 signum.

547 5117 591 5173 Sic
614 5116 728 5185 angulus
756 5118 840 5174 0000
860 5126 888 5179 )(
911 5117 1098 5183 69020300,
1122 5117 1237 5173 decrem.
1266 5118 1326 5183 113,
1352 5116 1426 5185 quod
1453 5116 1563 5171 ductum
1590 5116 1661 5171 107·
1685 5117 1799 5175 120001

440 5203 503 5268 313,
522 5206 551 5254 01
568 5198 679 5254 absecta
700 5197 795 5254 ultima
817 5200 877 5268 810,
897 5197 925 5251 h.
943 5213 966 5252 e.
987 5197 1011 5251 1·
1030 5196 1092 5266 210,
1119 5203 1150 5251 01
1172 5197 1207 5250 sit
1225 5195 1342 5265 angulus
1364 5193 1459 5263 justus
1477 5196 1527 5252 090
1547 5196 1587 5253 190
1605 5197 1659 5253 100
1676 5202 1705 5253 01
1721 5195 1797 5256 ised

442 5279 590 5352 01010000,
610 5276 713 5350 quippe
729 5277 862 5337 formatas
879 5276 914 5335 ab
932 5293 998 5336 arcu
1016 5278 1142 5348 sequenti
1159 5272 1322 5334 semcucui
1339 5272 1519 5340 “candentis
