4459 6275
702 777 745 833 Da
760 777 833 835 aaut
850 777 1019 848 Quantitate
1028 785 1056 835 at
1072 778 1315 849 Aequinoctioruur
1325 778 1531 838 10144444ιὶ414.
1751 783 1792 844 93

435 964 563 1036 occupat
591 955 690 1017 bodie.
735 956 882 1036 Compara
909 974 975 1026 cum
1004 959 1097 1019 altero
1120 966 1292 1036 argumento
1323 975 1360 1019 ex
1392 959 1506 1019 theoria
1528 956 1646 1032 Martis,
1681 958 1733 1016 ubi
1756 955 1792 1016 da

435 1043 541 1105 eadem
564 1043 623 1104 dxa
645 1044 795 1121 agebatur.
838 1089 840 1093 a

494 1131 497 1139 '
527 1132 617 1192 Anno
641 1139 791 1209 sequente,
816 1135 951 1210 quierat
973 1132 1179 1207 29414011,
1203 1131 1230 1192 d.
1248 1132 1381 1194 911411.
1404 1133 1433 1192 11.
1457 1137 1486 1195 3.
1509 1134 1604 1193 1144114
1627 1134 1793 1209 incipiente,

435 1218 521 1280 Luna
542 1218 642 1285 media
661 1236 716 1281 aua
738 1219 852 1297 apside,
875 1238 952 1298 quae
974 1228 1020 1283 441
1040 1221 1079 1280 ad
1102 1229 1197 1280 ortum
1221 1221 1467 1298 aequinoctialem
1489 1216 1796 1300 ’1444141318ρί-

436 1322 532 1382 cam3.
547 1310 664 1368 transiit
684 1316 783 1369 autem
806 1307 911 1385 Spica,
938 1309 1073 1370 auferens
1097 1311 1232 1370 trientem
1261 1309 1394 1370 diametri
1416 1307 1519 1369 Lunae
1549 1325 1651 1369 versus
1675 1308 1795 1369 boream

437 1403 586 1458 accurate.
632 1395 723 1473 Atqui
754 1406 891 1473 computo
918 1396 1142 1473 1424444111.
1173 1396 1318 1474 completa
1345 1396 1467 1457 limbum
1496 1395 1665 1456 orientalem
1691 1395 1795 1455 Lunae

435 1485 466 1542 iu
490 1481 550 1543 210
572 1484 625 1543 280
649 1480 705 1566 lii),
734 1491 863 1544 centrum
885 1479 927 1564 Θ
953 1487 980 1543 1.
1004 1484 1241 1544 3444414141.
1267 1485 1361 1545 41414
1383 1493 1523 1562 punctum
1547 1484 1689 1557 diametri,
1713 1481 1794 1559 quod

436 1575 574 1631 trientem
596 1569 751 1646 abscindit,
773 1573 804 1630 in
831 1571 864 1630 i⁰
887 1572 949 1646 990,
982 1587 1049 1630 cum
1072 1580 1150 1632 44441
1172 1572 1260 1633 stella
1282 1575 1311 1631 in
1335 1569 1392 1631 210
1415 1574 1468 1631 260
1491 1568 1549 1654 iili,
1578 1571 1629 1631 lat.
1652 1569 1795 1630 hodierna

439 1655 473 1718 10
503 1661 567 1720 390.
617 1657 679 1718 Aut
711 1659 737 1716 si
769 1656 806 1719 tle
834 1660 928 1738 primo
958 1661 1091 1735 ingressu
1122 1655 1164 1740 Θ
1196 1660 1288 1719 verba
1317 1666 1386 1719 sunt
1420 1662 1565 1736 exquisite
1601 1656 1794 1727 observanda,

434 1745 544 1824 Spicea
565 1742 616 1804 illo
639 1753 770 1824 tempora
792 1745 917 1805 latitudo
941 1747 1086 1807 tribuetur
1113 1749 1146 1805 1⁰
1170 1746 1222 1806 540
1244 1756 1333 1807 austr.

445 1878 447 1880 -
524 1833 613 1892 Auno
642 1852 671 1893 a.
700 1833 753 1892 Cb.
788 1835 861 1897 283.
894 1836 944 1893 29.
967 1831 1038 1893 Jau.
1071 1833 1269 1894 Alexandriae
1295 1835 1324 1893 11.
1355 1836 1384 1897 3.
1418 1836 1513 1894 noctis
1548 1832 1697 1894 desinente
1727 1849 1796 1913 pars

434 1921 540 1982 nanae
564 1927 653 1980 auctr.
677 1919 953 1999 dimidiaingressa
979 1929 1024 1980 est
1054 1923 1084 1980 in
1107 1924 1297 1999 posteriorem
1326 1921 1375 1982 vel
1403 1925 1554 1983 semissem
1583 1922 1633 1982 vel
1656 1924 1790 1982 trientem

435 2007 592 2069 Pleiadum
613 2010 759 2068 accurate.
802 2009 869 2068 Non
893 2016 937 2068 est
960 2006 1078 2085 quidem
1100 2009 1174 2069 baec
1198 2010 1364 2071 observatio
1388 2017 1469 2069 extra
1492 2026 1608 2071 ornnem
1625 2008 1790 2070 dubitatio·

433 2099 479 2156 uia
503 2096 600 2156 aleam
621 2097 728 2174 posita,
751 2096 832 2172 quod
853 2096 939 2157 facila
962 2105 1084 2175 apparet
1112 2097 1289 2174 expendenti
1320 2097 1438 2174 singula
1460 2098 1559 2158 verba.
1605 2096 1790 2156 Probabilis-

437 2185 532 2244 simua
556 2191 653 2243 tamen
676 2195 806 2261 punctus
825 2186 899 2244 iuter
921 2184 1023 2244 stellas
1046 2184 1176 2245 Pleiadis
1199 2185 1253 2245 init
1281 2188 1310 2243 iu
1334 2181 1392 2243 270
1415 2186 1467 2243 3110
1493 2185 1541 2265 Υ,
1566 2201 1631 2244 curn
1654 2183 1706 2244 lat.
1731 2184 1793 2243 bor.

437 2267 472 2331 30
498 2272 567 2344 330,
599 2279 629 2330 41
657 2279 794 2349 computo
824 2271 983 2347 agenore
1012 2288 1071 2331 non
1096 2273 1125 2331 3.
1160 2271 1213 2332 sed
1238 2277 1264 2333 1.
1290 2271 1436 2351 completa
1465 2280 1533 2350 port
1555 2271 1633 2332 Solia
1657 2288 1794 2332 occasum

436 2366 572 2420 centrum
595 2357 697 2418 Lunae
721 2358 875 2419 visibiliter
896 2360 926 2416 iu
950 2354 1007 2417 210
1029 2353 1113 2440 5901,
1133 2359 1181 2433 Υ,
1212 2361 1264 2419 141.
1287 2359 1371 2419 limbi
1398 2375 1457 2418 non
1480 2359 1633 2433 australia,
1662 2359 1715 2420 sed
1739 2360 1797 2419 bo-

437 2445 529 2506 realis
556 2439 590 2504 30
615 2447 667 2505 540
694 2447 755 2506 bor.
801 2447 847 2506 De
875 2444 1037 2524 sphalmata
1061 2469 1156 2514 norror
1183 2463 1236 2524 pro
1258 2448 1372 2527 βορειος
1401 2447 1474 2506 1111111
1498 2454 1543 2506 441
1574 2464 1625 2507 4111
1655 2445 1796 2507 dubitem.

436 2533 515 2593 Nam
539 2534 733 2610 nonagesimo
755 2534 847 2611 gradu
870 2532 956 2594 valde
972 2533 1040 2607 ,alto
1057 2536 1208 2608 existente,
1233 2550 1355 2612 parvum
1378 2541 1423 2593 est
1444 2535 1622 2611 aparallaxl
1640 2534 1797 2610 adjumen·
1838 2559 1841 2563 ’

437 2628 500 2681 tum
523 2620 679 2698 augendae
701 2620 850 2681 latitudini
873 2616 984 2680 visibili
1012 2620 1444 2695 144421414414111111144,
1475 2638 1551 2697 quas
1579 2639 1635 2698 ego
1658 2624 1796 2700 anticipo.
1918 2618 1921 2631 '

437 2708 636 2787 Nequaquam
668 2710 756 2784 igitur
785 2711 862 2768 intra
876 2716 997 2786 'tempus
1026 2717 1087 2769 tam
1118 2709 1207 2769 breve
1237 2708 1299 2768 fieri
1322 2711 1444 2788 poterit,
1474 2716 1507 2768 ut
1529 2709 1636 2768 limbus
1659 2710 1798 2769 australis

434 2813 487 2874 per
512 2798 568 2857 300
589 2794 716 2874 amplius
739 2797 769 2854 in
793 2797 912 2857 boream
935 2796 1093 2871 attollatur,
1118 2805 1151 2858 ut
1172 2814 1213 2857 sc.
1236 2805 1378 2876 appareat
1399 2796 1456 2872 ibi,
1479 2798 1532 2857 ubi
1554 2796 1592 2856 ad
1615 2805 1795 2858 momentum

437 2886 623 2962 mugnanm
648 2884 785 2944 iurentur
807 2892 854 2944 est
875 2884 982 2961 limbus
1004 2884 1121 2945 boreus.

528 2968 642 3031 Eodem
669 2973 842 3035 44114283.
869 2988 896 3032 a
920 2970 990 3044 014,
1020 2975 1115 3033 1144114
1137 2988 1214 3049 quae
1241 2972 1375 3047 sequitur
1411 2970 1543 3031 91144.
1574 2970 1648 3031 hora
1677 2973 1727 3030 10.
1760 2987 1797 3030 ex

439 3057 562 3119 dimidio
585 3061 763 3133 transmissa,
793 3076 860 3119 cum
882 3053 924 3141 Θ
947 3074 984 3118 ex
1005 3059 1156 3121 horizonte
1185 3061 1364 3133 emersisset,
1398 3061 1535 3136 apparuit
1558 3057 1646 3136 Spica
1677 3065 1798 3134 tangere

440 3146 591 3209 borealem
606 3147 670 3223 ejus
686 3155 798 3226 partem
810 3156 953 3208 accurate.
976 3147 1068 3225 Atqui
1084 3156 1222 3227 computo
1239 3164 1295 3224 ego
1314 3146 1395 3207 horis
1413 3149 1441 3207 9.
1458 3148 1510 3206 300
1524 3157 1592 3226 post
1604 3144 1647 3228 Θ
1659 3163 1796 3207 occasum

439 3233 638 3296 Alexandriae
666 3241 796 3295 centrum
818 3230 860 3316 0)
883 3236 912 3293 iu
936 3231 994 3294 210
1016 3230 1191 3321 41010111),
1222 3252 1287 3297 eum
1318 3230 1818 3317 4444184144142103601111,

439 3322 626 3384 latitudinem
651 3324 746 3382 visam
768 3316 852 3383 limbi
873 3322 936 3382 bor.
964 3319 996 3380 10
1019 3320 1115 3405 530[,0
1137 3331 1244 3397 austu,
1275 3340 1340 3383 cum
1363 3322 1452 3400 Spica
1473 3321 1562 3383 hodie
1592 3322 1642 3385 lat.
1666 3321 1799 3381 obtineat

442 3408 475 3470 10
493 3410 546 3470 530
569 3419 660 3469 austr.
704 3410 809 3488 Itaque
832 3416 911 3471 tecta
932 3409 1036 3470 1414441
1056 3409 1115 3470 lixa
1137 3410 1257 3471 aLuna
1280 3412 1482 3489 coepiseatque
1505 3427 1651 3489 emergere
1674 3427 1693 3468 a
1715 3416 1798 3487 parte

440 3499 546 3558 Lunae
569 3500 645 3557 inter
668 3498 788 3558 boream
810 3504 839 3558 et
862 3496 1080 3559 occidentalem.
1126 3499 1188 3558 Aut
1209 3502 1234 3557 si
1258 3497 1348 3559 verba
1371 3498 1569 3558 observatoris
1593 3500 1629 3560 de
1651 3498 1797 3576 ipsissimo
1845 3528 1849 3540 «

441 3594 554 3666 puncto
584 3581 697 3645 borcali
724 3587 850 3646 maxime
879 3594 977 3647 creent
1003 3586 1209 3663 intelligenda,
1230 3594 1311 3644 ¹tunc
1338 3585 1411 3646 haec
1434 3583 1604 3647 observatio
1634 3591 1797 3657 testaretur,

440 3675 551 3753 Spicea
565 3670 757 3732 latitudinem
780 3673 851 3732 olim
872 3674 962 3733 inisse
984 3675 1125 3734 minorem
1148 3689 1237 3750 quarn
1260 3671 1357 3745 bodie,
1381 3674 1446 3731 cuin
1469 3680 1566 3733 tamen
1584 3673 1722 3745 Brabeus,
1748 3674 1800 3749 qui
1829 3698 1832 3724 ι

442 3761 627 3838 obliquitatis
649 3762 841 3820 mutationem
863 3762 981 3838 recipit,
1014 3778 1050 3821 ex
1073 3762 1136 3821 auis
1157 3761 1318 3820 ratiociniis
1340 3768 1463 3836 cogatur
1485 3759 1590 3837 Spirae
1615 3758 1799 3820 latitudinem

418 3849 609 3925 ‘relinquere
639 3848 851 3908 invariabilem.
907 3847 1053 3924 Compara
1087 3865 1157 3925 ergo
1189 3846 1267 3908 hauc
1300 3846 1536 3909 observationem
1571 3865 1636 3910 cum
1670 3844 1800 3907 secunda

443 3935 613 3999 4441294.
1170 3965 1174 3972 -

534 4019 700 4082 1111114011.
726 4022 776 4081 92.
807 4019 958 4081 291141.
989 4019 1018 4079 h.
1052 4022 1201 4082 4441143.
1231 4012 1388 4099 incipiente
1419 4020 1522 4081 Lunae
1554 4037 1644 4081 cornu
1673 4018 1800 4080 australe

446 4108 611 4173 occultavit
640 4116 811 4186 sequentem
844 4106 1001 4184 4141141411
1034 4116 1147 4186 partem
1178 4107 1317 4169 Pleiadls.
1371 4108 1462 4186 Atqui
1504 4116 1640 4188 computo
1672 4108 1751 4167 boris
1781 4110 1800 4165 2

441 4196 710 4282 aequinoctialibus
756 4204 825 4275 poet
861 4213 999 4256 occasum
1027 4193 1071 4277 Θ
1109 4199 1137 4255 in
1169 4196 1310 4274 Bithynia
1347 4197 1500 4275 completis
1531 4205 1660 4257 centrum
1687 4189 1729 4276 Q
1763 4192 1801 4253 ad

444 4290 544 4348 risum
566 4288 597 4345 iu
619 4281 657 4343 20
682 4286 735 4344 510
765 4284 816 4360 ὅ,
845 4300 911 4344 44111
933 4284 984 4343 lat
1006 4282 1090 4343 limbi
1111 4292 1202 4343 austr.
1227 4281 1263 4343 40
1285 4283 1415 4360 avion,
1440 4301 1505 4345 cum
1528 4284 1610 4344 locus
1632 4285 1707 4343 inter
1728 4281 1803 4340 fixas

445 4371 547 4452 quoad
560 4370 773 4450 longitudinem
795 4371 912 4449 quidem
934 4371 1100 4449 ambigatur
1122 4374 1198 4431 inter
1221 4371 1291 4431 241
1313 4369 1358 4445 δῖ’
1371 4380 1401 4444 41
1416 4370 1514 4445 aa&
1544 4368 1726 4445 41113τὸ,
1749 4367 1801 4429 sed

444 4459 634 4523 latitudinem
655 4458 744 4519 bodie
766 4458 875 4520 habeat
896 4460 925 4519 4.
950 4461 969 4518 2
992 4458 1094 4519 4414.
1119 4454 1184 4541 201,
1208 4458 1270 4518 bor.
1351 4457 1356 4464 '

535 4547 624 4609 Anno
657 4544 710 4609 Cb.
735 4547 786 4607 98.
822 4547 872 4606 10.
899 4545 969 4607 Jan.
999 4563 1060 4624 req,
1095 4550 1191 4608 noctis
1223 4546 1252 4605 11.
1286 4549 1335 4608 11.
1369 4546 1490 4624 impleta
1519 4545 1606 4606 refert
1638 4541 1802 4617 Menelaus,

444 4638 561 4698 Romae
582 4637 757 4697 observasse
777 4633 895 4713 Spicum
918 4653 936 4694 a
959 4634 1044 4696 Luna
1066 4634 1263 4713 occultatam,
1292 4649 1353 4693 nou
1377 4637 1453 4694 euim
1477 4635 1572 4693 visam
1594 4650 1658 4694 4444
1674 4631 1802 4711 Spicum,

444 4734 476 4787 at
498 4726 528 4785 ia
555 4727 605 4783 11.
629 4723 780 4784 desinente
809 4729 971 4800 spectatam
995 4739 1061 4783 esse
1087 4720 1313 4799 praecedentem
1337 4730 1467 4782 centrum
1492 4720 1593 4782 Lunae
1615 4723 1712 4779 minus
1735 4718 1802 4777 dia·

444 4821 541 4874 metro
564 4813 667 4890 ipsius,
690 4810 855 4887 aequaliter
878 4810 1034 4871 distantem
1057 4829 1077 4871 a
1099 4812 1246 4871 cornibus.
1291 4810 1382 4887 Atqui
1415 4815 1553 4886 computo
1576 4816 1643 4887 post
1666 4822 1803 4867 occasum

444 4900 526 4961 Solis
548 4900 628 4960 boris
650 4901 768 4975 aequin.
795 4893 878 4979 ll¹l,
902 4896 1024 4958 limbum
1046 4914 1106 4958 444.
1122 4896 1224 4959 Lunae
1240 4898 1277 4955 in
1302 4896 1359 4956 260
1378 4896 1429 4956 460
1452 4893 1509 4979 iii),
1531 4894 1583 4955 lat.
1608 4895 1697 4955 centri
1715 4895 1742 4951 1.
1761 4894 1801 4952 33

444 4995 555 5063 austu,
577 4999 645 5049 cum
667 4984 906 5047 44441414114111
929 4983 986 5046 260
1009 4981 1106 5066 ⁵⁸'le‘
1129 4983 1188 5069 tp,
1210 4983 1373 5044 1411144114
1400 4987 1427 5043 1.
1453 4984 1506 5043 bil‘
1527 4990 1616 5043 411411.
1624 5027 1634 5061 ,
1665 4982 1749 5058 quasi
1774 4987 1805 5040 et

446 5076 497 5137 bic
518 5075 608 5152 hujus
629 5073 733 5135 stellae
755 5072 897 5148 latitudo,
924 5080 1068 5150 utsupra
1091 5074 1152 5147 bla,
1181 5072 1268 5132 luerit
1292 5074 1320 5134 1.
1345 5071 1395 5130 53.
1419 5076 1526 5146 austu,
1560 5067 1704 5147 siquidem
1734 5084 1804 5129 vere

446 5172 479 5226 41
499 5170 604 5225 exacta
625 5161 789 5240 aequaliter
810 5180 830 5223 a
851 5160 988 5223 cornibus
1009 5159 1100 5240 Spica
1122 5160 1256 5222 abluerit

534 5250 649 5313 Eodem
670 5266 747 5311 anuo
769 5248 839 5311 Jan.
866 5251 914 5309 13.
937 5245 1229 5331 perterrerentur.
1252 5242 1385 5326 prioris),
1409 5242 1561 5306 desinente
1583 5244 1613 5310 11.
1637 5246 1686 5303 11.
1709 5244 1805 5305 1144114
