4459 6275
911 780 1327 854 massmannum
1728 783 1792 845 rer
1854 750 1894 801 ·⁴

443 959 521 1020 41444
542 965 676 1022 motuum
697 960 860 1023 mediorum
878 962 1108 1041 speculationem
1130 958 1246 1040 444411,
1276 959 1458 1040 deprehensa
1478 958 1633 1023 mentm
1653 960 1799 1038 1444444·

441 1049 514 1109 itate
535 1056 670 1109 motuum
690 1049 826 1111 44441441.
853 1047 990 1131 (nescivi
1013 1051 1165 1129 hucusque
1196 1051 1244 1111 18.
1267 1048 1353 1111 Jnuii
1378 1044 1484 1129 1824.)

529 1135 616 1195 Anno
646 1146 744 1198 144444
769 1138 862 1197 1414.
885 1138 914 1201 d.
946 1140 996 1197 24.
1021 1139 1105 1199 Febr.
1135 1154 1222 1199 mane
1249 1136 1333 1197 44.
1367 1135 1547 1213 0444441444
1574 1134 1651 1196 sidit
1679 1133 1798 1197 0414441
1850 1130 1853 1136 ’

441 1217 560 1283 41411414
584 1222 818 1285 141144444414
848 1242 914 1285 eum
941 1225 1126 1288 444444441
1152 1226 1240 1286 tertia
1264 1225 1367 1285 1444114
1389 1223 1568 1301 8444414414.
1611 1222 1799 1300 0444141144

403 1382 405 1395 Ι
441 1306 546 1369 4141144
569 1309 887 1373 144414144444414
910 1308 968 1372 240
990 1311 1042 1372 450
1067 1316 1121 1392 lii,
1150 1311 1201 1373 let.
1227 1307 1261 1371 10
1283 1310 1336 1372 440
1357 1310 1510 1385 australis,
1539 1307 1649 1371 41240
1675 1310 1724 1369 110
1748 1312 1799 1390 114,

441 1394 493 1457 lat.
525 1393 561 1456 40
583 1400 637 1456 220
663 1408 752 1459 44414.
758 1441 768 1473 ,
801 1398 966 1461 differentes
993 1402 1024 1458 ln
1051 1398 1207 1461 latitudine
1235 1415 1288 1478 per
1317 1395 1353 1458 80
1376 1398 1444 1474 280,
1475 1398 1506 1460 14
1533 1395 1717 1474 longitndine
1747 1414 1799 1475 per

441 1479 479 1545 00
500 1482 568 1558 260,
591 1480 615 1563 5
638 1502 708 1546 sero
731 1485 852 1547 1411441
875 1485 1058 1548 latitudinem
1081 1486 1250 1549 44444120
1275 1486 1324 1546 190
1346 1486 1422 1560 bon,
1457 1484 1591 1546 41044444
1613 1502 1633 1546 a
1653 1484 1798 1563 superiori

441 1571 470 1629 in
492 1569 648 1632 latitudine
669 1590 722 1650 444
744 1570 780 1633 40
804 1574 863 1647 190,
887 1581 1033 1652 competet
1055 1575 1144 1652 igitur
1165 1577 1193 1635 el
1216 1572 1380 1634 4144444114
1400 1571 1593 1649 longitudinis
1608 1567 1705 1655 lllss‘
1727 1574 1799 1632 crit-

441 1674 501 1735 que
524 1653 548 1737 5
571 1660 600 1718 iu
624 1657 682 1720 240
707 1657 876 1741 18040114,
899 1679 965 1722 eum
989 1679 1045 1738 ego
1068 1670 1235 1739 computem
1258 1657 1315 1720 240
1331 1655 1426 1742 56²5*
1449 1671 1501 1741 14,
1523 1658 1595 1721 solis
1621 1658 1671 1719 110
1692 1660 1798 1719 441444.

442 1743 526 1821 Quae
548 1748 753 1823 propinquitas
776 1750 991 1809 observationis
1013 1757 1043 1811 et
1065 1748 1170 1810 calculi
1192 1756 1331 1826 suspecta
1350 1746 1423 1808 mihi
1445 1755 1500 1820 est,
1523 1763 1589 1807 cum
1610 1757 1689 1807 4444
1715 1747 1797 1806 1482

441 1841 473 1893 41
499 1833 583 1892 1484
611 1832 775 1895 differentia
797 1836 884 1896 144411
907 1837 959 1898 400
981 1838 1010 1895 14
1035 1835 1138 1898 codem
1160 1839 1255 1915 41444.
1298 1834 1451 1912 Perpende
1472 1835 1570 1913 igitur,
1596 1832 1705 1895 lineam
1726 1834 1799 1894 satis

441 1935 506 1980 esse
529 1919 652 1998 leugam
667 1916 780 2004 (1¹5⁰)
804 1930 833 1983 et
855 1923 941 1984 144114
964 1927 1051 1985 amari
1074 1927 1153 1984 41444
1168 1925 1401 1985 aestimationem
1420 1928 1540 1984 4444144
1554 1921 1740 1983 incidentiae.
1755 1952 1797 1967 -

529 2004 627 2083 Quid
649 2011 703 2068 ait
725 2012 948 2089 praestitum
971 2012 1007 2068 ln
1028 2011 1188 2088 epochis
1211 2010 1364 2072 Saturni
1389 2008 1648 2072 collocandis.
1686 2005 1798 2069 Obser-

439 2095 575 2155 vationes
597 2089 620 2173 5
643 2097 673 2154 in
696 2096 868 2160 Ptolemaeo
901 2098 1220 2177 4441441444414444
1248 2115 1337 2175 quam
1364 2099 1503 2175 4414444.
1549 2093 1798 2157 [1444410441-
1891 2146 1900 2157 .

440 2179 580 2243 dacorum
603 2201 631 2242 a
657 2184 706 2245 82.
737 2182 784 2244 414
809 2187 839 2245 2.
862 2184 1004 2246 Xanthioi
1028 2189 1161 2266 vesperi,
1191 2184 1282 2262 4444·
1299 2202 1335 2246 44
1358 2184 1415 2246 444
1438 2183 1602 2247 Ptolemaei
1634 2184 1798 2260 luterpretis

438 2268 584 2329 14114414
608 2269 675 2330 Chr.
699 2288 776 2330 anno
800 2274 873 2332 229.
897 2272 925 2333 4.
952 2276 978 2334 1.
1002 2272 1109 2336 41441..
1136 2273 1220 2334 Tunc
1241 2269 1265 2353 5
1287 2271 1344 2333 sub
1367 2270 1489 2334 44414411
1513 2270 1692 2354 4444444141
1715 2272 1798 2330 41444

438 2360 526 2416 4412
550 2355 667 2432 digitos.
711 2357 855 2436 Reliquae
878 2367 1004 2437 quatuor
1027 2362 1121 2438 ipsius
1135 2360 1298 2421 Ptolemaei
1312 2368 1390 2433 sunt,
1413 2352 1798 2437 44444144444144444444,
1847 2405 1855 2419 ,

438 2460 513 2520 ques
537 2442 728 2505 Ptolemaeus
751 2462 803 2523 per
825 2448 1058 2509 circumstantiae
1081 2465 1140 2509 nou
1162 2448 1309 2522 describit,
1332 2446 1517 2531 solummodo
1539 2443 1722 2507 4444441444
1743 2461 1797 2504 ex-

437 2532 544 2607 primit,
570 2530 684 2592 ealoqu
707 2535 788 2609 prius
811 2533 939 2595 deducta
965 2532 1093 2614 ’441444
1121 2543 1269 2596 momente
1297 2536 1493 2612 oppositionis
1522 2551 1589 2595 4444
1611 2530 1797 2601 4444141444

432 2614 497 2698 Θ,
531 2619 1107 2696 441444444144441414111410180
1133 2625 1206 2697 ὲ,
1240 2620 1275 2683 90
1297 2620 1349 2682 400
1380 2621 1432 2696 l,
1467 2618 1597 2681 140140
1620 2620 1677 2701 ,53
1709 2636 1797 2679 44444

437 2712 522 2766 44144
549 2708 637 2765 situm
670 2708 867 2786 acronychum
897 2712 927 2768 ln
961 2708 996 2774 90
1022 2710 1070 2770 140
1091 2719 1165 2784 m,
1197 2708 1317 2786 quando
1338 2704 1381 2791 Q)
1412 2716 1459 2771 eat
1487 2708 1645 2771 observato
1674 2705 1796 2767 dimidio

437 2791 546 2870 444444
570 2792 663 2868 41144,
686 2796 754 2859 1.,4.
778 2798 808 2854 14
833 2795 868 2858 90
890 2796 943 2855 450
963 2807 1039 2862 mr
1063 2798 1237 2859 observatus
1260 2804 1306 2859 441
1327 2793 1350 2876 5
1373 2795 1412 2857 44
1435 2796 1544 2858 claram
1566 2794 1721 2875 Hyadum,
1744 2792 1797 2855 sed

435 2878 567 2940 lubricae
590 2889 659 2941 aunt
681 2884 946 2944 circumstantiae.v

525 2964 659 3043 Quatuor
681 2970 770 3047 igitur
792 2970 981 3032 Ptolemalcia
1003 2970 1123 3031 Saturni
1145 2971 1219 3032 locis
1248 2988 1301 3048 per
1326 2967 1360 3031 10
1382 2970 1412 3033 40
1434 2972 1577 3049 promotis
1605 2972 1636 3029 in
1656 2983 1797 3029 numera·

397 3128 401 3134 Ι
435 3055 515 3115 11444
541 3057 693 3133 signorum
723 3056 837 3119 zodiaci
867 3068 897 3119 41
927 3061 1104 3135 comparatis
1134 3057 1206 3119 locis
1228 3056 1272 3141 Θ
1304 3061 1402 3132 verb,
1431 3057 1604 3120 ditiorerrtils
1627 3074 1698 3118 neco
1720 3058 1796 3116 inter
1887 3096 1894 3107 ·

435 3145 532 3203 414444
554 3141 652 3204 locum
674 3141 698 3223 5
721 3153 751 3205 et
775 3163 812 3213 00
841 3146 879 3223 Θ
904 3163 1005 3207 nerum
1026 3150 1111 3207 nonis
1133 3148 1266 3225 partibus
1288 3147 1432 3226 (dictante
1453 3147 1510 3208 hoc
1531 3148 1648 3208 orbium
1669 3158 1794 3222 propor-

435 3226 526 3309 tione)
549 3249 651 3292 versus
673 3228 716 3312 Θ
739 3236 867 3293 extensis
889 3252 909 3294 a
929 3235 1004 3294 locis
1027 3232 1050 3314 5
1073 3236 1162 3309 visis,
1185 3234 1253 3295 loca
1275 3237 1436 3296 eccentrica
1459 3231 1482 3314 5
1506 3237 1537 3294 iu
1560 3234 1700 3311 ecliptica
1720 3232 1794 3292 mihi

433 3326 648 3397 provenerunt:
677 3320 711 3378 20
734 3319 786 3379 280
811 3324 883 3394 ὲ,
916 3319 971 3382 100
994 3321 1045 3382 430
1074 3320 1120 3396 l,
1154 3318 1208 3382 15⁰
1233 3322 1283 3394 100
1306 3322 1358 3403 ᾗ.
1402 3322 1493 3383 Valet
1512 3323 1570 3384 iste
1590 3336 1744 3400 processus
1767 3320 1798 3378 14

434 3402 458 3484 5
481 3414 599 3483 propter
622 3408 700 3467 orbis
722 3407 954 3484 amplitudinem,
978 3409 1062 3486 cnjus
1084 3417 1129 3469 eat
1152 3410 1231 3470 orbla
1253 3407 1296 3491 Θ
1318 3427 1386 3487 pars
1409 3427 1434 3471 4.
1457 3426 1545 3470 4444.
1589 3409 1666 3469 Nam
1688 3408 1716 3469 al
1738 3405 1797 3467 dli·

433 3494 557 3553 icrentia
580 3495 655 3554 14144
677 3493 804 3555 medium
828 3505 858 3557 et
881 3513 982 3556 verum
1003 3496 1102 3557 locum
1124 3493 1167 3578 Θ
1190 3497 1295 3559 luisset
1316 3496 1404 3575 plane
1427 3496 1527 3558 totalis
1550 3492 1586 3575 20
1609 3491 1698 3577 8040,
1727 3509 1798 3573 pars

433 3597 514 3640 4444
543 3580 608 3657 ejus
629 3581 732 3643 1414441
759 3583 816 3655 140,
839 3602 907 3664 pera
930 3582 1045 3644 decima
1070 3583 1128 3644 120.
1173 3584 1238 3644 1144
1268 3586 1367 3662 441411
1391 3585 1480 3661 igitur
1508 3599 1634 3661 maguus
1656 3581 1799 3643 committi

436 3683 516 3729 44444
544 3685 599 3745 444
620 3667 697 3732 4444
721 3669 973 3746 distributionem,
1004 3669 1166 3732 secundum
1196 3671 1277 3732 44414
1297 3674 1515 3750 proportionem
1543 3687 1642 3732 crassa
1664 3669 1799 3730 11144444

435 3764 572 3817 44441444
1162 3808 1166 3814 .
1491 3807 1497 3812 .

523 3842 581 3904 Ρ44
603 3842 677 3904 4444
698 3845 788 3919 igitur
809 3846 866 3903 trie
888 3844 954 3905 loca
977 3846 1131 3906 cccentrici
1154 3853 1184 3906 ct
1205 3862 1258 3922 per
1278 3844 1441 3906 adhibitam
1460 3844 1671 3906 dimensionem
1693 3857 1799 3904 eccen-

435 3931 586 4002 tricitatis,
612 3948 688 4007 4444
710 3930 799 3990 44414
822 3947 859 3990 44
881 3925 1110 3993 accuratissimis
1133 3932 1390 3994 observationibus
1413 3932 1454 3992 40
1477 3935 1682 3993 continuorum
1703 3945 1798 3990 anno-

434 4033 499 4076 rum
520 4017 685 4091 stabilitur,
717 4026 746 4078 41
776 4021 896 4078 44144114
923 4019 1086 4080 intervallis
1109 4020 1351 4080 observationum
1373 4018 1562 4080 Ptolemalcia
1584 4024 1631 4092 (41
1660 4017 1699 4079 44
1722 4033 1798 4094 quae

434 4107 638 4165 constituimus
661 4106 728 4164 1444
751 4101 774 4183 5
798 4109 968 4180 cccentrica,
991 4107 1142 4168 elicientes
1164 4126 1201 4168 44
1222 4126 1259 4169 44
1281 4107 1364 4181 14414,
1388 4124 1464 4183 quae
1479 4106 1669 4167 Ptolemaeus
1692 4112 1797 4183 41444

434 4194 604 4253 4444441414
627 4202 731 4270 41444
754 4193 827 4252 visis
849 4195 935 4253 nobis
957 4193 1184 4268 commendarit,
1208 4197 1317 4273 441444
1338 4196 1455 4271 1414414
1471 4194 1709 4273 oppositionibus
1731 4209 1797 4253 eum
1921 4273 1923 4277 .

434 4280 534 4340 madio
557 4275 616 4361 Θ)
640 4282 752 4340 tentavi
775 4283 873 4340 444144
897 4284 1058 4357 positiones
1081 4281 1191 4360 4444111
1214 4279 1237 4361 5
1261 4292 1291 4343 et
1312 4280 1504 4360 deprehendi,
1537 4281 1618 4360 4444
1640 4283 1738 4359 posito
1761 4295 1798 4341 44

433 4369 465 4425 14
488 4365 546 4426 280
570 4370 624 4447 lii,
658 4377 755 4428 motus
778 4368 894 4429 medius
915 4370 952 4428 ad
977 4380 1109 4446 tempora
1131 4368 1295 4430 Ptolemaei
1325 4373 1369 4431 414
1390 4371 1485 4446 444411
1506 4372 1627 4443 mutari,
1657 4374 1691 4427 nt
1711 4364 1735 4446 5
1758 4366 1798 4427 ad

434 4456 615 4531 praescripta
623 4465 772 4515 momenta
786 4458 923 4532 temporis
934 4459 1046 4517 ratione
1057 4456 1115 4516 loci
1127 4460 1277 4527 cccentrici
1288 4459 1383 4534 possit
1394 4459 1494 4518 venire
1504 4459 1533 4515 in
1546 4453 1582 4515 20
1596 4456 1645 4515 180
1658 4454 1719 4515 2000
1733 4456 1798 4529 ὲ,
1910 4521 1912 4526 ,

440 4541 495 4601 100
526 4543 579 4601 490
609 4540 648 4601 000
678 4540 729 4615 J,
766 4541 820 4601 140
847 4540 895 4602 100
921 4544 982 4603 400
1006 4547 1058 4624 ,5,
1093 4544 1231 4605 deficiens
1259 4547 1288 4602 in
1320 4546 1413 4621 prima
1441 4561 1465 4603 4.
1493 4542 1559 4618 100,
1594 4540 1739 4604 excedens
1767 4543 1798 4600 in

434 4630 521 4689 tertie
548 4628 718 4688 tantundem
748 4631 786 4688 eb
817 4647 867 4701 44,
902 4630 982 4706 4444
1014 4638 1077 4691 4441
1105 4632 1178 4690 milri
1207 4634 1390 4709 propositum
1418 4634 1551 4708 assequi,
1582 4630 1670 4690 iidem
1693 4630 1798 4690 obscr-

433 4718 586 4776 vationum
609 4724 640 4776 41
662 4715 867 4777 deductionurn
884 4718 1181 4779 Ptolemaei-secuto.
1225 4718 1288 4779 Nec
1312 4718 1437 4780 4444144
1451 4718 1570 4779 licentia
1592 4719 1796 4795 propinarem

435 4802 601 4864 adducendi
624 4803 664 4863 44
687 4821 879 4879 consensum,
911 4807 968 4864 nisi
992 4806 1097 4865 vellem
1119 4814 1234 4867 mutare
1256 4807 1553 4867 commemorationes
1576 4813 1739 4865 4441444144
1761 4820 1798 4864 ox

434 4891 690 4952 observationibus
713 4892 880 4969 014444414,
903 4909 980 4969 4444
1003 4899 1073 4963 4441
1094 4894 1214 4969 majoris
1236 4893 1314 4954 fidei.

527 4977 586 5038 044
607 4981 651 5037 414
682 4996 714 5039 44
737 4997 783 5038 res
806 4979 928 5040 4444441
956 4983 984 5037 in
1008 4981 1102 5039 tribua
1125 4981 1327 5059 acronychila,
1357 4987 1462 5056 444414
1484 4981 1575 5040 etiam
1604 4985 1688 5039 44144
1708 4979 1797 5036 situm
1900 4989 1904 4996 ‘

393 5059 395 5068 '
434 5065 645 5143 ecronyclrium
669 5066 854 5127 concilianda
876 5069 966 5141 venit,
991 5085 1079 5145 quam
1102 5064 1263 5130 referebam
1286 5067 1324 5128 ad
1349 5068 1405 5128 100
1430 5066 1479 5126 180
1500 5077 1577 5141 233,
1600 5067 1671 5143 4414
1692 5063 1797 5125 Ρ1414-

429 5169 535 5228 meana
560 5153 632 5212 dixit
658 5151 692 5212 90
718 5152 767 5214 140
791 5171 845 5214 m.
892 5155 1091 5216 Veruntamen
1114 5163 1144 5216 et
1159 5155 1371 5216 Ptolemaicam
1393 5154 1441 5214 hic
1462 5153 1691 5214 sollicitudinem
1711 5154 1797 5229 sequi

434 5239 557 5320 placuit,
581 5243 631 5322 qui
653 5237 697 5324 Q
719 5240 855 5304 adhibuit
876 5244 906 5302 in
928 5241 1114 5304 certltlcsndo
1137 5242 1196 5306 hoc
1217 5239 1240 5318 5
1263 5243 1339 5306 loeo.
1383 5241 1492 5304 Scribit
1513 5243 1607 5318 44144,
1633 5237 1657 5323 5
1678 5241 1796 5303 stellam
