4459 6275
942 772 1112 851 Prooemium
1132 789 1261 848 Editoris.
1760 811 1778 868 5

420 989 539 1050 semper
560 973 693 1050 aequalis
715 980 829 1049 manet,
859 974 981 1051 ejusque
1011 969 1228 1046 inaequalitatis
1251 987 1341 1031 causa
1362 972 1448 1034 laeile
1470 974 1657 1039 redditores
1681 987 1778 1042 muta·

422 1063 505 1120 tione
528 1061 676 1120 intervalli
698 1062 805 1122 Terrae
828 1081 846 1121 a
868 1062 952 1135 Sole,
976 1076 1066 1137 quum
1093 1057 1174 1116 nulla
1192 1059 1318 1135 contingi
1348 1069 1464 1137 posset,
1495 1065 1520 1122 si
1550 1071 1628 1124 totus
1652 1068 1777 1130 mundus

419 1147 599 1207 volveretur.
645 1149 678 1226 4)
701 1147 803 1209 Omnis
825 1151 948 1210 materia
971 1147 1008 1208 ad
1032 1148 1159 1222 quietem
1182 1154 1227 1204 est
1248 1147 1401 1222 inclinata,
1434 1167 1523 1226 quare
1546 1162 1659 1229 motus,
1690 1174 1777 1232 quem

420 1236 623 1309 observamus,
646 1235 832 1297 deducendus
855 1237 960 1296 catab
983 1236 1084 1310 aliqua
1106 1233 1245 1293 facultate
1268 1238 1402 1296 metrice:
1426 1237 1500 1298 lraee
1523 1239 1647 1302 facultas
1669 1243 1777 1305 Terrae

419 1326 520 1400 potins
543 1323 633 1398 globo
656 1323 809 1384 tribuenda
833 1333 886 1398 est,
910 1341 997 1401 quarn
1021 1321 1102 1381 coelo
1127 1320 1306 1397 amplissimo
1330 1332 1360 1383 ct
1382 1342 1433 1400 per
1455 1327 1598 1387 immensa
1613 1332 1709 1407 spatia
1724 1349 1778 1392 er·

418 1421 520 1487 tens03
548 1409 578 1491 5)
601 1411 693 1486 figura
714 1412 824 1473 Terrae
846 1411 970 1472 rotunda
994 1409 1140 1469 volutiani
1162 1412 1313 1485 aptissima
1336 1418 1396 1487 cst3
1422 1413 1454 1486 6)
1469 1423 1566 1475 metus
1590 1415 1709 1478 diurnus
1733 1419 1777 1480 ei·

417 1499 496 1572 licit,
528 1505 684 1558 utomnes
706 1499 814 1560 Terrae
837 1509 934 1578 partes
957 1498 1123 1558 successive
1146 1496 1242 1555 calore
1266 1497 1342 1558 Solis
1364 1503 1529 1576 potiantur,
1553 1521 1604 1577 ne,
1634 1508 1657 1562 si
1680 1513 1776 1566 motus

419 1586 552 1645 hicnon
576 1595 673 1662 esset,
705 1587 827 1647 alterum
849 1587 958 1646 Terrae
980 1583 1226 1659 hemisphaerium
1249 1594 1363 1660 uratur,
1392 1589 1515 1648 alterum
1544 1600 1686 1668 perpetuo
1708 1595 1776 1671 gelu

418 1677 532 1749 rigeat:
572 1692 662 1750 quare
692 1675 903 1752 perabsurdum
936 1682 1029 1746 esset,
1064 1674 1234 1730 immensam
1264 1673 1369 1733 melem
1401 1675 1475 1734 eecli
1497 1687 1616 1756 prepter
1639 1683 1774 1757 exiguam

416 1760 530 1838 pilulae
563 1762 685 1837 liguram
716 1766 888 1823 immensum
918 1763 973 1822 iter
1003 1776 1171 1838 peragrare,
1203 1760 1286 1836 eujus
1309 1761 1414 1821 nullibi
1436 1764 1466 1820 in
1489 1772 1551 1824 toto
1574 1767 1683 1827 mundo
1706 1787 1777 1829 usus

415 1856 504 1924 esset,
528 1851 586 1907 nisi
602 1852 631 1907 in
646 1850 751 1927 Terra3
778 1854 808 1928 l)
831 1858 928 1909 metus
951 1866 1093 1925 aquarum
1118 1849 1230 1920 oceani,
1254 1849 1304 1906 ubi
1320 1866 1377 1907 non
1401 1850 1558 1927 impeditur
1581 1858 1663 1914 terris
1681 1874 1777 1933 oppo-

415 1938 499 2011 sitis,
538 1937 577 1995 ab
608 1944 672 1997 ortu
700 1939 729 1995 in
754 1946 889 1998 occasum
913 1937 951 1997 ab
975 1936 1108 1995 omnibus
1132 1937 1229 1993 nautis
1252 1935 1425 1996 observatus
1449 1945 1508 2014 estq
1542 1957 1633 2001 eausa
1655 1943 1773 2019 quidem

415 2024 506 2100 hujus
529 2033 627 2083 motus
651 2024 752 2085 eadem
776 2034 829 2100 est,
854 2043 929 2102 quae
952 2025 1048 2082 fluxus
1071 2030 1100 2082 et
1122 2023 1249 2081 refluxus
1271 2027 1403 2098 marium,
1429 2025 1521 2099 Luna,
1546 2028 1598 2088 sed
1614 2030 1691 2090 aliae
1706 2031 1774 2092 huie

416 2111 592 2171 accedentes
615 2115 850 2172 circumstantiae
875 2111 1030 2188 ,videntur
1052 2110 1212 2186 adjungere
1228 2110 1329 2172 Lunae
1353 2115 1441 2172 etiam
1461 2116 1596 2174 inertiam
1611 2118 1775 2179 naturalem

417 2216 565 2275 aquarum
599 2199 636 2259 ad
663 2209 789 2272 motum,
820 2200 1017 2260 resistentium
1049 2201 1078 2255 in
1107 2197 1277 2273 occidente,
1315 2217 1380 2258 eum
1403 2201 1493 2261 Terra
1515 2220 1547 2262 sc
1571 2204 1717 2266 subducat
1744 2208 1775 2265 in

416 2288 591 2368 orientem}
638 2286 694 2347 His
717 2291 896 2365 argmmentis
918 2288 1061 2346 immiscet
1084 2286 1229 2361 Keplcrns
1259 2285 1503 2363 declarationem,
1536 2290 1632 2366 qualis
1660 2295 1699 2352 sit
1727 2293 1776 2355 hie

415 2374 526 2434 Terrae
549 2381 662 2444 metus,
686 2393 858 2453 comparans
879 2393 945 2435 eum
968 2376 1060 2433 metui
1084 2374 1206 2432 turbinis
1229 2391 1402 2451 puerorum3
1434 2389 1518 2436 axem
1541 2386 1638 2439 motus
1661 2381 1691 2437 in
1714 2397 1774 2441 uua

417 2460 553 2538 qualibet
574 2462 757 2523 revolutione
780 2462 884 2523 diurna
905 2462 1082 2522 immobilem
1105 2478 1237 2534 manere,
1269 2462 1321 2521 scd
1344 2471 1412 2540 pest
1434 2466 1594 2540 permultas
1610 2467 1775 2529 revolutio-

415 2568 469 2608 nes
492 2549 626 2609 nonnihil
649 2551 789 2610 inclinari.
823 2550 980 2626 Quaerenti
1005 2566 1142 2622 eausam,
1166 2565 1216 2608 cur
1238 2549 1328 2608 Terra
1350 2551 1530 2612 volutionem
1553 2571 1637 2613 suam
1660 2573 1775 2633 semper

415 2638 596 2696 invariatum
618 2639 750 2712 retineat,
774 2638 906 2715 exanrplo
929 2641 1012 2715 ponit
1036 2636 1137 2696 itidem
1157 2636 1309 2711 turbinem,
1335 2642 1383 2713 qni
1400 2639 1489 2699 semel
1506 2643 1615 2716 impetu
1633 2650 1774 2720 concepto

415 2724 560 2801 plurimas
582 2725 671 2784 iaciat
693 2729 861 2803 gyrationes
883 2724 1027 2785 materiali
1060 2725 1165 2784 inertia
1193 2723 1311 2799 adjutus
1345 2732 1375 2785 et
1403 2725 1609 2802 languescente
1632 2731 1774 2805 paulatim
1886 2788 1889 2805 ,

415 2821 509 2883 motu,
533 2812 681 2889 inaequali
703 2815 822 2875 tabulae
844 2812 965 2890 planitie
988 2819 1017 2871 et
1040 2828 1162 2872 occursu
1185 2814 1259 2870 airis
1283 2812 1458 2891 impeditus,
1481 2814 1598 2876 undem
1622 2818 1773 2878 concidet:

417 2900 527 2959 Terrae
552 2918 622 2960 vero
645 2905 829 2979 gyrationem
852 2916 909 2961 nen
933 2899 1066 2978 impediri
1090 2898 1151 2957 ulla
1173 2900 1330 2974 asperitate
1354 2908 1383 2960 ct
1408 2901 1550 2962 densitate
1567 2921 1655 2964 aurae
1670 2905 1774 2967 aetbe-

415 3005 494 3061 reae,
518 2986 580 3047 ullo
603 2989 730 3065 pondere
753 2990 800 3049 vel
816 2992 961 3066 gravitate
977 2991 1098 3048 iuterna.
1146 2985 1265 3064 Species
1288 2987 1375 3064 hujus
1397 2997 1510 3064 motus,
1538 2991 1645 3052 Terrae
1668 3012 1687 3053 a
1708 2994 1773 3054 Dco

418 3082 551 3134 creatora
574 3076 756 3154 implentum,
780 3079 887 3136 arctius
910 3079 939 3134 in
959 3075 1067 3135 Terrae
1091 3091 1156 3134 sese
1179 3091 1284 3152 corpus
1305 3077 1476 3152 insinuavit,
1500 3095 1558 3138 non
1578 3080 1641 3156 jam
1664 3079 1774 3161 hospes

416 3162 546 3241 amplius
568 3167 597 3222 in
620 3164 726 3240 Terra,
757 3165 810 3226 sed
841 3166 985 3243 inquilina
1014 3164 1101 3241 plane
1124 3180 1175 3222 seu
1198 3165 1340 3225 materiae
1362 3182 1434 3225 snae
1457 3167 1561 3225 victrix
1585 3177 1614 3228 ct
1637 3167 1773 3229 domitrix

416 3253 555 3310 existens.
601 3251 684 3312 Hace
706 3255 818 3329 speeies
841 3255 870 3311 in
895 3252 1022 3327 „fibras“
1047 3251 1155 3311 Terrae
1177 3251 1357 3327 rectilineae,
1390 3256 1437 3311 axi
1465 3254 1627 3330 parallelas
1647 3274 1773 3335 eumque

416 3338 596 3398 circulariter
627 3342 846 3400 circumstantes
874 3342 993 3413 transit,
1023 3338 1151 3415 illaeque
1182 3347 1273 3415 agunt
1303 3341 1331 3397 iu
1364 3357 1467 3418 eorpus
1496 3360 1581 3401 suum
1610 3361 1704 3421 acque
1738 3362 1774 3405 ae

414 3427 507 3486 librae
529 3430 711 3502 magneticae
732 3430 764 3487 in
787 3429 901 3503 lerrum,
925 3426 998 3486 illud
1021 3426 1170 3486 trahentes
1193 3426 1240 3486 vel
1255 3426 1438 3505 repellentes.
1484 3428 1542 3489 Hic
1565 3433 1653 3490 etiam
1676 3432 1773 3492 locum

415 3516 529 3574 irrvenit
549 3514 695 3591 Keplcrns
718 3517 881 3576 sententiae
904 3532 974 3574 suae
997 3514 1033 3574 de
1058 3516 1175 3590 ,anima
1197 3513 1358 3588 Telluris,“
1383 3534 1470 3591 quam
1495 3517 1595 3577 definit
1618 3525 1647 3580 et
1670 3519 1772 3580 delen-

416 3602 458 3662 dit
484 3603 648 3662 rationibus
671 3603 791 3680 iisdem,
815 3620 890 3680 quae
913 3604 1022 3679 passim
1045 3603 1074 3659 in
1098 3602 1243 3679 prioribus
1267 3603 1405 3679 operibus
1428 3613 1590 3667 occurrunt.
1635 3607 1772 3684 Denique

414 3689 520 3749 relellit
543 3707 592 3764 ea,
624 3708 700 3767 qnae
722 3692 842 3751 Terram
865 3689 992 3749 volutari
1014 3696 1139 3764 negant,
1170 3696 1218 3748 ut:
1255 3692 1347 3748 visum
1377 3693 1492 3766 testari,
1525 3700 1639 3753 montes
1669 3712 1771 3755 versus

414 3776 517 3836 stellas
541 3778 715 3853 ascendere;
739 3781 850 3855 gravia,
874 3795 987 3837 sursum
1011 3778 1158 3853 projecta,
1183 3793 1240 3834 non
1263 3777 1390 3837 recidere
1413 3796 1500 3854 posse
1524 3797 1663 3840 concesso
1687 3789 1769 3841 motu

414 3865 523 3924 Terrae
554 3867 583 3922 in
616 3866 771 3943 pristinum
792 3866 906 3940 leeum;
937 3871 1139 3941 argumentum
1163 3863 1312 3941 Tychonis
1336 3884 1354 3923 a
1377 3865 1473 3940 globis
1496 3868 1693 3927 bombardicia
1718 3868 1771 3929 de-

415 3958 543 4011 sumtum
569 3955 630 4029 (cli.
655 3954 711 4015 Ill.
736 3950 829 4033 458);
860 3953 981 4012 nubium
1010 3960 1039 4011 et
1070 3954 1169 4012 avium
1201 3960 1296 4011 motus
1321 3952 1428 4013 Terrae
1451 3958 1545 4015 motui
1567 3972 1625 4013 non
1651 3962 1770 4015 conba-

413 4043 494 4114 rios3
531 4042 658 4117 quietern
688 4040 887 4100 incredibilem
917 4043 945 4098 in
973 4039 1125 4117 superficie
1153 4039 1261 4099 Terrae
1290 4047 1402 4117 metae,
1441 4059 1563 4119 corpora
1585 4045 1688 4118 gravia
1710 4060 1769 4103 non

416 4126 584 4188 desilientis
616 4147 634 4187 a
663 4128 771 4205 Terra3
804 4130 992 4189 auctoritates
1022 4129 1150 4188 omnium
1180 4128 1365 4202 seculorum,
1397 4147 1473 4206 quae
1496 4130 1616 4191 Terram
1641 4130 1770 4191 volutari

413 4222 538 4294 negent.-

504 4303 596 4362 Ltber
618 4301 774 4363 secundus.
819 4303 865 4364 De
888 4303 1013 4380 sphaere
1036 4309 1066 4362 et
1088 4300 1203 4361 circulis
1226 4302 1299 4379 ejus.
1347 4301 1448 4364 Omnis
1473 4304 1521 4364 hie
1543 4304 1616 4364 liber
1638 4311 1771 4365 versatur

414 4395 443 4450 in
468 4390 697 4451 delinitionibus.
742 4391 872 4449 Primum
902 4393 963 4467 agit
991 4389 1026 4449 de
1057 4390 1182 4467 sphaera
1209 4389 1353 4450 materiali
1382 4392 1503 4468 ejusque
1526 4391 1657 4451 circulis:
1689 4391 1770 4450 borl-

414 4487 519 4552 aente,
543 4478 720 4551 meridiano,
743 4479 917 4557 aequatem,
939 4477 1076 4552 zodiaco,
1101 4477 1250 4554 ecliptica,
1273 4480 1401 4555 tropicis,
1425 4479 1574 4556 peioribus
1598 4486 1627 4540 et
1650 4479 1767 4540 coluris.

414 4567 587 4644 Explicatur
609 4566 740 4642 cujusvis
763 4566 862 4626 circuli
886 4584 957 4625 usus
980 4568 1008 4623 in
1032 4564 1132 4638 coelo,
1156 4572 1186 4624 et
1208 4564 1284 4626 unde
1306 4584 1411 4626 nomen
1435 4585 1520 4626 suum
1543 4567 1702 4643 acceperit,
1726 4568 1769 4627 sle

414 4655 589 4715 circulorum
612 4653 672 4731 poli
696 4660 842 4714 atrectare
865 4656 895 4711 in
918 4653 976 4712 illis
999 4652 1106 4713 ductae
1128 4655 1157 4711 in
1180 4654 1359 4730 peculiarem
1375 4661 1459 4713 usum
1473 4662 1526 4714 etc.
1572 4651 1687 4715 Deinde
1711 4652 1770 4712 dil·

415 4744 557 4803 terentiae
583 4741 687 4800 herum
716 4743 889 4803 circulorum
917 4749 1123 4801 enumerantur
1152 4741 1249 4817 quoad
1272 4742 1453 4817 subJectum‚
1483 4745 1501 4804 i.
1526 4758 1550 4801 e.
1575 4760 1643 4800 num
1668 4757 1769 4801 eorum

414 4848 487 4889 usus
517 4831 556 4889 sit
584 4831 614 4886 in
636 4829 727 4889 Terra
754 4848 790 4889 an
813 4831 842 4886 ln
866 4830 967 4902 coele,
1004 4828 1101 4905 quoad
1134 4837 1246 4903 ertum,
1278 4831 1471 4904 quantitatem
1493 4827 1606 4908 (paucis
1628 4829 1676 4887 hie
1699 4827 1771 4888 dicit

412 4918 561 4995 Keplcrns
584 4917 730 4993 triangula
752 4917 905 4995 sphaerica
927 4925 956 4976 et
978 4917 1072 4976 lineas
1094 4918 1366 4993 trigonometrieas),
1389 4919 1475 4975 situm
1498 4915 1536 4975 ad
1559 4918 1683 4993 primum
1701 4932 1769 4976 mo·

413 5014 484 5075 tum,
500 5003 619 5065 tandem
643 5004 741 5080 quoad
763 5012 885 5065 motum.
930 5005 1029 5065 Tertio
1052 5005 1141 5064 tradit
1155 5004 1300 5081 Keplcrns
1314 5003 1488 5063 divisionem
1506 5003 1679 5062 circulorum
1693 5020 1769 5079 geo·

413 5096 583 5166 metricam,
616 5091 798 5169 eandemque
820 5095 1043 5152 astronomicam
1067 5092 1180 5152 zodiaci
1202 5094 1232 5148 in
1258 5094 1294 5147 12
1319 5093 1412 5165 signa,
1444 5096 1474 5149 et
1505 5090 1710 5166 astrologicam
1738 5094 1769 5151 in

414 5180 562 5257 triangula
585 5188 640 5239 ete.
686 5179 797 5255 Quarto
821 5181 883 5254 agit
904 5179 1049 5257 Keplcrns
1072 5183 1101 5238 in
1124 5179 1180 5238 hoe
1203 5177 1277 5236 libre
1300 5178 1336 5237 de
1359 5183 1512 5236 ventorum
1535 5178 1647 5255 plagis,
1681 5196 1770 5239 enar·

414 5287 482 5332 rans
504 5270 625 5336 nomina
647 5274 802 5334 ventorum
824 5285 891 5330 eum
913 5268 1061 5333 veteribus
1083 5270 1194 5329 usitata
1216 5274 1277 5332 turn
1298 5282 1318 5324 a
1339 5264 1550 5326 recentioribus
1564 5274 1715 5347 usurpate,
1739 5270 1770 5331 in
