4459 6275
525 804 588 865 154
730 820 733 827 ·
1030 796 1172 869 Epitomes
1190 798 1379 855 habonomiae

523 978 690 1055 aequabilis
721 987 766 1038 est
789 976 940 1052 renardo,
974 979 1045 1055 quia
1067 978 1237 1055 superficies
1258 979 1334 1037 aiiris
1363 985 1408 1037 est
1435 977 1493 1037 iliis
1516 974 1621 1051 altior3
1653 975 1755 1052 itaque
1776 988 1883 1051 parum

523 1067 618 1140 iliud,
649 1066 730 1144 quod
753 1065 877 1125 diversis
900 1067 1081 1141 temporibus
1104 1065 1173 1125 huic
1195 1064 1343 1139 altitudini
1366 1064 1495 1137 accedit,
1524 1069 1607 1122 tanto
1630 1063 1727 1122 minus
1756 1062 1883 1121 sentitur

523 1155 598 1215 iocis
621 1153 690 1241 illis.
734 1152 770 1211 ln
792 1152 866 1212 locis
890 1171 959 1212 vero
981 1155 1129 1213 montanis
1151 1152 1302 1212 altissimis
1324 1151 1469 1211 interdum
1484 1152 1619 1209 retractio
1639 1166 1714 1228 pene
1729 1147 1814 1209 uuila
1828 1156 1882 1221 est,

525 1242 695 1319 praesertim
718 1241 830 1314 hieme,
862 1239 980 1316 quando
1011 1244 1061 1299 air
1091 1239 1209 1299 humilis
1241 1247 1271 1299 et
1292 1242 1388 1298 minus
1416 1237 1559 1317 vapidum
1591 1236 1735 1297 interdum
1764 1246 1811 1295 est
1833 1252 1881 1295 re·

524 1331 627 1389 irectio
652 1328 780 1387 insoleus
804 1334 833 1386 et
854 1344 928 1402 pene
951 1327 1129 1404 prodigiosa,
1153 1326 1233 1404 quod
1256 1329 1398 1403 contingit
1419 1330 1507 1386 etiam
1520 1325 1676 1385 maritimis
1691 1322 1881 1400 quandoque,

524 1415 576 1475 sed
605 1433 657 1492 per
686 1413 822 1475 accidens
852 1415 890 1474 ob
920 1417 1023 1489 situm3
1052 1413 1170 1491 quando
1199 1412 1312 1475 scilieet
1338 1431 1447 1491 magna
1477 1415 1523 1472 vis
1552 1414 1671 1488 vaporis
1704 1410 1812 1473 ebullit
1844 1427 1879 1469 ex

524 1504 680 1575 montanis,
703 1519 762 1579 qua
784 1504 839 1560 iter
862 1508 907 1561 est
927 1502 1142 1562 radiationibus
1164 1503 1193 1560 in
1216 1501 1315 1561 locum
1337 1501 1420 1560 iilum
1443 1501 1627 1561 maritimum.

612 1588 745 1649 Brabeus
768 1588 866 1665 prodit
887 1591 975 1649 ctiam
998 1588 1117 1649 Solarcs
1144 1590 1332 1649 refractiones
1361 1589 1476 1665 aliquot
1507 1585 1652 1663 scrupulis
1679 1584 1810 1663 majores
1832 1600 1881 1645 re·

475 1742 478 1755 Ι
523 1676 714 1738 tractionibus
736 1674 896 1750 stellarum,
921 1684 952 1737 et
973 1675 1053 1752 qnod
1069 1693 1252 1753 consequens
1268 1683 1321 1749 est,
1344 1693 1395 1754 per
1409 1672 1649 1751 aliquammultus
1663 1672 1775 1751 gradus
1790 1671 1881 1731 altius

523 1763 693 1839 sensibiles;
724 1779 842 1838 exque
872 1780 902 1823 re
930 1763 1093 1823 confirmari
1118 1763 1247 1836 ridetur,
1277 1762 1358 1840 quod
1390 1765 1478 1823 etiam
1506 1761 1624 1821 aliunde
1654 1760 1686 1820 iit
1708 1756 1880 1831 verisimile,

525 1856 622 1911 aerem
646 1851 820 1910 matutinum
852 1867 971 1911 accessu
1001 1850 1076 1910 lucis
1099 1850 1221 1911 diurnae
1251 1850 1352 1929 adgeri
1382 1849 1553 1927 attoiiique,
1585 1856 1780 1927 pernoctem
1810 1862 1879 1905 vero

525 1940 617 1999 minui
641 1945 671 1997 et
694 1935 827 2014 deprimi.
837 1932 875 2013 ¹⁴)
1589 1998 1593 2005 ,
1852 1938 1859 1947 ”

614 2024 697 2102 Quid
716 2031 789 2083 suat
810 2023 1010 2101 crepuscula?
1052 2026 1195 2084 Auctores
1218 2024 1316 2085 Latini
1340 2030 1482 2101 usurpant
1504 2039 1557 2101 pro
1579 2022 1647 2083 luce
1670 2038 1800 2097 crepera,
1824 2018 1880 2079 hoe

525 2119 571 2173 est
594 2112 700 2183 dubia„
724 2128 790 2171 cum
812 2111 972 2171 dilucescit.
1018 2111 1203 2172 astronomis
1225 2122 1270 2172 eet
1293 2129 1379 2172 omne
1408 2112 1437 2170 id
1461 2121 1591 2187 tempus,
1622 2108 1701 2187 quod
1725 2106 1879 2169 intercedit

525 2200 650 2275 primum
672 2215 762 2258 sensu
784 2198 945 2259 notabilem
968 2200 1044 2258 e‘e'ris
1066 2199 1268 2259 claritudinem
1292 2207 1322 2259 et
1341 2202 1437 2276 ipsum
1452 2199 1531 2258 Solis
1547 2204 1660 2272 ortum3
1684 2196 1731 2257 vei
1750 2196 1879 2255 vicissim

525 2284 605 2362 quod
629 2292 674 2345 est
695 2286 770 2346 inter
791 2284 869 2346 Solis
892 2301 1028 2345 oceasum
1051 2294 1080 2346 et
1103 2285 1237 2347 ultimum
1260 2286 1380 2347 diurnae
1402 2285 1477 2346 lucis
1501 2287 1529 2343 in
1554 2289 1620 2346 ae're
1644 2284 1814 2359 vestigium.

614 2373 701 2451 Quor
729 2380 770 2433 est
799 2389 892 2432 ceusu
924 2373 1016 2446 hujus
1038 2373 1230 2433 claritudinis
1251 2372 1481 2433 absente¹Soiei
1524 2372 1639 2432 Causas
1667 2370 1780 2431 multae
1802 2374 1878 2441 suut
1918 2444 1922 2451 Ι

524 2461 628 2536 partim
652 2459 809 2528 coelestes,
836 2461 941 2536 purtim
965 2459 1166 2522 elementares.
1210 2460 1309 2519 Prima
1324 2460 1441 2537 quidem
1457 2459 1585 2520 efficiens
1605 2476 1703 2533 causa,
1728 2474 1808 2535 quae
1830 2472 1879 2519 ce·

524 2556 601 2607 teras
624 2562 724 2607 omnes
745 2549 811 2619 ciet,
835 2554 879 2608 est
894 2546 946 2607 Sol
964 2548 1036 2624 ipse,
1060 2547 1271 2608 nonobstante
1294 2547 1372 2625 quod
1387 2548 1442 2607 sub
1458 2547 1549 2607 Terra
1564 2555 1696 2608 versetur
1717 2562 1774 2605 uec
1795 2544 1879 2604 teria

524 2634 626 2695 oculos
647 2633 866 2695 nostros-radio
889 2636 953 2696 sive
976 2634 1086 2695 directo
1109 2637 1174 2696 sive
1196 2635 1328 2695 reiraeio.
1353 2636 1454 2695 Altera
1475 2651 1567 2694 causa
1582 2627 1718 2695 coelestis
1740 2640 1787 2695 est
1809 2646 1879 2691 aura

524 2721 678 2796 aetherea,
708 2720 770 2781 Soli
792 2724 922 2798 proxime
945 2723 1120 2781 circumfusa
1143 2721 1181 2782 ad
1205 2720 1424 2800 amplitudinem
1453 2721 1568 2798 aliquot
1589 2720 1749 2799 graduum,
1778 2716 1879 2797 spieu-

524 2808 596 2869 deus
620 2810 658 2869 ob
678 2807 916 2889 Solisviciniam
939 2808 1013 2868 elias
1034 2812 1129 2886 magis
1153 2809 1227 2869 alias
1246 2812 1351 2885 miuus,
1375 2826 1451 2886 quae
1474 2817 1590 2887 tempus
1611 2807 1732 2885 aliquod
1755 2812 1879 2885 occupat

525 2895 654 2968 oriendo,
679 2894 772 2955 donec
793 2895 844 2955 Sol
868 2899 930 2972 ipse
953 2895 1072 2957 tandem
1095 2898 1214 2956 oriatur.

611 2982 711 3043 Tertia
722 2999 811 3041 eausa
822 2993 891 3042 sunt
902 2983 972 3041 iumi
986 2993 1015 3043 et
1028 2983 1229 3044 exhalationes
1239 2985 1344 3058 siccae,
1366 2983 1462 3045 calore
1478 2982 1556 3043 Solis
1567 3001 1619 3062 per
1629 2983 1707 3045 diem
1718 2978 1879 3042 eutradla·

524 3069 654 3130 tionibus
666 3067 793 3129 siderum
805 3068 980 3130 harmonicis
992 3073 1104 3132 excitae
1123 3079 1152 3132 et
1165 3088 1252 3149 super
1263 3074 1339 3131 a'e'ris
1360 3071 1542 3150 superficiem
1564 3082 1722 3153 provectae
1738 3068 1838 3129 calore
1851 3074 1896 3127 st·

524 3160 666 3218 tenuitate
689 3174 756 3231 sua,
781 3173 856 3233 quae
879 3175 944 3218 oum
967 3161 1025 3219 sini
1047 3160 1132 3218 nobie
1155 3160 1288 3230 altiores,
1313 3163 1398 3220 citius
1413 3177 1432 3220 a
1447 3159 1516 3219 Sole
1540 3170 1570 3221 et
1592 3156 1807 3236 resplendente
1829 3153 1880 3216 illo

524 3244 601 3304 Solis
616 3246 724 3304 amictu
739 3244 946 3319 illuminantur,
970 3263 1058 3323 quarn
1073 3245 1140 3306 loca
1153 3246 1306 3324 protunda,
1330 3251 1431 3324 sicque
1446 3265 1534 3323 super
1547 3248 1730 3307 horizontem
1748 3255 1879 3304 nostrum

524 3331 667 3403 elevatae,
692 3330 773 3391 velut
795 3349 935 3393 accensae
959 3332 1119 3412 lampades,
1142 3334 1235 3394 iucem
1258 3334 1359 3395 aSole
1382 3344 1532 3411 acceptam
1555 3335 1642 3394 nobis
1665 3335 1879 3409 impertiuntur.

610 3419 723 3493 Quarta
752 3436 841 3478 causa
863 3428 908 3479 est
930 3425 979 3481 ab'r
1003 3424 1080 3497 ipse,
1114 3420 1220 3480 modus
1243 3439 1349 3481 causae
1380 3424 1522 3500 genuinus.
1567 3422 1643 3481 Num
1667 3425 1717 3480 adr
1745 3419 1794 3479 rel
1818 3417 1879 3478 ela·

523 3506 610 3564 rescit
634 3504 750 3565 directis
773 3505 851 3566 Solis
874 3508 978 3581 radiis,
1009 3517 1039 3567 ut
1059 3509 1123 3585 jam
1145 3508 1181 3569 de
1204 3509 1291 3567 sumis
1313 3509 1438 3582 dietum,
1459 3525 1572 3586 eosque
1595 3510 1738 3578 revibrat,
1770 3507 1880 3582 quippe

523 3609 590 3652 eum
613 3594 651 3651 sit
675 3591 791 3652 densior
813 3595 939 3668 aethere,
964 3603 1107 3673 utsupra
1130 3596 1254 3671 dietum3
1279 3597 1326 3658 rei
1349 3604 1478 3674 praestat
1500 3601 1550 3656 aer
1572 3595 1663 3655 radiis
1683 3593 1762 3654 Solis
1786 3595 1880 3652 uicem

522 3677 634 3756 speculi
663 3682 730 3739 cavi
758 3697 868 3757 eosque
902 3685 1068 3760 repercutit
1115 3684 1191 3742 Num
1221 3683 1295 3742 radii
1317 3683 1396 3744 Solis
1425 3702 1491 3742 eum
1522 3686 1647 3760 primum
1677 3679 1881 3758 ingrediuntur

523 3765 678 3843 sphaeram
701 3769 787 3840 u'e'ris,
811 3769 1005 3846 refringantur
1030 3772 1129 3845 initi03
1152 3770 1257 3830 deinde
1279 3773 1323 3832 sie
1344 3771 1458 3832 refracti
1480 3779 1606 3849 pereunt
1634 3787 1686 3847 per
1708 3770 1788 3828 a'e'ris
1810 3783 1880 3844 pro·

527 3854 657 3926 iundum,
681 3855 792 3930 priores
816 3857 980 3935 impingunt
1003 3860 1031 3916 in
1055 3859 1186 3930 Terram,
1209 3876 1284 3935 quoe
1307 3868 1352 3918 est
1375 3879 1392 3918 u
1414 3858 1498 3916 uobis
1524 3875 1624 3918 versus
1644 3857 1756 3930 Solem,
1778 3867 1881 3934 poste-

525 3943 617 4001 riores
640 3942 913 4018 praetervehuntur,
938 3946 1091 4006 tendeutes
1114 3963 1217 4006 versus
1239 3955 1370 4005 nostrum
1392 3943 1504 4013 iocum,
1537 3954 1566 4006 et
1589 3955 1745 4004 occurrunt
1767 3959 1881 4002 rursum

530 4045 622 4090 cavae
645 4030 723 4089 airis
744 4031 925 4107 superficiei;
958 4051 1034 4109 quae
1058 4035 1112 4094 etsi
1141 4035 1220 4093 soros
1249 4035 1355 4093 emittit
1385 4033 1514 4093 secundo
1542 4033 1698 4104 reiractos,
1729 4041 1831 4091 temen
1852 4039 1881 4090 et

1410 4123 1882 4196 repercutittenuemeommpar·

1407 4217 1465 4268 tem
1481 4209 1646 4282 introrsum,
1663 4224 1729 4266 cum
1741 4205 1883 4267 sitlaevis

1407 4305 1436 4355 et
1465 4295 1634 4371 specularis.
1683 4292 1768 4368 Quos
1797 4297 1884 4374 igitur

1406 4385 1563 4459 repercutit
1585 4384 1751 4455 introrsum,
1775 4384 1796 4441 ii
1820 4401 1883 4443 rur·

1407 4489 1471 4529 sum
1482 4471 1636 4548 aequalem
1649 4470 1794 4548 sphaerae
1809 4473 1884 4530 airis

1243 4615 1264 4636 X
1336 4628 1343 4640 ⁹
1408 4577 1507 4617 rrrcum
1534 4560 1691 4618 abscissuri
1716 4559 1884 4636 impingunt

1266 4637 1270 4642 ’
1408 4645 1536 4705 seeundo
1551 4649 1581 4704 iu
1599 4645 1785 4723 superficiem
1808 4649 1884 4708 uiris

1407 4732 1572 4793 ulteriorem
1596 4742 1625 4794 et
1643 4735 1687 4794 eic
1705 4739 1884 4808 successive,

1408 4819 1500 4881 donec
1523 4821 1597 4880 adeo
1627 4821 1818 4883 debilitentur
1841 4831 1884 4884 tot

1408 4909 1669 4980 attenuationibus,
1693 4916 1726 4968 ut
1742 4927 1803 4970 uun
1818 4929 1883 4972 am·

1408 4994 1486 5072 plius
1501 4996 1619 5056 valcant
1642 4996 1808 5058 illuminare
1831 5003 1883 5060 s!-

1409 5102 1467 5143 rem
1483 5083 1671 5160 sensibiliter.

1461 5185 1497 5238 rt
1515 5183 1559 5238 nic
1578 5186 1624 5242 so
1644 5183 1803 5254 mammem
1820 5185 1882 5240 no

1409 5271 1437 5322 et
1453 5263 1557 5334 ur0u3
1575 5277 1721 5320 uceumeus
1732 5271 1828 5320 autem
1837 5279 1882 5322 tu·
