4459 6275
893 786 977 847 biber
993 788 1113 848 Prinna
1146 788 1215 846 Pars
1232 786 1344 860 Quinta
1736 790 1799 857 'lto

443 966 567 1029 modu
587 972 721 1029 meteora
741 963 781 1025 ad
801 969 1015 1046 praescriptum
1036 975 1226 1048 aspectuum,
1258 984 1383 1045 qaorum
1411 968 1542 1029 rationes
1569 965 1708 1030 formales
1729 974 1800 1054 sunt

442 1070 519 1117 mere
541 1055 748 1132 geometricae.
792 1054 843 1115 ilic
865 1057 942 1116 enim
964 1064 995 1117 ct
1016 1055 1090 1117 illud
1111 1055 1231 1131 animal,
1254 1055 1334 1132 quod
1356 1063 1457 1116 moret
1478 1054 1624 1133 pedesad
1645 1055 1728 1134 leges
1743 1055 1801 1117 all·

441 1142 525 1218 cuius
547 1142 728 1216 cantilenas,
759 1149 838 1204 recte
862 1142 1063 1205 concludimus
1086 1152 1117 1207 ct
1137 1147 1288 1222 percipere
1310 1143 1487 1204 cantilenam
1509 1150 1539 1205 et
1564 1160 1731 1205 mensuram
1753 1147 1801 1204 itr-
1864 1172 1870 1195 ι

440 1229 583 1308 telligere,
606 1228 734 1306 denique
755 1232 794 1293 ab
818 1232 917 1292 anima
938 1233 1010 1309 regi.

526 1314 593 1379 Etsi
614 1315 688 1378 baec
710 1319 809 1379 omnis
831 1317 922 1379 babet
943 1326 974 1380 et
986 1319 1111 1396 percipit
1133 1319 1232 1377 anima
1245 1317 1371 1378 Telluris
1392 1317 1533 1379 instinctu
1554 1319 1717 1396 primaevo,
1740 1334 1801 1383 non

442 1402 576 1467 discursu
598 1411 629 1467 et
646 1405 871 1480 ratiocinatione
894 1413 923 1465 et
944 1408 1086 1483 proiectu,
1109 1412 1143 1466 ut
1164 1406 1307 1466 homines.

533 1489 590 1553 Uos·
608 1490 744 1570 patrea
764 1494 937 1571 exctnplstm
966 1511 1140 1567 oecumw,
1173 1496 1208 1553 iss
1242 1512 1303 1570 guo
1337 1493 1532 1561 rotationem·
1550 1493 1639 1569 globo
1668 1502 1803 1570 procem

441 1578 574 1640 mmo?
601 1579 636 1638 Iu
658 1578 749 1657 globo
771 1579 860 1655 Solis,
883 1598 971 1658 quem
993 1588 1024 1643 et
1046 1580 1185 1641 convolvi
1207 1582 1238 1639 iu
1259 1597 1314 1641 suo
1337 1580 1435 1657 spatio
1459 1589 1489 1640 ct
1513 1583 1612 1642 anime
1634 1581 1801 1659 praeditum

442 1683 517 1742 csse,
539 1668 570 1725 iu
594 1666 725 1746 doctrina
746 1667 878 1730 theorice
900 1669 1147 1747 comprobabitur.

527 1753 563 1815 Si
585 1756 694 1815 mino
715 1762 758 1815 est
779 1759 814 1815 in
840 1755 951 1831 Tmo,
981 1756 1036 1816 aab
1059 1772 1156 1832 pssum
1177 1757 1274 1831 igitur·
1294 1757 1421 1830 speciem
1444 1758 1569 1815 animae
1590 1772 1660 1815 eom
1681 1756 1801 1834 referri

442 1839 602 1902 Constituit
623 1842 690 1919 ipsa
710 1842 889 1919 peculiarem
910 1844 1056 1920 speciem;
1078 1859 1134 1902 nec
1156 1845 1233 1902 enim
1256 1857 1384 1902 creseere
1406 1841 1478 1902 iacit
1500 1842 1628 1916 Terram,
1651 1859 1706 1904 nec
1729 1861 1800 1904 sen·

441 1929 503 2004 tire,
526 1944 583 1990 nec
599 1930 776 2006 ratiocinari,
799 1930 894 2007 veluti
915 1949 968 2009 per
983 1929 1156 2006 discursum,
1179 1929 1232 1991 sed
1247 1935 1361 1989 tautum
1383 1937 1528 1991 monetet
1549 1937 1705 2011 promovet
1720 1930 1822 1993 dieta·

441 2031 540 2093 opera,
564 2017 664 2077 omnia
685 2016 750 2078 solo
773 2020 914 2079 instinctu
936 2018 1104 2096 expediens.

532 2100 589 2165 VI.
618 2103 680 2164 Dic
699 2113 885 2181 argumento
906 2105 998 2166 ducto
1022 2125 1042 2166 o
1061 2106 1123 2178 iisse
1144 2111 1253 2165 motus.
1300 2103 1365 2165 Etsi
1384 2103 1441 2164 hoo
1463 2105 1612 2166 sciverunt
1633 2103 1749 2183 physici
1772 2113 1802 2166 et
1928 2182 1931 2189 Δ

439 2189 616 2267 eonpbaeur
642 2193 901 2269 peripateticorum
923 2193 1114 2267 Aristoteles,
1148 2206 1303 2268 corporum
1326 2191 1498 2252 coelestium
1521 2193 1677 2253 circulares
1700 2200 1799 2253 motus

437 2277 527 2339 linem
547 2281 578 2337 iu
591 2295 634 2340 se
656 2282 730 2358 ipsis
750 2279 868 2354 babere,
891 2297 946 2343 nee
968 2281 1021 2343 illa
1041 2281 1155 2340 moveri
1176 2286 1296 2357 propter
1318 2277 1399 2339 aliud
1421 2278 1544 2356 aliquid,
1568 2296 1658 2358 quam
1680 2288 1801 2358 propter

437 2364 493 2426 boc
515 2368 624 2444 ipsum,
646 2373 681 2426 ut
701 2376 884 2443 moveantur,
906 2385 1010 2429 sensus
1033 2375 1132 2429 tamen
1155 2366 1307 2429 oculorum
1330 2382 1384 2426 nos
1408 2365 1508 2441 docet,
1540 2366 1571 2426 id
1592 2384 1652 2427 nou
1676 2371 1797 2429 unirer-

437 2451 538 2515 ralitcr
568 2452 604 2514 de
631 2455 760 2521 motibus
789 2457 925 2518 omnibus
949 2455 1140 2517 circularibus
1170 2453 1297 2532 intelligi
1318 2462 1348 2514 et
1370 2453 1493 2515 concedi
1513 2470 1613 2531 posse.
1658 2454 1799 2516 Testatur

437 2542 516 2601 enim
538 2540 729 2619 experientia,
751 2559 810 2604 non
832 2560 918 2604 secus
940 2551 1030 2620 atque
1052 2540 1155 2603 nubila
1175 2548 1273 2602 transt
1293 2541 1412 2619 aquila,
1436 2557 1496 2601 nou
1518 2550 1632 2603 tautum
1655 2549 1687 2602 ut
1710 2554 1798 2604 exer·

437 2635 547 2703 ceatur,
570 2626 623 2689 sed
644 2630 782 2706 primerio
805 2637 838 2691 ut
851 2629 993 2708 praedam
1012 2633 1207 2703 nanciscatur,
1231 2629 1273 2689 sic
1288 2630 1377 2688 etiam
1397 2629 1523 2705 primum
1545 2637 1659 2689 motum
1683 2631 1801 2690 contiu-

436 2732 515 2795 gere,
539 2721 573 2776 ut
584 2714 711 2777 Telluris
732 2725 831 2795 partes
853 2721 1021 2779 successive
1044 2734 1145 2779 omues
1168 2715 1266 2777 calore
1288 2715 1368 2776 Solis
1388 2717 1539 2793 potiantur
1561 2723 1591 2778 et
1612 2733 1661 2791 ne,
1683 2718 1709 2777 si
1735 2735 1802 2778 mo·

437 2808 484 2865 tus
505 2801 558 2865 hic
579 2819 639 2865 noo
662 2813 757 2881 esset,
790 2804 916 2868 Telluris
939 2805 1063 2867 alterum
1085 2802 1334 2883 hemisphaerium
1356 2810 1472 2880 uratur,
1502 2802 1628 2866 alterum
1655 2813 1799 2884 perpetuo
1857 2848 1861 2855 -

437 2889 508 2968 gelu
531 2890 636 2968 rigeat.
730 2909 732 2913 ⁴

521 2975 599 3040 ¹dam
621 2995 680 3040 aon
703 2987 750 3041 est
764 2979 912 3054 credibile,
935 2987 969 3040 ut
989 2986 1055 3041 tote
1078 2977 1154 3041 coeli
1176 2979 1313 3040 machina
1335 2977 1403 3039 talis
1418 2980 1552 3056 privatae
1574 2995 1648 3040 suae
1669 2979 1801 3041 necessi·

437 3066 508 3127 tatis
530 3082 623 3126 causa
644 3065 692 3128 vel
711 3066 922 3138 cireaTerram
944 3069 1112 3143 circumeat,
1135 3073 1170 3126 ιιι
1192 3083 1210 3126 s
1233 3083 1293 3144 qua
1314 3065 1388 3126 nibil
1401 3066 1526 3146 accipit,
1549 3065 1598 3127 vel
1621 3068 1710 3128 etism
1724 3068 1802 3128 circs

436 3151 548 3230 Solem,
572 3154 601 3213 in
622 3153 721 3216 medio
744 3156 870 3217 suislnu
886 3154 1077 3232 collocatum
1100 3154 1241 3217 reclamat
1262 3156 1341 3215 enim
1363 3153 1457 3233 ligura
1479 3153 1633 3216 machinae
1655 3172 1740 3232 cara,
1765 3173 1801 3217 ex
1928 3214 1933 3226 ,

438 3257 501 3320 qua
524 3240 725 3320 intelligimus,
748 3241 840 3319 illam,
863 3244 927 3305 sive
951 3243 1084 3321 quiescat
1105 3243 1170 3303 sive
1192 3251 1355 3318 moveatur,
1379 3249 1504 3321 utroque
1526 3242 1705 3305 modo'Solis
1727 3257 1801 3304 con-

436 3336 544 3408 spectu
567 3325 657 3407 (eddo
678 3331 704 3390 si
727 3331 775 3390 vis
791 3339 827 3392 et
849 3328 987 3411 Telluris)
1008 3332 1064 3391 frui
1086 3330 1259 3408 aequaliter.
1305 3328 1411 3408 Itaque
1434 3331 1548 3391 coelum
1570 3336 1601 3391 et
1623 3330 1675 3392 Sol
1698 3332 1728 3390 io
1752 3348 1799 3409 eo,

436 3417 569 3477 simotu
599 3417 693 3494 primo
721 3426 870 3494 movetur,
898 3433 959 3479 non
979 3419 1025 3478 soi
1057 3419 1150 3497 ipsius
1172 3415 1225 3478 sed
1246 3415 1375 3478 Telluris
1405 3429 1496 3479 causa
1517 3426 1600 3479 motu
1622 3419 1717 3497 primo
1741 3422 1800 3480 cir-

435 3512 619 3582 cumagetur.
663 3503 700 3565 Id
721 3522 792 3567 vero
815 3505 1028 3584 perabsurdum
1050 3513 1112 3585 est,
1137 3511 1248 3566 tantun
1268 3505 1393 3581 molem,
1418 3523 1507 3584 qnam
1529 3506 1619 3568 ctiam
1641 3507 1815 3585 periectlo-.

438 3607 500 3654 rem
524 3592 635 3653 Tenae
657 3592 747 3671 globo
770 3593 950 3656 contendunt
971 3592 1158 3671 philosophi,
1181 3591 1301 3672 proptcr'
1322 3591 1413 3671 hujus
1440 3596 1666 3672 angustissimae
1689 3594 1800 3672 pilulae

437 3677 566 3758 figuram
590 3684 663 3761 (qus
682 3679 725 3756 flt,
748 3687 781 3741 ut
802 3676 870 3760 ipsa
887 3680 964 3743 Solis
988 3683 1055 3759 igue
1078 3688 1142 3742 tota
1163 3680 1218 3742 irui
1241 3697 1301 3740 una
1323 3682 1388 3741 vice
1408 3698 1466 3741 nou
1488 3680 1594 3759 possit)
1618 3688 1731 3743 tantmu
1745 3683 1801 3744 iter

436 3783 599 3845 peragrare
623 3767 839 3844 circumeundo,
862 3786 929 3830 com
943 3767 1035 3829 Terra
1048 3770 1143 3846 possit
1158 3767 1240 3828 illem
1261 3767 1319 3830 boc
1334 3785 1421 3830 onere
1436 3768 1593 3830 sublevare
1607 3769 1798 3847 compendio-

435 3855 558 3915 sissima
580 3853 733 3917 volutione
756 3858 802 3917 sui
825 3856 999 3934 corpusculi,
1022 3855 1143 3933 perinde
1164 3858 1241 3916 enlm
1264 3862 1350 3931 esset,
1374 3873 1410 3917 sc
1432 3860 1458 3915 si
1482 3873 1569 3918 cocus
1592 3858 1711 3935 ineptus
1732 3874 1799 3918 ear-

436 3958 505 4004 nem
529 3960 602 4006 voru
624 3942 713 4004 mam
733 3952 846 4006 vertere
869 3944 1053 4021 dedignatus,
1076 3946 1174 4020 iguem
1196 3944 1295 4021 potius
1311 3943 1389 4003 circa
1411 3961 1528 4006 earnem
1542 3944 1649 4006 circulo
1673 3943 1798 4005 circum-

523 4116 625 4195 Hojus
653 4120 818 4195 argumenti
845 4120 892 4181 vis
921 4119 997 4179 inira
1023 4118 1098 4179 libro
1122 4119 1207 4180 tertio
1229 4120 1387 4196 praecipue
1409 4117 1529 4193 nitebit,
1561 4118 1612 4180 ubi
1632 4117 1671 4180 de
1700 4120 1800 4181 causis

434 4204 571 4267 inclinati
595 4208 660 4266 axis
683 4205 809 4267 Telluris
831 4222 963 4284 agemus.
1008 4204 1096 4283 Quod
1119 4208 1195 4267 enim
1218 4205 1358 4267 zodiacus
1381 4204 1420 4266 sd
1442 4213 1633 4283 aequatorem
1663 4206 1802 4285 obliquus

435 4300 481 4355 nt
502 4293 613 4364 imos,
637 4294 703 4370 ejus
725 4295 768 4355 rei
790 4294 857 4354 linis
879 4302 910 4355 et
931 4293 1046 4355 utilitas
1068 4301 1132 4355 toto
1154 4293 1265 4355 mundo
1287 4294 1370 4354 nulls
1393 4301 1530 4371 apparet,
1554 4296 1611 4355 nisi
1633 4297 1756 4356 tentoni¹
1771 4295 1801 4355 in

435 4380 592 4460 superlicio
615 4380 757 4441 Telluris:
781 4398 833 4442 cur
854 4383 944 4458 igitur
966 4382 1037 4443 alibi
1061 4399 1150 4459 quam
1173 4385 1202 4441 in
1225 4384 1292 4459 ipsa
1313 4381 1432 4443 Tellure
1455 4383 1545 4459 inque
1566 4399 1622 4443 axe
1645 4381 1710 4461 ejus
1733 4399 1800 4444 cor·

434 4470 517 4547 poris
540 4470 661 4547 proprio
683 4468 824 4529 inclinato
849 4486 1055 4546 quaereremus
1070 4470 1159 4548 hujus
1181 4470 1365 4547 obliquitatis
1380 4467 1525 4549 eausam?
1563 4469 1622 4530 Cur
1638 4470 1802 4549 eclipticam

436 4558 465 4616 h
489 4556 578 4618 coelo
601 4554 807 4617 inclinabimus
829 4574 882 4634 per
904 4561 1033 4634 spatium
1055 4561 1147 4620 vicies
1168 4558 1276 4618 millies
1299 4557 1396 4634 majos
1426 4555 1470 4639 (ut
1491 4558 1584 4635 volgo
1609 4556 1801 4639 computant),

432 4652 469 4705 ut·
490 4661 572 4706 sona
598 4645 744 4705 terrestris
766 4644 846 4706 Solis
875 4662 996 4706 accessu
1026 4653 1056 4706 et
1075 4662 1195 4708 recessu
1216 4644 1360 4724 gaudeat,
1397 4662 1462 4706 curu
1491 4648 1587 4723 possit
1615 4644 1694 4708 idem
1721 4646 1799 4708 edici

433 4731 630 4794 indicatione
652 4731 760 4810 simpla
781 4735 846 4793 axis
862 4731 993 4794 Teneai
1015 4733 1107 4796 Porro
1130 4751 1217 4795 mem
1238 4735 1372 4810 sequitur
1393 4740 1501 4810 motus,
1524 4733 1610 4812 cujus
1632 4751 1725 4796 eausa
1744 4751 1803 4813 po·

432 4822 513 4881 nitur
536 4822 614 4880 uis.
1523 4853 1527 4862 ·

522 4907 634 4969 Posset
656 4908 746 4969 etiam
768 4924 805 4968 ex
827 4906 1071 4985 pbilosophorum
1094 4910 1261 4987 principiis,
1293 4910 1343 4986 qui
1366 4905 1481 4968 coelum
1504 4925 1610 4987 corpus
1631 4909 1801 4988 perlectum,

433 4994 559 5057 Terram
589 4993 798 5055 attentarem
829 5003 859 5056 et
885 4996 1085 5073 imperfectam
1115 4997 1250 5072 badoni,
1283 4994 1341 5055 hoc
1363 4994 1518 5065 disputari:
1546 5000 1678 5074 quietem
1710 4996 1801 5074 illam,

434 5099 513 5160 quae
535 5084 626 5161 primi
647 5089 746 5143 motus
769 5091 815 5144 est
836 5086 971 5161 negatio,
995 5084 1078 5146 coelo
1101 5092 1277 5162 competere,
1299 5089 1412 5144 motum
1433 5083 1531 5160 ipsum
1548 5084 1679 5161 Terrae,
1709 5100 1802 5163 prop·

433 5176 516 5233 terea
546 5170 628 5249 qaod
650 5177 749 5232 motos
772 5188 809 5232 ex
831 5187 937 5249 genere
959 5173 1000 5231 sit
1021 5188 1140 5247 corum,
1163 5189 1240 5249 quac
1261 5188 1321 5232 nou
1344 5169 1487 5231 suntsed
1509 5170 1600 5248 flunt3
1628 5188 1689 5232 non
1710 5174 1802 5250 igitur

434 5256 475 5319 ad
498 5275 538 5322 a
558 5258 703 5339 perduct,
732 5274 810 5336 quae
838 5276 912 5322 suae
933 5260 1122 5337 perlectionls
1139 5260 1267 5337 gradum
1297 5262 1328 5320 in
1349 5274 1383 5320 se
1403 5258 1477 5335 ipsis
1498 5258 1609 5322 babent
1630 5277 1798 5340 perennem,
1849 5261 1851 5265 ‘

1515 5365 1591 5423 12*
