4459 6275
437 782 501 843 ³14
703 826 708 835 .
936 779 1078 850 liipitomas
1096 780 1286 837 Mnoaomiae

437 960 529 1019 tetius
556 960 685 1020 universi
707 960 913 1038 praecipuum,
945 960 1079 1023 turbatus
1108 960 1227 1039 quidem
1251 966 1296 1021 est
1318 959 1483 1037 aenigmate
1505 960 1792 1039 Pythagoraaorum,

438 1047 608 1107 existimans
639 1046 705 1107 illos
732 1049 806 1125 ignis
837 1047 1012 1109 elementum
1035 1066 1088 1127 pro
1111 1053 1271 1127 praecipuo
1293 1047 1465 1124 venditare;
1494 1066 1554 1109 non
1583 1050 1663 1110 male
1693 1058 1792 1111 tamen

433 1134 531 1211 jussit
572 1136 610 1194 Et
631 1152 685 1195 nos
708 1137 806 1212 igitar,
830 1135 983 1196 consilium
999 1136 1167 1197 Aristotelis
1190 1137 1293 1213 secuti,
1316 1135 1415 1195 Solem
1438 1135 1584 1213 eligimus,
1607 1154 1667 1195 non
1683 1138 1792 1199 adver·

438 1221 572 1282 santibus
593 1239 649 1283 nec
671 1222 886 1301 Pythagoraeis
912 1224 941 1281 in
964 1241 1052 1284 sensu
1075 1242 1130 1283 suo
1153 1226 1292 1302 mystico,
1316 1238 1370 1282 nec
1393 1225 1457 1299 ipso
1481 1225 1650 1285 Aristotele.
1697 1224 1791 1301 Quem

436 1308 536 1369 Solem
558 1308 627 1370 dnm
650 1312 826 1388 quaerimus,
851 1328 909 1387 quo
932 1311 1032 1371 mundi
1055 1310 1123 1373 loco
1144 1314 1183 1372 sit
1204 1315 1287 1384 situs,
1311 1310 1490 1387 Copenricua
1514 1311 1590 1373 coeli
1605 1314 1720 1391 peritus
1736 1332 1791 1373 no-

435 1398 482 1457 bis
504 1396 632 1457 medium
655 1397 779 1472 indicat,
811 1401 913 1471 ceteri,
944 1402 995 1476 qui
1023 1398 1113 1459 allum
1146 1400 1211 1476 ejus
1234 1397 1392 1459 ostendunt
1413 1398 1527 1473 locum,
1556 1416 1616 1459 non
1646 1412 1791 1477 coguntur

436 1484 475 1544 ad
497 1484 554 1545 hoc
575 1487 754 1562 argumentis
776 1488 989 1560 astronomicis,
1012 1486 1064 1547 aad
1088 1486 1155 1547 aliis
1177 1484 1353 1563 quibusdam
1369 1484 1408 1546 ad
1422 1489 1551 1563 speciem
1567 1488 1791 1567 metaphysicis,

437 1589 472 1631 ex
494 1572 602 1634 Terrae
632 1574 754 1651 ejusque
781 1573 839 1634 loci
867 1572 1113 1651 contemplatione
1144 1573 1255 1648 ductis;
1287 1589 1411 1651 quorum
1434 1583 1675 1650 argumentorum
1698 1580 1792 1636 acati·

437 1660 527 1720 matie
554 1660 640 1721 nobie
670 1678 736 1722 cum
765 1660 822 1721 illis
850 1670 894 1723 cst
923 1664 1097 1731 communis,
1130 1669 1160 1721 et
1181 1663 1289 1738 quibus
1311 1677 1369 1719 non
1394 1661 1539 1736 indicent,
1568 1662 1622 1721 sed
1645 1673 1792 1739 quaerunt

436 1749 491 1824 ipsi
514 1764 632 1825 quoque
647 1747 726 1810 Solis
748 1748 854 1809 locum.
893 1749 972 1808 Dum
995 1752 1091 1825 igitur,
1115 1756 1290 1826 quaerentes
1312 1746 1409 1808 locum
1424 1748 1505 1809 Solis
1527 1750 1557 1808 in
1573 1750 1696 1824 mundo,
1719 1768 1792 1813 cen·

437 1844 511 1895 hum
535 1837 700 1897 invenimus
723 1836 832 1911 mundi,
856 1838 979 1896 lecimus
1002 1836 1058 1897 hoc
1080 1853 1178 1914 aequo
1201 1838 1265 1913 ipso
1290 1836 1458 1909 Aristotele,
1479 1853 1535 1897 nec
1557 1835 1606 1899 hic
1625 1839 1693 1915 ejus
1708 1837 1793 1899 clear·

437 1922 508 1983 chus
530 1930 576 1984 est
599 1932 701 1985 contra
722 1942 785 1985 nes.
825 1926 853 1984 3.
878 1923 964 1999 Quod
988 1942 1059 1985 vero
1082 1933 1181 1985 centro
1205 1926 1349 1983 vilitatem
1371 1923 1498 1984 adstruit
1519 1924 1706 1993 Aristotcles,
1730 1926 1794 2005 Py-

436 2010 604 2088 thagoraeia
628 2012 735 2074 directe
757 2010 972 2073 contradicens:
997 2013 1066 2072 lacit
1089 2011 1119 2072 id
1141 2020 1256 2089 praeter
1277 2010 1436 2088 figurarum
1458 2019 1592 2072 naturam
1615 2020 1792 2090 praeterque

437 2098 700 2160 considerationem
723 2117 822 2160 earum
844 2116 897 2161 seu
920 2102 1126 2175 geometricam
1149 2118 1202 2160 seu
1224 2098 1466 2176 metaphysicam.
1502 2098 1579 2159 Nam
1600 2116 1693 2178 supra
1716 2100 1791 2162 libro

435 2188 528 2263 primo
551 2195 682 2247 centrum
703 2205 775 2248 sane
798 2204 856 2247 non
881 2186 1014 2247 ultimum
1036 2196 1098 2248 erat
1122 2190 1151 2246 in
1173 2187 1340 2265 sphaerico,
1368 2187 1422 2247 sed
1450 2187 1515 2263 ejus
1538 2189 1658 2249 omnino
1680 2190 1794 2265 prinei·

434 2276 516 2352 pium
538 2291 680 2350 geneseos
703 2274 838 2335 mentalis
861 2276 1134 2352 aequabilisaimae,
1164 2292 1270 2352 gerens
1292 2276 1321 2333 in
1343 2275 1374 2335 S.
1396 2274 1429 2333 S.
1452 2274 1606 2335 Trinitatis
1629 2274 1792 2337 adumbra-

435 2364 515 2423 tione
543 2362 600 2421 Dci
630 2362 741 2436 Patris,
773 2379 848 2439 quae
876 2365 970 2441 prima
1001 2380 1192 2441 personarum
1220 2370 1278 2434 est,
1308 2361 1539 2422 similitudinem.
1590 2364 1620 2423 4.
1652 2364 1789 2439 Denique

435 2450 555 2528 physice
578 2452 737 2511 aestimans
759 2467 805 2530 ea,
829 2467 905 2526 quae
928 2459 997 2510 sunt
1018 2452 1212 2529 geometrice,
1235 2452 1329 2527 possit
1351 2450 1440 2510 alicui
1464 2449 1557 2509 videri
1579 2466 1639 2509 non
1661 2468 1791 2527 congrue

435 2538 545 2612 iacere,
568 2538 625 2597 nisi
647 2556 723 2614 quae
745 2538 794 2598 hic
815 2536 852 2599 de
875 2540 997 2599 materia
1019 2546 1048 2598 ct
1071 2539 1165 2599 torma
1187 2537 1332 2616 disputat,
1365 2555 1401 2597 ex
1424 2541 1489 2614 ipsa
1510 2537 1696 2599 schematum
1718 2556 1793 2613 geo·

435 2626 619 2686 metricorum
650 2624 884 2686 consideratione
911 2644 964 2703 per
993 2626 1162 2702 analogiam
1184 2626 1331 2703 quandam
1354 2632 1534 2685 transsumta
1557 2634 1665 2685 essent
1713 2626 1790 2685 Vere

435 2714 513 2773 enim
537 2714 565 2771 in
589 2714 804 2789 quantitatibus
827 2712 929 2774 solidis
954 2715 1069 2775 interna
1085 2713 1277 2789 corpulentia,
1300 2728 1539 2789 quaquaversum
1555 2720 1661 2789 patens
1677 2730 1792 2791 aequa·

435 2800 501 2860 liter
522 2818 579 2862 nec
600 2819 633 2862 se
655 2803 721 2879 ipsa
742 2802 916 2878 cujusquam
937 2802 1048 2877 ligurae
1071 2804 1232 2879 particeps,
1256 2803 1384 2877 genuina
1407 2808 1453 2860 cst
1474 2804 1572 2876 imago
1594 2803 1739 2863 materiae
1761 2804 1792 2859 in

438 2888 524 2948 rebus
548 2888 693 2967 physicis3
723 2898 843 2951 externa
866 2906 935 2949 vero
963 2888 1163 2966 corpulentiae
1187 2889 1281 2965 ligura
1304 2906 1340 2949 ex
1363 2886 1575 2964 superficiebus
1597 2891 1687 2949 certis
1709 2906 1793 2951 corn·

435 2978 543 3054 posita,
566 2976 789 3037 terminantibus
801 2975 989 3052 soliditatem,
1012 2984 1213 3053 repraesentat
1228 2978 1258 3035 in
1272 2976 1359 3035 rebus
1374 2975 1506 3053 physicis
1521 2976 1654 3036 lormam.
1689 2976 1792 3053 ltaque

438 3062 616 3124 concedatur
638 3064 682 3123 illi
705 3081 777 3125 sane
800 3067 979 3142 comparatio
999 3064 1083 3136 haee,
1107 3063 1161 3124 sed
1176 3082 1213 3123 ex
1228 3082 1289 3142 qua
1302 3074 1434 3140 apparet,
1459 3065 1554 3140 ipsum
1570 3062 1673 3125 ludere
1688 3066 1793 3142 aequi·

436 3154 592 3213 vocatione
618 3151 723 3213 medii:
753 3171 818 3214 cum
849 3154 925 3214 enirn
953 3153 989 3213 de
1017 3154 1120 3212 intimo
1143 3151 1287 3229 sphaerici
1311 3159 1420 3229 puncto
1442 3151 1569 3212 dixerint
1593 3151 1792 3230 Pythagorici,

436 3256 522 3300 omne
545 3243 672 3317 spatium
695 3243 771 3300 intra
794 3242 857 3318 ipse
879 3241 1061 3317 superficiem
1085 3240 1327 3317 comprehensum
1351 3238 1488 3317 intelligit
1512 3255 1585 3298 noce
1607 3238 1708 3302 medii.
1746 3241 1792 3302 lle

436 3329 533 3404 spatio
556 3329 644 3404 igitur
667 3327 854 3390 concedenda
876 3336 921 3388 est
944 3328 986 3386 illi
1011 3328 1152 3402 victoria,
1181 3328 1234 3388 sed
1257 3326 1385 3401 inutilis,
1417 3325 1453 3386 de
1477 3334 1576 3386 centro
1599 3331 1678 3388 enirn
1702 3331 1792 3388 totius

434 3416 521 3491 spatii
537 3416 632 3477 medio
651 3418 771 3476 vineunt
786 3415 984 3494 Pythagoraei
1000 3423 1029 3475 et
1045 3415 1235 3493 (lopernicus.
1274 3415 1349 3474 Nam
1365 3416 1420 3474 etsi
1436 3414 1573 3489 medium,
1597 3425 1630 3474 ut
1652 3423 1700 3476 est
1721 3435 1792 3493 spa·

435 3505 522 3576 tium,
546 3520 604 3562 non
628 3512 754 3564 meretur
775 3521 880 3564 nomen
904 3504 1035 3581 termini,
1059 3511 1090 3562 at
1112 3511 1253 3576 meretur,
1278 3509 1310 3561 ut
1333 3510 1378 3562 est
1401 3511 1546 3574 centrum,
1571 3519 1630 3578 quo
1655 3515 1790 3580 respectu

435 3591 560 3649 maximo
583 3597 627 3651 cst
649 3590 861 3652 accensendum
884 3591 1077 3651 formantibus
1101 3599 1130 3651 et
1153 3591 1385 3663 terminantibus,
1410 3607 1476 3648 curn
1499 3607 1589 3665 snpra
1605 3590 1683 3651 libro
1698 3594 1790 3669 prinae

436 3685 565 3738 cenuum
590 3677 675 3738 luerit
698 3681 780 3752 origo
802 3695 945 3756 geneseos
969 3677 1125 3756 sphaerici,
1147 3678 1347 3755 metaphysica
1371 3695 1526 3752 expensae.

523 3765 627 3827 Proba
649 3767 688 3825 ab
711 3769 810 3843 officio
825 3767 910 3840 Solis,
935 3775 1073 3826 centrum
1096 3769 1124 3824 ei
1145 3766 1254 3825 deberi.
1291 3765 1325 3823 ld
1349 3766 1453 3841 partim
1474 3766 1536 3841 jam
1560 3772 1606 3824 est
1627 3766 1740 3826 lactum
1763 3769 1789 3824 in

436 3853 629 3915 dissolutione
659 3853 772 3914 elenchi
797 3854 985 3913 Aristotelici.
1039 3853 1115 3913 Nam
1149 3849 1182 3934 1)
1211 3855 1236 3910 si
1268 3859 1347 3912 totus
1370 3851 1512 3926 mundos,
1544 3855 1595 3928 qui
1619 3853 1789 3929 aplraericua

432 3949 487 4014 est,
511 3941 623 4018 indiget
645 3941 724 4001 Solis
746 3941 855 4001 lumine
880 3950 908 4002 ct
931 3941 1028 4002 calore
1050 3940 1223 4017 acqualiter,
1249 3941 1390 4016 optimum
1413 3942 1502 4016 igitur
1518 3939 1618 4000 Solem
1642 3943 1671 4000 in
1695 3940 1789 4002 medio

434 4045 508 4102 esee,
533 4029 609 4090 unde
632 4028 796 4105 aequaliter
819 4031 876 4088 ista
899 4031 927 4087 in
953 4045 1053 4088 ornnes
1070 4027 1170 4088 mundi
1187 4027 1291 4104 plagas
1308 4026 1509 4103 dispertiatur:
1534 4027 1613 4103 quod
1629 4028 1660 4087 lit
1678 4046 1789 4104 aequa·

433 4117 522 4177 bilius
552 4126 582 4177 et
611 4120 718 4177 rectius
746 4117 924 4194 quiescendo
948 4118 977 4174 in
1002 4123 1116 4188 centro,
1147 4133 1234 4191 quern
1259 4115 1465 4174 circumeundo
1488 4117 1566 4175 circa
1587 4114 1669 4175 illud.
1717 4116 1789 4176 Nam

433 4207 457 4262 si
481 4204 633 4265 accederet
655 4207 773 4281 aliquas
796 4213 892 4282 partes
916 4202 1118 4264 calefactionis
1140 4220 1245 4274 causa,
1277 4203 1426 4262 recederet
1453 4203 1491 4262 ab
1515 4205 1659 4279 oppositis
1684 4221 1789 4263 causa·

433 4301 570 4366 returque
593 4291 826 4364 vicissitudines,
852 4295 913 4368 ipse
937 4293 1066 4350 existens
1089 4289 1331 4365 simplicissimus.
1380 4291 1414 4348 lit
1438 4293 1540 4348 mirrun
1564 4297 1623 4362 cst,
1647 4291 1789 4366 quosdam

433 4377 551 4437 ludibrii
581 4397 671 4440 causa
699 4383 742 4439 uti
772 4379 963 4440 similitudine
996 4377 1113 4438 luminis
1138 4381 1167 4435 in
1190 4376 1287 4438 medio
1310 4376 1459 4452 laternae,
1489 4395 1555 4437 cum
1577 4380 1733 4454 aptissima
1754 4381 1790 4436 sit

433 4465 593 4527 similitudo
616 4469 794 4546 minimeque
817 4467 856 4526 ud
880 4465 1087 4542 exagitandam
1111 4464 1187 4525 hanc
1209 4467 1384 4525 sententiam
1409 4475 1593 4542 comparata,
1617 4464 1670 4525 sed
1693 4469 1789 4543 potina

431 4551 470 4612 ad
501 4550 716 4632 depingendam
740 4558 799 4614 vim
822 4554 912 4630 hujus
942 4556 1105 4630 argumenti
1139 4555 1307 4630 cumprimis
1335 4553 1453 4613 idonea.
1468 4549 1508 4626 ⁴⁸)
1560 4557 1589 4611 ‘h
1615 4553 1660 4614 lle
1683 4553 1789 4613 lumine

432 4656 503 4701 vero
529 4643 687 4717 peculiaris
710 4645 816 4703 teritur
839 4642 1064 4715 demonstratio,
1099 4643 1326 4701 concinnitatem
1356 4657 1542 4716 supponens,
1572 4657 1631 4700 non
1661 4645 1789 4702 necessi·

433 4737 532 4789 tatem.
574 4731 667 4805 Finge
690 4731 846 4807 sphaeram
869 4730 990 4790 lixarum
1013 4747 1078 4790 esse
1101 4728 1254 4806 speculum
1277 4729 1455 4788 caricarum:
1479 4739 1580 4787 notum
1596 4737 1651 4798 est,
1675 4727 1790 4789 oculum

432 4819 462 4876 in
485 4824 584 4876 centro
608 4815 677 4876 talia
698 4818 811 4895 speculi
834 4817 1009 4878 collocatum
1034 4815 1225 4895 undiquaque
1247 4833 1279 4876 se
1303 4817 1399 4893 ipsum
1422 4817 1542 4888 intueri,
1575 4827 1605 4875 et
1633 4817 1659 4874 si
1683 4817 1732 4876 lux
1753 4819 1791 4876 sit

434 4907 461 4961 in
485 4911 603 4977 centro,
636 4921 700 4965 cam
725 4905 853 4982 undique
875 4922 896 4965 a
916 4905 1071 4982 superlicio
1092 4919 1227 4966 concam
1247 4904 1391 4981 repercuti
1415 4903 1532 4980 angulis
1554 4905 1659 4975 rectis,
1693 4921 1792 4980 reper-

434 5007 535 5050 cussos
563 4993 641 5052 coire
672 5007 785 5052 rursum
819 4995 848 5052 in
875 4999 990 5054 cantro:
1020 4993 1103 5068 atqnl
1134 4989 1165 5052 ld
1192 4993 1224 5052 in
1252 4989 1333 5052 nullo
1365 4989 1426 5050 alio
1449 4995 1572 5050 concavi
1594 5003 1706 5067 peneto
1728 4991 1790 5052 lieri

434 5087 547 5154 potest,
578 5087 782 5158 praeterquam
811 5081 841 5140 in
863 5085 972 5142 who.
1016 5079 1096 5158 &ge
1118 5095 1187 5144 cunr
1207 5077 1261 5142 eoi
1281 5079 1320 5139 eit
1341 5079 1407 5140 lone
1429 5076 1519 5150 lucis,
1550 5078 1650 5138 mundi
1678 5079 1792 5150 oenlna

435 5171 564 5226 centrum
592 5169 619 5230 el
650 5165 820 5244 debebitur,
851 5175 886 5230 nt
911 5165 999 5229 liu·
1017 5163 1175 5228 hsta
1188 5163 1439 5237 malleatione
1461 5165 1564 5232 Pater)
1586 5183 1619 5226 se
1642 5169 1740 5244 ipsum
1763 5169 1792 5226 ia

435 5259 499 5314 rou
520 5253 673 5334 sopanus
696 5269 816 5322 suaa
1272 5247 1393 5336 hau)
1413 5253 1629 5334 manuplenn
1648 5265 1681 5318 a
1702 5257 1735 5318 in
1755 5271 1793 5320 aa
