4459 6275
1790 779 1960 838 Liber
1990 778 2227 838 Tertius.
2295 779 2433 838 Pars
2466 770 2666 839 Prima.
3458 784 3586 850 225

1058 956 1230 1037 Quid
1267 965 1356 1019 ost
1396 956 1742 1033 ampltwdo
1769 959 2016 1020 ostica?
2054 960 2162 1021 Est
2204 976 2376 1021 arcus
2400 958 2744 1035 horizontis,
2790 960 3147 1039 interceptus
3182 961 3335 1022 inter
3362 978 3593 1040 aequa-

877 1054 1070 1105 torem
1115 1053 1176 1106 et
1217 1052 1498 1123 puuctum
1544 1045 1784 1106 orientis
1842 1045 2069 1109 stellae.
2161 1044 2512 1126 Quanquam
2577 1047 2974 1108 denominatio
3036 1050 3284 1126 primum
3344 1049 3587 1112 fluxisse

874 1131 1116 1194 videtur
1145 1150 1184 1193 a
1212 1130 1757 1193 constellationibus
1801 1131 2043 1210 integris
2076 1137 2547 1215 quaesitumque,
2593 1152 2769 1213 quam
2799 1134 3061 1214 amplum
3090 1136 3410 1197 horizontis
3439 1154 3613 1216 spa-‚

876 1221 1026 1280 tium
1074 1228 1324 1299 occupet
1365 1219 1606 1280 oriendo
1652 1220 2023 1280 constellatio
2071 1222 2373 1299 quaelibet
2416 1239 2549 1283 cnm
2593 1224 2863 1284 omnibus
2907 1221 3094 1283 stellis
3139 1225 3194 1284 ei
3238 1225 3489 1289 tributis.

1055 1307 1372 1387 Quomodo
1413 1310 1794 1384 comoea'tm·
1835 1308 1984 1367 haec
2025 1310 2370 1385 amplitudo
2413 1313 2646 1384 cniva,
2696 1328 2802 1370 seu
2844 1312 3030 1371 etiam
3074 1328 3255 1371 arcus
3295 1312 3585 1373 horizon-

869 1396 976 1471 tis,
1039 1413 1166 1472 quo
1215 1395 1444 1455 distmt
1489 1401 1728 1470 puncta
1772 1402 1942 1455 ortus
1985 1403 2043 1455 et
2083 1413 2326 1457 occasus
2368 1398 2612 1458 stellae?
2697 1397 2768 1457 In
2813 1396 3064 1475 sphaera
3109 1398 3347 1475 quidem
3394 1397 3457 1458 id
3501 1398 3578 1460 ad

873 1481 1116 1542 oculum
1146 1489 1311 1561 patet
1333 1489 1564 1560 praeter
1591 1487 1852 1562 propter,
1897 1491 2149 1559 quantus
2178 1483 2499 1545 horizontis
2530 1501 2699 1546 arcus
2729 1486 3131 1563 intercipiatur
3156 1487 3310 1548 inter
3351 1502 3580 1564 aequa-

871 1577 1060 1630 torem
1107 1577 1167 1631 et
1208 1576 1427 1648 puncta
1471 1577 1631 1629 ortus
1677 1584 1999 1631 occasusve
2042 1568 2268 1648 stellae,
2312 1571 2459 1651 polo
2498 1572 2783 1653 sphaerae
2828 1572 2903 1633 ad
2940 1573 3167 1650 justam
3213 1572 3586 1634 altitudinem

871 1664 1072 1719 erecto
1118 1664 1178 1718 et
1218 1656 1394 1717 stella
1435 1657 1495 1714 in
1537 1651 1901 1719 horizontem
1946 1650 2237 1719 revoluta.

1047 1743 1155 1805 Sin
1217 1751 1415 1806 autem
1468 1743 1530 1803 id
1588 1752 1861 1805 accurate
1912 1744 2078 1805 lubet
2131 1744 2437 1823 explorare
2945 1780 3044 1831 1³¹3.
3070 1776 3140 1822 ῃ,

871 1830 1140 1906 calculo,
1199 1848 1332 1892 cum
1377 1831 1627 1909 sphaera
1667 1848 1785 1892 non
1830 1831 1980 1893 adeo
2027 1832 2263 1893 subtilis
2307 1850 2437 1895 esse

869 1921 1095 1996 possit:
1159 1918 1222 1978 id
1263 1919 1391 1979 fleri
1431 1924 1631 1996 potest
1673 1921 1732 1977 in
1779 1918 1987 1980 eodem
2033 1921 2326 1998 triangulo
2372 1930 2440 1980 ut

868 2005 1195 2081 haetenus,
1261 2005 1367 2066 sed
1419 2007 1669 2067 faciliori
1708 2006 2007 2067 methodo.
2096 2007 2250 2068 Nam
2295 2007 2434 2069 dato

870 2092 1000 2171 Pv,
1046 2110 1190 2156 arcu
1233 2096 1386 2154 inter
1425 2091 1628 2175 polum
1672 2102 1731 2154 et
1773 2097 2080 2169 verticem,
2138 2097 2240 2173 qui
2285 2095 2435 2156 dici-

869 2190 986 2241 tur·
1011 2183 1353 2259 aequatoris
1397 2179 1676 2254 altitudo,
1719 2197 1859 2241 arcu
1901 2181 1997 2242 1²8
2038 2184 2188 2244 inter
2230 2182 2465 2265 polum!

870 2276 930 2330 et
971 2267 1213 2330 stellam
1253 2268 1526 2346 ejusdem·
1562 2267 1993 2346 hemisphaerii,
2042 2272 2144 2346 qui
2171 2266 2449 2348 comple-⁴

868 2362 1134 2418 mentum
1196 2354 1603 2418 declinationis
1661 2363 1779 2430 est,
1837 2355 2085 2433 denique
2144 2374 2287 2418 arcu
2332 2356 2432 2418 VS

870 2447 1026 2504 iuter
1085 2446 1369 2506 verticem
1429 2450 1489 2504 et
1549 2437 1811 2516 stellam,
1887 2445 1990 2520 qui
2055 2461 2285 2522 semper
2343 2452 2434 2505 est

871 2530 1204 2610 quadrans,
1261 2533 1478 2610 qnippe
1538 2530 1711 2591 stella
1767 2533 1827 2589 in
1872 2530 2173 2592 horizonte
2215 2533 2430 2608 posita,

870 2620 1176 2697 quaeritur
1232 2618 1384 2679 SVP
1442 2618 1541 2678 vel
1597 2616 1754 2678 SVA
1808 2616 2060 2695 angulus
2114 2618 2189 2678 ad
2250 2620 2435 2678 verti-

868 2724 1016 2782 cem,
1065 2706 1169 2783 qui
1211 2707 1447 2767 metitur
1491 2719 1690 2767 arcum
1715 2705 2047 2769 ,horizontis
2089 2706 2243 2766 inter
2283 2704 2433 2766 stel-

866 2792 986 2853 lam
1019 2801 1079 2854 et
1112 2792 1421 2856 meridiani
1450 2792 1877 2877 semicirculum
1911 2794 2269 2868 viciniorem,
2318 2793 2431 2854 hoc

863 2898 1167 2959 processu.

1703 2979 1985 3032 Declinatlo
2021 2948 2195 3033 stellae
2230 2984 2346 3049 40⁰,
2393 2980 2536 3036 sinus
2575 2987 2750 3037 64279

1737 3051 1883 3102 Altit.
1920 3056 2200 3118 ”quateris
2234 3054 2350 3119 42⁰,
2398 3056 2538 3104 sinus
2574 3057 2749 3107 68918

1077 3125 1278 3176 Divisio
1315 3121 1594 3191 (appositis
1631 3124 1663 3174 5
1701 3120 1928 3188 cyphris)
1971 3125 2144 3188 prodit
2175 3125 2347 3178 einum
2382 3127 2558 3178 96064
2605 3141 2751 3176 arcus
2790 3123 2887 3177 730
2920 3125 3022 3182 52¹.
3056 3127 3148 3191 qui
3183 3131 3261 3177 est
3295 3125 3589 3190 amplitude.

868 3198 1250 3260 ortiva,e01us
1288 3192 1708 3257 complementum
1746 3192 1841 3244 16⁰
1873 3195 1926 3245 8¹
1960 3200 2036 3244 est
2068 3209 2210 3246 arcus
2246 3198 2379 3245 inter
2418 3197 2614 3246 stellam
2651 3201 2701 3246 et
2736 3196 3084 3270 meridianum,
3121 3201 3331 3263 ejusque
3372 3196 3582 3263 duplum

869 3265 967 3319 32⁰
1007 3269 1092 3318 16¹
1130 3271 1205 3315 est
1239 3263 1479 3314 distantia
1516 3267 1651 3313 ortus
1687 3269 1736 3312 et
1772 3277 1978 3314 occasus
2012 3265 2067 3313 in
2101 3271 2243 3328 parts
2278 3263 2555 3336 horizontis
2589 3263 2987 3332 septentrionali.
2993 3251 3081 3325 ⁶²⁸)

1046 3353 1113 3415 Si
1161 3351 1474 3414 declinatio
1520 3361 1611 3412 est
1635 3351 1975 3428 meridiana,
2023 3355 2200 3415 etiam
2247 3355 2405 3432 quod
2432 3354 2629 3434 prodit
2669 3374 2711 3418 a
2751 3352 3075 3418 meridiana
3105 3354 3284 3436 plaga
3312 3354 3581 3418 denomi-

870 3444 1175 3504 nationem
1217 3442 1471 3514 sortitur,
1522 3446 1714 3502 cetera
1757 3441 2028 3517 utrinque
2072 3441 2279 3501 eadem
2322 3454 2481 3504 sunt.

1049 3529 1256 3610 Potest
1293 3544 1402 3608 pro
1447 3526 1563 3587 hoc
1605 3526 1897 3605 triangulo
1942 3527 2176 3588 formari
2222 3529 2386 3590 aliud
2430 3531 2540 3592 sub
2569 3530 2769 3605 Terra,
2816 3546 2948 3591 cum
2989 3529 3465 3608 septentrionalis
3493 3537 3585 3592 est

871 3614 1081 3693 stella,
1142 3613 1240 3678 vel
1282 3632 1457 3692 super
1501 3613 1775 3689 Terram,
1840 3632 1988 3676 cum.
2015 3615 2447 3693 meridionalis,
2507 3620 2657 3678 inter
2714 3617 2961 3679 circulos
3006 3616 3415 3680 declinationis
3459 3615 3579 3694 SQ,
3692 3677 3703 3690 Ι
3801 3679 3812 3686 ,

872 3705 1241 3765 horizontem
1285 3701 1382 3766 ST
1443 3708 1502 3764 et
1560 3708 1938 3779 aequatorem
1986 3701 2122 3779 QT,
2189 3722 2319 3765 cum
2366 3702 2585 3782 angulo
2642 3714 2835 3779 recto,
2896 3712 3213 3783 manetque
3272 3720 3582 3783 processus

874 3791 1054 3854 idem.
1142 3789 1306 3851 Data
1349 3789 1503 3850 enim
1546 3797 1685 3849 sunt
1730 3792 2058 3868 quantitate
2104 3790 2338 3851 eadem:
2398 3791 2553 3854 latus
2598 3809 2776 3852 unum
2818 3790 2917 3867 SQ
2965 3791 3201 3871 quidem
3246 3791 3581 3863 declinatio,

876 3880 1138 3958 angulus
1185 3875 1236 3954 Q
1294 3885 1489 3938 rectus
1544 3883 1604 3937 et
1662 3875 1914 3956 angulus
1960 3875 2109 3953 STQ
2156 3880 2306 3938 inter
2363 3879 2683 3940 horizontis
2742 3896 2869 3940 seu.
2910 3878 3311 3957 amplitudinis
3357 3879 3582 3939 ortivae

873 3985 1074 4028 arcum
1120 3966 1452 4043 quaesitum
1479 3961 1576 4025 ST
1602 3970 1661 4025 et
1699 3972 2094 4042 aequatorem,
2142 3966 2309 4042 cujus
2338 3983 2609 4028 mensura
2653 3972 2745 4026 est
2771 3965 3024 4027 altitudo
3070 3966 3409 4042 aequatoris
3437 3962 3577 4024 HA.

1047 4074 1107 4130 4.
1182 4068 1496 4147 Quomodo
1535 4068 1622 4145 fit,
1666 4077 1738 4129 ut
1762 4068 2281 4129 comteaationum
2310 4070 2584 4130 aliarum
2625 4072 2775 4130 situs
2798 4077 3097 4145 spectem
3137 4069 3366 4130 dinemo
3408 4073 3583 4128 motu

872 4174 1154 4236 emas,
1213 4158 1489 4232 uliam
1549 4156 1848 4218 minime?
1910 4155 2143 4217 Accidit
2198 4156 2312 4218 hoe
2370 4155 2559 4220 stellis
2603 4164 2838 4235 propter
2882 4156 3323 4218 conversionem
3379 4154 3581 4215 vultus

871 4246 1224 4324 spectatoris
1268 4244 1446 4304 erecti
1491 4244 1700 4303 stantis
1743 4246 1802 4301 in
1845 4242 2053 4321 plagas
2100 4245 2438 4321 contrarias,
2485 4246 2544 4303 in
2590 4261 2738 4321 quas
2781 4252 3084 4307 transcunt
3111 4241 3338 4318 stellae,
3386 4243 3579 4304 autin

870 4333 1117 4413 plagam
1161 4348 1389 4409 semper
1434 4329 1696 4391 eandem.

1055 4437 1407 4515 Quotupleoe
1448 4443 1534 4495 est
1572 4438 1722 4496 situs
1747 4436 2022 4498 eversio?
2085 4436 2341 4514 Duplex,
2387 4452 2494 4512 pro
2540 4434 2760 4513 duplici
2806 4383 3139 4495 discrimine
3174 4432 3477 4493 stellarum
3520 4434 3580 4490 in

874 4525 1131 4604 sphaera
1176 4524 1454 4600 obliqua;
1497 4537 1617 4583 una
1659 4522 1941 4603 plenaria,
1985 4523 2172 4584 altera
2212 4523 2556 4629 semiplena,
2602 4531 2667 4583 ut
2710 4539 2840 4582 cum
2870 4539 2959 4593 ea,
3005 4538 3161 4598 quae
3204 4528 3363 4581 stare
3406 4517 3580 4581 vide-

875 4614 1111 4685 bantur,
1154 4619 1365 4689 postea
1407 4616 1593 4671 strata
1635 4619 1937 4688 apparent.
2027 4612 2246 4672 Earum
2291 4613 2444 4671 enim
2490 4609 3018 4683 constellationum,
3065 4624 3221 4685 quae
3263 4623 3381 4666 non
3420 4608 3582 4666 occi-

877 4699 1028 4761 dunt
1085 4701 1148 4758 in
1191 4698 1528 4759 elevatione
1583 4697 1708 4775 poli
1761 4699 1984 4774 majore
2039 4715 2217 4775 quam
2265 4694 2395 4764 45⁰.
2455 4714 2609 4775 quae
2650 4705 2789 4757 sunt
2844 4703 3012 4757 extra
3054 4694 3423 4773 complexum
3467 4691 3578 4767 VQ
3658 4733 3663 4739 -

813 4805 836 4818 ‘
877 4785 1086 4848 circuli
1147 4784 1417 4864 paralleli
1473 4789 1611 4857 (rig.
1647 4794 1766 4852 34),
1832 4802 2006 4862 quem
2050 4786 2106 4845 V
2150 4786 2433 4847 verticale
2484 4791 2762 4863 punctum
2806 4785 2865 4841 in
2916 4784 3104 4860 primo
3147 4789 3311 4842 motu
3359 4780 3583 4843 deseri-

875 4876 986 4949 bit,
1029 4873 1148 4934 hae
1188 4891 1307 4934 non
1353 4874 1625 4934 videntur
1667 4875 1888 4934 everti..
1957 4872 2108 4932 Nam
2150 4874 2467 4951 figurarum
2509 4879 2706 4950 partes
2748 4877 2863 4930 seu·
2882 4869 3143 4929 membra
3188 4868 3394 4931 eadem
3422 4884 3580 4927 sem-

877 4977 984 5042 per
1012 4960 1093 5023 ad
1134 4961 1337 5039 polum
1360 4954 1571 5021 'mundi
1613 4968 1752 5020 sunt
1782 4959 2103 5034 ordinatae,
2149 4976 2383 5038 semper
2422 4962 2600 5038 igitur
2630 4964 2849 5029 vertex,
2892 4959 2954 5016 in
2986 4971 3335 5034 quocunque
3362 4961 3581 5031 puncto

875 5048 1151 5128 paralleli
1192 5051 1287 5109 sui
1327 5049 1711 5121 constitutus,
1755 5050 1947 5124 vergit
1990 5065 2028 5106 a
2074 5047 2562 5108 constellatione
2546 5065 2606 5106 ιιι
2651 5046 2909 5124 plagam,
2956 5046 3017 5103 in
3047 5059 3165 5120 qna
3184 5043 3234 5103 P
3262 5042 3437 5119 polus
3470 5046 3577 5115 est,

874 5140 1008 5199 sive
1061 5154 1244 5214 supra
1298 5133 1502 5213 polum
1545 5143 1828 5213 appareat
1871 5133 2273 5208 constellatio,
2332 5137 2460 5197 sive
2523 5133 2672 5193 intra
2716 5130 2900 5191 illum.
2988 5129 3169 5191 Stans
3211 5131 3391 5206 igitur
3433 5143 3583 5189 eon-
3644 5196 3654 5202 ,

875 5222 1197 5302 templator
1225 5225 1311 5284 sic
1352 5223 1605 5302 adspicit
1632 5221 1869 5299 figuras,
1916 5224 2067 5283 sicut
2095 5223 2147 5282 si
2173 5224 2453 5284 verticem
2479 5222 2590 5282 sub
2619 5222 2748 5298 ipso
2778 5217 2918 5296 polo
2948 5216 3195 5279 haberet
3235 5219 3297 5275 in
3327 5213 3582 5295 sphaera

986 5342 1178 5395 xant-er
1202 5341 1368 5394 onon.
1409 5339 1490 5414 τιὸ
1754 5402 1760 5409 ⁸
3089 5321 3168 5381 15
