4459 6275
810 773 894 832 Liber
909 775 1027 834 Tertius.
1062 777 1131 834 Pars
1150 776 1260 848 usuca
1650 784 1716 847 Μ

359 960 380 1017 5
401 955 506 1019 diebus
528 965 558 1020 et
578 956 721 1037 pluribus,
744 959 926 1021 siminorum
947 943 1060 1019 mot'um
1074 958 1198 1020 lixarum
1219 959 1409 1020 statuerimus
1430 960 1507 1020 inter
1520 959 1622 1021 secula
1635 957 1726 1038 Hip·.

358 1045 458 1123 parchi
482 1055 512 1107 et
533 1046 736 1117 Hesiodi,.uti
757 1048 852 1105 tenuit
872 1046 1059 1123 Hipparchus
1081 1055 1111 1107 et
1132 1037 1340 1108 Ptolemaeus:'
1361 1047 1498 1124 credique
1520 1055 1636 1126 potest,
1659 1048 1717 1110 hoc

359 1135 446 1192 etiam
462 1135 539 1195 inter
553 1133 605 1193 ills
627 1135 718 1194 inisse
733 1132 918 1208 documenta,
942 1133 1018 1194 unde
1033 1132 1175 1194 Eudoxus
1190 1134 1239 1193 vel
1252 1133 1442 1212 Hipparchus
1455 1137 1621 1196 ratiocinati
1635 1143 1714 1211 sunt,

359 1219 491 1281 solstitia
508 1224 538 1280 in
561 1224 675 1282 octavis
694 1222 829 1298 partibus
850 1224 999 1297 signorum
1021 1222 1142 1297 coniici3
1172 1221 1224 1281 sed
1247 1221 1285 1282 de
1307 1223 1363 1282 hac
1384 1239 1415 1282 re
1437 1221 1523 1299 plura
1544 1221 1620 1283 libro
1644 1224 1715 1285 Vll.

444 1308 560 1368 Plinius
581 1318 714 1369 exortum
742 1308 847 1368 stellae
874 1311 958 1386 ponit
985 1312 1019 1367 il
1045 1309 1150 1369 diebus
1173 1316 1240 1369 ante
1268 1311 1503 1385 aequinoctium,
1536 1309 1615 1387 quod
1643 1328 1717 1371 con·

358 1399 435 1473 gruit
457 1396 518 1457 iere
545 1395 584 1456 ad
605 1395 731 1457 Hesiodi
753 1403 901 1472 tempora,
927 1398 996 1472 quia
1019 1396 1112 1470 rides,
1136 1396 1235 1458 Solem
1258 1398 1478 1457 in-emersione
1502 1397 1618 1458 Arcturi
1643 1400 1716 1476 poni

363 1480 416 1543 10⁰
438 1484 565 1561 amplius
588 1492 656 1543 ante
678 1485 906 1560 aequinoctium.
956 1480 1101 1543 Occasum
1125 1491 1168 1543 ter
1181 1483 1398 1560 commemorat,
1420 1486 1514 1561 primo
1538 1484 1621 1544 VllL
1645 1486 1716 1546 Idus

358 1571 475 1644 Junias,
500 1569 581 1649 quud
603 1588 705 1632 verum
728 1578 773 1630 est
795 1569 883 1631 hodic
908 1570 943 1631 de
967 1586 1073 1630 occasu
1096 1573 1255 1644 matutino,
1280 1588 1366 1648 quem
1390 1571 1473 1632 vides
1497 1573 1526 1631 u.
1548 1570 1632 1633 Junii
1655 1572 1716 1633 Ju-

357 1659 427 1718 linni
450 1659 636 1735 contingere3
659 1675 772 1718 rrrrsum
795 1658 920 1719 eundem
944 1657 1027 1719 VIII.
1050 1659 1121 1718 ldus
1137 1659 1224 1735 Aug,
1248 1658 1327 1735 quod
1342 1659 1432 1737 plane
1453 1658 1605 1735 ahhorret3
1628 1662 1714 1721 tertio

358 1763 493 1806 occasum
516 1746 711 1822 vespertinum
736 1743 782 1804 iel
804 1744 878 1823 prid.
892 1745 960 1805 Gal.
986 1745 1032 1803 vel
1057 1746 1093 1803 V.
1118 1746 1219 1806 Nonas
1236 1746 1323 1820 Nor,
1346 1746 1426 1823 quod
1448 1745 1543 1806 solum
1566 1750 1711 1823 congruit.
1829 1752 1833 1759 '

357 1834 470 1893 Plinius
499 1836 576 1893 enim
606 1835 710 1893 triente
737 1832 883 1893 intervalli
914 1835 1081 1910 temporarii
1109 1832 1200 1892 distat
1222 1835 1260 1894 ab
1282 1833 1430 1906 Hesiodo,
1458 1834 1545 1895 hesse
1574 1850 1593 1894 a
1616 1835 1713 1896 nohis.

358 1922 394 1980 Et
415 1921 503 1981 nobis
525 1918 689 1980 occultatur
703 1921 844 1979 Arcturus
868 1921 917 1980 25.
935 1920 1090 1994 Novemb,
1114 1920 1247 1981 Hesiodo
1272 1923 1323 1980 25.
1344 1919 1461 1997 Octob,
1484 1938 1554 2000 ergo
1577 1919 1616 1982 ad
1639 1939 1714 1982 aua·

357 2006 474 2095 logiam*
488 2006 584 2067 Plinio
609 2008 637 2067 5.
660 2007 845 2068 Novembris«
887 2022 890 2029 ·

607 2147 658 2207 De
679 2148 879 2220 antoecis,
909 2148 1109 2225 perioecis
1133 2153 1169 2207 et
1197 2144 1459 2226 antipodlhus.
1567 2227 1570 2231 Ἢ

446 2269 529 2346 Quos
550 2269 709 2345 appellasti
729 2271 893 2346 pcupruphi
916 2266 1061 2346 ἄποικος,
1093 2287 1168 2346 quoa
1197 2293 1355 2349 asprorasc,
1387 2280 1415 2330 et
1436 2289 1511 2349 quos
1533 2268 1714 2342 durandum?

358 2358 478 2416 antoeci
502 2363 533 2417 et
554 2358 680 2434 periosci
703 2359 789 2432 quasi
812 2356 1013 2419 aduersicolae
1028 2366 1059 2419 et
1081 2357 1274 2420 circumcolae
1290 2358 1435 2420 dicuutur.
1480 2359 1605 2421 antoeci
1627 2359 1737 2420 habi-·

357 2452 419 2504 iant
451 2444 507 2503 sab
539 2444 643 2504 eodem
672 2444 834 2503 meridiano
865 2448 1009 2523 terrestri,
1041 2445 1094 2505 sed
1126 2448 1155 2505 in
1186 2445 1310 2508 diversis
1332 2446 1516 2519 climatibus,
1550 2447 1714 2524 aequaliter

358 2534 491 2606 utrinque
514 2530 693 2592 distantibus
719 2532 756 2591 ab
780 2538 956 2607 aequatore3
989 2541 1021 2591 ut
1043 2532 1085 2604 L,
1120 2530 1228 2602 Oisia.
1248 2545 1300 2599 44).
1347 2533 1478 2594 Periocci
1501 2542 1603 2594 contra
1626 2534 1713 2595 habi·

357 2626 419 2678 tant
440 2620 470 2677 io
495 2618 598 2679 eodem
622 2619 752 2692 climate,
783 2618 835 2678 sed
859 2620 1012 2679 contrariis
1042 2620 1107 2695 ejus
1129 2622 1307 2682 sectionibus
1330 2639 1397 2682 cum
1418 2620 1580 2680 meridiano
1602 2638 1661 2681 uno
1684 2631 1731 2683 et

357 2706 473 2778 eodem,
504 2713 536 2765 ut
559 2706 592 2780 L,
617 2706 650 2766 P.
683 2704 859 2783 =Antipodes
882 2716 912 2766 et
935 2709 964 2765 in
998 2706 1121 2766 diversis
1144 2707 1325 2788 climatibus,
1355 2708 1394 2769 ab
1416 2715 1576 2785 aequatore
1600 2726 1714 2786 aequa-

360 2792 423 2854 liter
444 2795 574 2868 remotis,
599 2800 629 2852 et
651 2795 679 2851 in
703 2795 854 2853 contrariis
876 2788 992 2854 illorum
1014 2811 1079 2854 curn
1104 2812 1164 2857 uno
1187 2797 1347 2856 meridiano
1370 2797 1569 2875 sectionibus,
1591 2794 1647 2858 hoc
1669 2794 1714 2857 est
1742 2792 1745 2797 ’

357 2879 565 2940 diametraliter
587 2883 713 2939 invicem
737 2883 896 2957 oppositis,
928 2880 1076 2955 habitant,
1105 2891 1139 2942 ut
1162 2882 1195 2955 L,
1221 2884 1256 2942 Α.
1302 2883 1404 2945 Solent
1426 2883 1517 2960 aliqui
1541 2900 1608 2958 eos,
1638 2901 1713 2961 quos

357 2975 494 3029 antoecos
517 2967 591 3041 dico,
614 2967 764 3045 appellare
785 2968 937 3042 o'nopooc
960 2968 998 3028 ad
1020 2972 1267 3046 comparationem
1290 2969 1469 3050 circumdor,
1499 2971 1578 3048 quod
1606 2978 1640 3031 ut
1667 2972 1712 3031 his

356 3055 462 3133 pedes,
496 3056 540 3114 sic
562 3054 620 3113 illis
641 3057 753 3114 humeri
785 3057 844 3114 sint
867 3057 994 3133 oppositi
1022 3063 1053 3116 et
1081 3058 1219 3133 obversi;
1248 3040 1390 3136 repauses}
1411 3075 1482 3120 vero
1505 3065 1535 3120 et
1556 3055 1714 3130 anchorae

357 3145 522 3220 promiscas
545 3143 643 3203 solent
664 3142 808 3204 interdum
830 3147 980 3203 nominare
1004 3140 1188 3224 ἀπιχθωας.

442 3230 560 3309 Quibus
580 3234 661 3290 iuter
681 3248 712 3289 ee
730 3231 970 3308 proprietatibus
992 3236 1251 3307 appormtiurum
1279 3232 1537 3310 disiinpuurstur?
1571 3234 1712 3297 antoecis
1791 3301 1794 3314 ,

357 3320 499 3377 contraria
521 3324 589 3376 sunt
611 3317 779 3377 discrimina
802 3325 964 3397 temporum
986 3319 1063 3393 anni,
1086 3323 1229 3396 perioscis
1253 3323 1397 3381 contraria
1417 3321 1586 3382 discrimina
1607 3321 1666 3383 diei
1682 3331 1712 3386 et
1780 3329 1785 3338 '

356 3408 455 3481 noctis,
479 3404 668 3482 antipodibus
685 3417 849 3482 utrumque.
892 3406 1035 3467 Autoecis
1058 3410 1135 3468 enim
1156 3408 1258 3469 eodem
1275 3416 1423 3469 momento
1436 3409 1582 3482 meridies,
1607 3410 1712 3473 eodem

355 3493 450 3555 medis
473 3509 549 3567 nor,
579 3500 611 3552 at
632 3499 730 3553 aestas
755 3504 785 3552 et
806 3493 869 3553 dies
892 3493 990 3555 alteris
1012 3493 1135 3571 longae,
1159 3494 1277 3573 quaudo
1300 3496 1420 3574 reliquis
1443 3496 1536 3557 hiems
1559 3507 1590 3558 et
1610 3507 1712 3559 noctes

355 3590 421 3641 aunt
450 3578 559 3656 longae
588 3588 618 3639 et
645 3582 783 3642 vicissim.
828 3581 938 3658 Excipe
968 3598 1073 3641 aonam
1102 3582 1257 3655 torridam,
1287 3585 1337 3643 ubi
1366 3601 1433 3644 cum
1464 3582 1567 3645 diebus
1590 3594 1709 3647 etcum

354 3676 463 3729 melate
491 3668 536 3728 sic
562 3674 608 3727 est
638 3675 837 3745 comparatum
860 3678 894 3727 ut
916 3668 994 3743 dixi3
1024 3669 1149 3731 hiemem
1172 3678 1296 3748 possunt
1317 3670 1405 3731 simul
1434 3669 1558 3745 habere,
1589 3680 1621 3733 at
1651 3691 1711 3733 non

352 3755 515 3834 aequaliter
538 3750 747 3831 comparatam,
770 3773 827 3816 nec
849 3755 991 3831 ejusdem,
1015 3757 1066 3815 sed
1083 3761 1220 3817 contrarii
1243 3775 1357 3818 census.
1403 3756 1453 3819 Sic
1477 3765 1507 3820 et
1528 3763 1630 3838 excipe
1653 3759 1710 3820 sli-

353 3844 424 3920 quid
449 3845 480 3900 in
502 3844 587 3901 aonia
609 3841 735 3919 frigidis,
768 3843 885 3919 quando
909 3846 1048 3902 continua
1071 3843 1134 3905 dies
1158 3853 1215 3916 esi,
1246 3863 1323 3921 quas
1345 3846 1384 3905 ob
1406 3852 1517 3906 motum
1540 3846 1618 3907 Solis
1639 3865 1711 3925 pro·

348 3935 443 4004 prium
468 3928 569 3990 alteris
593 3932 735 4007 contingit
757 3930 871 4007 longior
886 3948 974 4008 quam
997 3929 1126 4006 reliquis.
1172 3932 1318 3993 Perioecis
1341 3933 1404 3994 dies
1424 3940 1584 4010 noctesque
1607 3933 1710 3997 eodem

346 4023 483 4096 tempore
515 4019 654 4078 eveniunt
682 4035 775 4094 aeque
804 4017 926 4095 longae3
957 4017 1015 4078 diei
1048 4026 1146 4079 tamen
1176 4018 1302 4080 medium
1325 4019 1436 4081 hahent
1458 4020 1558 4095 alteri,
1591 4020 1710 4100 quaudo

343 4107 454 4183 reliqui
477 4104 604 4168 mediam
627 4112 751 4179 noctem,
774 4121 826 4166 seu
849 4122 948 4165 varam
972 4111 1103 4174 noctem,
1132 4123 1185 4167 seu
1207 4104 1365 4184 analogum
1389 4107 1459 4185 quid
1483 4106 1596 4169 mediae
1619 4111 1712 4170 noctis

340 4191 549 4269 Antipodibus
572 4194 669 4252 omnia
692 4196 836 4253 contraria
852 4194 1006 4253 eveniunt:
1030 4200 1174 4255 aestaset
1195 4194 1301 4272 longae
1324 4193 1396 4270 dies,
1421 4194 1469 4256 vel
1483 4203 1584 4257 noctes
1600 4196 1709 4272 nullae,

338 4280 468 4358 quando
492 4278 576 4340 alteri
598 4279 725 4341 hiemem
747 4288 776 4341 et
799 4281 903 4341 breves
926 4280 974 4341 vel
999 4281 1096 4341 nullas
1121 4281 1322 4355 dieshabent,
1345 4300 1404 4343 nox
1427 4299 1497 4343 vero
1513 4283 1564 4358 ibi,
1589 4285 1709 4360 quando

333 4362 388 4430 hic
415 4367 491 4440 dies,
515 4374 545 4427 et
567 4366 644 4441 dies,
669 4368 787 4445 qnando
809 4368 857 4427 hic
880 4385 948 4429 nox.
995 4368 1105 4429 Eodem
1130 4371 1247 4447 insuper
1269 4378 1432 4445 momento,
1463 4388 1522 4447 qno
1545 4372 1631 4433 nohis
1655 4372 1707 4434 soi

334 4458 444 4527 oritnr,
470 4454 578 4514 occidit
599 4455 666 4529 illis,
691 4462 721 4515 et
742 4456 861 4532 quando
884 4456 969 4516 nobis
993 4455 1108 4529 occidit,
1135 4456 1191 4517 illis
1214 4460 1315 4518 oritur.

432 4541 491 4601 His
514 4541 589 4601 adde
613 4543 885 4619 exsuperioribus,
918 4544 997 4621 quod
1021 4548 1153 4605 antoecis
1176 4553 1205 4605 et
1227 4544 1434 4623 antipodibus,
1468 4547 1577 4624 quippe
1606 4547 1710 4621 incolis

333 4630 485 4693 australis
506 4628 721 4707 hemisphaerii,
746 4633 908 4691 contrariae
931 4633 1151 4692 enarrationes
1174 4640 1253 4692 onus
1277 4641 1308 4694 et
1330 4649 1452 4694 occasus
1474 4631 1634 4711 stellarum,
1658 4653 1710 4696 as·

334 4721 583 4793 ceusiouumque·
600 4725 629 4777 et
651 4717 873 4779 descensionum
896 4719 1046 4795 signorum
1062 4718 1224 4798 eclipticas.
1268 4721 1345 4782 Nam
1359 4719 1471 4797 stellae,
1496 4739 1573 4799 quae
1593 4740 1708 4800 semper

333 4813 490 4887 appareat
510 4822 602 4881 peaes
624 4822 694 4878 nos,
725 4805 794 4865 illae
817 4809 924 4866 nostris
946 4809 1077 4867 antoecis
1100 4816 1130 4867 et
1152 4808 1343 4885 antipodlhus
1365 4824 1517 4886 nunqnam
1540 4818 1706 4884 cernuntur,

335 4903 368 4956 et
401 4910 481 4972 quas
511 4908 566 4952 nos
597 4909 747 4970 nunquam
771 4892 918 4968 videmus,
951 4892 994 4952 illi
1021 4912 1137 4972 semper
1160 4895 1269 4957 vident.
1315 4894 1443 4972 Reliqua
1464 4895 1561 4957 sidera
1584 4899 1709 4959 orientia

337 4989 370 5044 et
393 4979 562 5042 occidentia
589 4991 671 5040 ortus
700 4982 853 5041 occasibus
881 4986 1065 5058 permutant,
1097 4983 1243 5061 nobisque
1266 5001 1332 5044 cum
1355 4981 1429 5057 illis,
1459 4982 1565 5045 sedin
1588 4983 1707 5045 diversa

336 5079 427 5148 parte
449 5067 642 5130 revolutionis
665 5068 794 5143 diurnae,
818 5077 886 5128 suut
909 5071 1088 5129 communia:
1112 5071 1220 5147 quibus
1241 5074 1318 5132 enlm
1342 5086 1407 5131 eum
1429 5070 1569 5149 gradibus
1592 5089 1703 5148 aequa·

340 5159 415 5218 toris
446 5166 477 5218 et
508 5154 661 5232 eclipticas
692 5173 825 5233 quaeque
854 5173 943 5233 penes
972 5174 1026 5215 nos
1054 5158 1199 5232 oriuntur,
1230 5159 1332 5219 iisdem
1363 5176 1430 5220 curn
1451 5153 1593 5236 gradibus
1615 5177 1705 5237 penes
1812 5235 1814 5240 Ι

341 5245 412 5308 illos
443 5242 630 5308 occultantur
660 5251 690 5306 et
722 5243 861 5308 vicissim.
905 5244 1049 5308 Nimirum
1082 5248 1153 5323 quia
1184 5249 1274 5310 edum
1304 5250 1392 5325 aiprra
1423 5246 1597 5325 eclipticas,
1629 5264 1705 5324 quae
