4459 6275
925 493 1137 557 fliium
1171 496 1372 571 nmewu.
1427 498 1463 505 ”
1758 480 1825 569 a'rt

463 664 607 753 eumatio
629 672 814 753 dispergitur·
825 692 878 754 per
897 672 1095 738 semicirculos
1118 622 1206 753 totos,
1229 651 1268 738 at
1284 678 1324 739 eit
1344 680 1377 740 ia
1398 676 1519 757 quadris
1531 678 1675 753 multae,
1697 674 1757 739 leta
1772 694 1827 757 per
1901 640 1904 645 Ι

464 760 647 839 quadrantes
669 757 854 842 dispergitur,
878 768 1028 827 evanescit
1049 774 1110 826 tam
1132 767 1162 824 in
1185 765 1315 843 quadris,
1339 782 1428 844 qoem
1444 766 1473 825 tn
1489 764 1612 843 copulis,
1636 767 1765 827 maxima
1779 771 1826 827 est

439 876 441 880 ·
463 850 545 911 eirea
567 856 710 911 odontes.
750 851 784 909 ’4.
808 850 912 929 Itaque
934 854 1053 930 propiet
1068 850 1148 914 iliam
1172 859 1392 930 temporaneam
1407 852 1492 914 Lana
1505 850 1539 913 ar
1561 852 1650 914 mmel
1673 855 1704 912 in
1724 870 1825 917 monte

463 936 561 1011 tarda,
584 937 674 998 semel
698 934 801 1012 velox,
832 945 863 999 at
884 949 1002 1017 propter
1023 940 1100 1001 hanc
1122 940 1168 1000 bie
1192 941 1223 1000 tit
1246 940 1346 1016 tarda,
1369 941 1482 1002 scilicet
1504 943 1533 999 in
1555 949 1680 1018 atraque
1703 940 1824 1018 quadra,

463 1023 512 1085 bis
533 1023 639 1099 velox,
669 1026 698 1084 in
722 1032 844 1102 utraque
867 1027 980 1089 scilicet
1002 1026 1125 1106 copula'3
1157 1036 1187 1088 et
1214 1035 1296 1088 tanto
1320 1028 1450 1091 velocior
1471 1030 1578 1105 quovis
1600 1030 1684 1104 loco,
1712 1032 1824 1105 quanto

463 1112 592 1175 vicinior
613 1113 640 1172 ie
662 1119 707 1173 est
729 1113 851 1191 copulis.

555 1199 643 1277 Quod
668 1218 779 1260 nomen
806 1201 1173 1278 mutuaenutuae,
1206 1220 1285 1279 quae
1304 1220 1361 1278 per
1383 1203 1463 1262 tanc
1485 1202 1678 1264 anomalium
1700 1202 1826 1265 oritur?

463 1284 570 1365 Tycha
594 1287 690 1347 Brahe
719 1289 854 1349 inventor
885 1291 1137 1349 variationem
1166 1290 1247 1350 dixit.
1292 1291 1328 1349 ld
1358 1306 1464 1350 nomen
1488 1290 1539 1350 illa
1561 1291 1701 1364 retineto,
1732 1299 1766 1349 ut
1788 1307 1825 1349 ex

463 1376 532 1452 ipsa
553 1377 681 1435 neminie
701 1378 916 1452 ¹praerogativa
944 1376 1166 1451 admoneamur,
1198 1377 1280 1437 illam
1308 1377 1394 1438 aliter
1423 1380 1491 1443 oriri
1521 1396 1610 1455 quara
1632 1380 1823 1455 aequationee

463 1462 609 1523 homnae
632 1462 743 1537 dictas,
770 1480 834 1523 esee
863 1463 976 1525 scilicet
998 1465 1134 1525 accidens
1157 1473 1254 1525 motae
1276 1465 1384 1544 medii,
1413 1483 1501 1542 quem
1534 1466 1627 1526 rariet
1649 1468 1738 1526 etiem
1760 1466 1824 1525 alne

461 1552 693 1611 eeoentrlcitatis'
717 1554 840 1627 opera.'
1527 1558 1531 1565 '

556 1654 638 1735 Quid
658 1650 701 1715 tlt
722 1654 879 1715 variatio?
909 1654 962 1714 Est
983 1653 1109 1733 angulus
1133 1656 1359 1734 comprehensae
1383 1659 1458 1716 inter
1480 1657 1553 1717 dnae
1576 1656 1668 1717 lineae
1691 1674 1727 1717 ex
1751 1672 1821 1716 cen·

463 1748 509 1803 tro
541 1742 666 1817 Terrae,
701 1742 759 1803 loci
793 1742 895 1803 itunae
925 1759 1015 1820 prope
1045 1746 1105 1803 reri
1137 1753 1166 1803 et
1199 1747 1261 1805 teri
1294 1742 1481 1822 absolatique
1511 1744 1636 1805 indices:
1668 1743 1721 1805 sed
1752 1744 1823 1820 qaia

462 1828 606 1891 rhntdao
634 1830 813 1890 contusionis
843 1847 932 1890 causa
961 1847 1019 1911 non
1050 1834 1208 1908 pinguntur
1237 1834 1311 1892 istae
1340 1831 1437 1893 lineae
1467 1835 1496 1891 in
1522 1832 1683 1905 schemate,
1716 1832 1822 1892 rectius

462 1920 555 1997 tgum
577 1917 712 1978 definitur
734 1918 860 1978 variatio
882 1935 917 1977 ex
941 1916 1116 1992 cauea'eua,
1142 1918 1220 1996 quod
1235 1921 1273 1979 ait
1296 1922 1497 1996 promotionis,
1521 1938 1597 1997 quae
1620 1918 1652 1979 nt
1671 1918 1822 1993 alumine,

463 2006 630 2083 inaequalia
655 2014 687 2066 ct
716 2004 803 2067 realis
833 2008 969 2066 excessua
997 2024 1084 2082 super
1107 2006 1263 2084 aequalem
1292 2026 1345 2066 eeu
1368 2006 1474 2067 fictam.
1518 2006 1578 2069 Ubi
1602 2024 1674 2068 voce
1695 2023 1823 2083 memo·

463 2097 557 2156 tionis
579 2091 768 2170 intelligimus
792 2093 926 2153 ellectum
948 2095 977 2151 in
1000 2093 1141 2170 gradibus
1164 2103 1193 2153 ct
1216 2094 1359 2171 ecrupalia
1383 2096 1576 2173 elongationis
1597 2095 1698 2155 Lunae
1720 2092 1824 2155 uSole

462 2198 557 2260 prope
580 2197 680 2242 verae.
1482 2244 1484 2249 .

550 2286 634 2346 Doce
666 2287 803 2345 inuenire
839 2278 1043 2347 uamauoaem
1079 2290 1269 2363 peomctricc,
1305 2287 1470 2347 semotam
1506 2288 1663 2362 principia
1684 2284 1822 2362 'physica

461 2374 555 2461 libro.
574 2373 635 2434 IV.
657 2375 711 2452 fol.
734 2372 803 2431 364.
836 2380 864 2431 et
889 2391 967 2450 seqq.
998 2374 1124 2435 tradita.
1170 2372 1201 2434 Si
1225 2392 1261 2435 ex
1284 2382 1382 2434 centro
1406 2369 1530 2448 Terrae,
1561 2370 1716 2433 intervallo
1746 2388 1822 2449 qao·

462 2466 596 2541 cunque,
627 2458 807 2521 describatur
836 2460 997 2536 quadrans,
1030 2464 1163 2539 inceptus
1196 2462 1318 2529 alinea
1336 2454 1518 2539 'copularum
1547 2467 1576 2521 et
1599 2459 1749 2520 traductas
1771 2468 1838 2537 per¹

462 2549 574 2610 lineam
597 2548 654 2609 loci
677 2547 779 2607 Lunae
798 2566 890 2625 prope
915 2551 991 2624 veri,
1022 2557 1051 2609 et
1079 2551 1107 2608 in
1139 2566 1174 2608 eo
1198 2547 1358 2625 quadrante
1381 2547 1597 2626 rectangulum,
1629 2549 1706 2608 circu
1727 2545 1823 2607 lineae
1849 2590 1852 2595 ,

462 2636 536 2701 dicti
558 2636 618 2698 loci
633 2635 735 2695 Lanae
750 2635 923 2713 perticulam
945 2645 1095 2711 resectam,
1120 2643 1152 2695 at
1175 2639 1251 2698 circa
1266 2637 1440 2713 diagonion:
1464 2654 1532 2697 area
1548 2633 1708 2713 rectangali
1724 2632 1822 2710 hujus,

462 2724 587 2787 redacta
609 2726 636 2782 in
660 2721 813 2800 scrupula,
838 2722 966 2798 qualium
991 2724 1191 2802 rectangulum
1214 2728 1371 2787 maximum
1398 2725 1478 2784 valet
1500 2726 1553 2783 40‘
1577 2725 1640 2783 30”
1662 2722 1823 2783 secandum
1869 2727 1876 2738 “

462 2812 638 2893 Tychouem
666 2809 727 2889 (vel
751 2811 803 2869 δι’
825 2811 984 2870 secundum
1007 2814 1135 2872 rationes
1162 2811 1228 2871 libri
1252 2810 1332 2892 lV.),
1361 2811 1465 2890 prodet
1486 2811 1618 2880 valorem
1640 2810 1823 2885 variationis,

462 2902 659 2979 competentis
682 2896 833 2976 proposito
856 2898 923 2958 loco
947 2898 1049 2995 Lunap
1072 2917 1164 2977 prope
1187 2917 1290 2959 vero·
1888 2898 1893 2909 ’

434 2996 440 3007 “
556 3001 590 3055 ia
608 2998 746 3055 schemate
765 2998 809 3054 89.
828 2999 865 3053 sit
881 3004 974 3054 centro
994 3000 1094 3054 Terrae
1112 3000 1138 3054 Α
1156 2999 1309 3070 descriptus
1328 2997 1463 3070 quadrans
1474 2998 1523 3054 EY
1541 3014 1557 3053 a
1575 2997 1649 3052 linea
1666 2995 1827 3067 copulamm

462 3078 514 3135 ΗΑ
539 3093 591 3150 per
614 3077 715 3133 Bucam
738 3076 791 3131 loci
810 3076 904 3132 Lunae
922 3078 983 3148 AL,
1010 3094 1080 3149 quae
1103 3076 1185 3133 debet
1203 3080 1296 3134 secare
1314 3079 1491 3149 quadrantem
1509 3077 1538 3132 ia
1556 3078 1596 3146 R,
1621 3075 1659 3130 ait
1676 3077 1751 3131 circe
1769 3075 1828 3142 alt,

463 3165 495 3214 ut
513 3155 672 3227 diagonioe,
693 3157 880 3224 rectangulum
900 3158 954 3227 CX,
975 3159 1026 3215 erit
1043 3176 1107 3215 arca
1126 3159 1172 3214 CX
1189 3174 1318 3214 mensura
1335 3158 1505 3222 variationis,
1528 3172 1598 3226 qaae
1617 3155 1752 3227 competit
1767 3154 1829 3210 loco

461 3237 560 3294 Lunae
578 3249 667 3314 prope¹
683 3250 756 3305 vero,
775 3251 825 3305 per
842 3235 941 3291 lineam
960 3238 1015 3294 AL·
1026 3237 1156 3295 indicato.
1230 3309 1232 3314 Ι
1637 3247 1642 3252 ’

551 3325 621 3388 Hoc
641 3334 729 3405 pacto
752 3326 899 3404 cimoliae,
930 3334 981 3407 qui
1012 3339 1152 3391 aceutro
1184 3329 1336 3391 e'ccentrici
1360 3329 1384 3388 B
1409 3329 1485 3388 eirca
1513 3331 1646 3386 centrum
1668 3325 1832 3389 TerrueA

463 3415 780 3493 describitur,aream
803 3433 903 3490 auam,
935 3436 1011 3493 qaae
1034 3420 1115 3496 prius
1138 3417 1287 3479 serviebat
1310 3415 1478 3492 aequationi
1502 3418 1673 3474 menstruae
1703 3415 1834 3478 sermen-

462 3503 588 3574 taudae,
613 3504 801 3563 nuncetiam
826 3506 982 3563 variationi
1005 3505 1204 3582 expediendae
1229 3500 1446 3573 accommodat,
1479 3506 1511 3557 ut
1532 3513 1592 3558 nou
1617 3517 1696 3577 opas
1719 3502 1835 3564 habea·

461 3609 529 3653 ntus
557 3597 703 3668 apparatu
734 3590 847 3666 majori.
902 3590 941 3648 at
970 3592 1130 3651 secandam
1162 3581 1333 3668 Tyclroaem
1364 3586 1462 3645 Brahe
1494 3601 1531 3643 cx
1566 3585 1633 3644 loco
1664 3586 1771 3650 Lunae
1805 3590 1834 3647 in

461 3677 602 3757 ecliptica
624 3695 716 3755 prope
737 3693 806 3748 vero
828 3677 998 3738 scribendus
1012 3685 1058 3737 eet
1079 3680 1107 3735 in
1124 3676 1277 3754 eapertioie
1300 3674 1424 3732 diarum
1439 3669 1586 3743 circellua,
1609 3674 1837 3735 semidiametro

462 3767 517 3826 tc‘
540 3767 621 3841 e0‘¹;
645 3765 709 3840 ejas
731 3765 786 3824 rub
809 3765 945 3842 ecliptica
968 3772 1069 3825 tensae
1085 3762 1238 3842 particula,
1261 3755 1441 3837 respondens
1466 3757 1546 3814 ainai
1561 3756 1737 3833 duplicatae
1754 3762 1838 3822 eloa-

460 3854 593 3934 gationis
616 3869 708 3929 prope
732 3869 818 3914 verae
840 3851 943 3913 Lunae
966 3871 985 3912 a
1007 3852 1085 3926 Sole,
1110 3853 1164 3912 erit
1187 3849 1312 3910 variatio
1335 3850 1517 3921 competens.
1889 3933 1893 3946 ῃ

552 3961 634 4034 Quia
660 3958 737 4019 libro
766 3958 800 4018 V.
824 3974 970 4034 carpana
995 3958 1058 4034 suit
1084 3955 1302 4016 demmtstratio
1333 3949 1595 4026 aequipollentiae
1623 3950 1720 4023 plani
1749 3953 1841 4025 emm

457 4064 535 4120 ¹eratin
559 4046 661 4106 ceusu
679 4047 821 4123 physicis,
845 4047 922 4106 libro
946 4042 1006 4105 IV.
1031 4043 1229 4116 introductio,
1253 4037 1361 4116 expedi
1383 4037 1473 4096 illam
1497 4035 1557 4094 tric.
1603 4035 1761 4097 Memento
1784 4037 1843 4113 igi·

460 4141 524 4210 tur,
556 4131 614 4193 hoc
636 4150 702 4193 esso
724 4135 851 4211 positum
879 4132 954 4191 libro
978 4131 1039 4206 IV,
1070 4129 1149 4208 quod
1179 4130 1278 4189 lumen
1301 4123 1381 4185 Solis
1405 4122 1534 4200 adjuvet
1556 4124 1690 4199 speciem
1714 4123 1844 4185 Telluris

460 4217 614 4284 matricem
637 4223 666 4278 in
689 4223 878 4298 proportione
901 4217 1049 4296 duplicata
1071 4219 1145 4295 ojus,
1170 4234 1258 4293 quam
1281 4219 1383 4273 teuent
1408 4211 1493 4268 ainus
1510 4207 1724 4285 complementi
1747 4226 1844 4288 angu-

460 4309 569 4383 lomm,
594 4309 704 4386 quibus
727 4307 911 4385 applicentur
933 4308 1058 4366 invicem
1081 4307 1196 4383 species
1218 4302 1339 4362 luminis
1360 4297 1453 4371 Solis,
1478 4303 1513 4353 ut
1536 4293 1711 4372 superficies
1735 4296 1845 4375 ephae-

420 4409 434 4448 ·-
460 4399 530 4460 rios.
553 4394 703 4457 luminosa¹
727 4398 804 4455 circa
825 4393 924 4454 Solem
948 4401 1047 4468 tensa,
1078 4401 1108 4452 et
1134 4385 1429 4469 specieeephaerica
1457 4385 1594 4460 corporis
1616 4381 1745 4443 Telluris
1769 4385 1845 4443 circe

460 4485 613 4548 Tellurcm
636 4494 730 4544 tensa.

551 4584 589 4642 Ut
607 4584 672 4652 quia
689 4583 722 4638 in
736 4582 763 4636 Η
781 4581 880 4651 copula
897 4579 1014 4648 angulus
1033 4585 1075 4632 eet
1092 4574 1198 4644 nnllna,
1216 4586 1312 4629 merua
1332 4570 1441 4626 scilicet
1461 4572 1609 4624 contactae
1623 4566 1777 4637 epeciemm
1789 4583 1844 4621 mo-

456 4662 590 4734 -rertiam,
610 4660 703 4734 anguli
722 4676 786 4716 vero
803 4663 834 4717 0⁰
852 4657 1080 4728 complementum
1099 4659 1142 4707 est
1160 4653 1221 4720 90⁰,
1251 4663 1341 4718 quare
1362 4647 1441 4701 sinus
1460 4645 1514 4700 Ea
1533 4661 1614 4700 araus
1632 4644 1696 4712 EY,
1716 4646 1776 4713 90⁰,
1801 4651 1843 4736 eat
1867 4699 1870 4704 ,

460 4755 591 4798 mensura
617 4739 768 4810 adiumenti
790 4758 807 4796 a
830 4739 930 4794 lumine
952 4737 980 4791 ia
1004 4735 1036 4787 Η.
1072 4729 1200 4786 Vicissim
1224 4730 1254 4784 in
1272 4727 1286 4782 1
1306 4724 1484 4796 quadratura
1508 4723 1661 4792 speciemm
1685 4723 1842 4790 superficies

460 4824 557 4878 seem
574 4835 606 4878 se
628 4821 664 4878 ed
681 4826 786 4889 rectos,
811 4819 878 4874 recti
896 4831 959 4870 vero
983 4829 1031 4868 seu
1050 4812 1100 4867 90⁰
1118 4808 1356 4877 complementum
1375 4809 1419 4858 est
1438 4803 1483 4869 0⁰,
1510 4816 1599 4869 eoque
1623 4806 1650 4853 et
1668 4798 1743 4888 pians
1761 4797 1841 4868 hujus

416 4935 418 4940 ·
461 4906 505 4956 est
522 4889 612 4956 nihili
630 4897 736 4954 nullam
761 4896 844 4965 igitar
865 4900 956 4948 motus
980 4891 1169 4958 adJumentum
1196 4884 1345 4940 alumine
1365 4879 1437 4934 Sulis
1462 4878 1550 4933 sentit
1565 4880 1644 4933 Lana
1666 4891 1694 4929 rn
1711 4875 1726 4927 l
1741 4875 1840 4943 posite„

460 4977 500 5036 Et
516 4979 546 5035 in
564 4975 599 5049 L,
616 4976 709 5048 posito
728 4975 801 5046 qnod
820 4972 955 5042 elongatio
973 4969 1049 5025 HAL
1068 4966 1112 5022 vel
1131 4965 1212 5020 ΕΑΒ
1229 4964 1311 5032 (qaia
1329 4962 1381 5016 AL
1400 4965 1430 5012 et
1442 4957 1495 5012 AR
1512 4955 1613 5011 debent
1626 4965 1686 5006 esee
1703 4965 1758 5008 ant
1769 4953 1841 5012 linea
