4459 6275
507 800 571 865 110
937 829 941 845 ·
1001 798 1143 870 Epitomes
1161 798 1352 857 mauronius

507 984 537 1039 et
559 976 686 1056 angulus
709 976 936 1039 meridiamnrm
966 984 1010 1040 est
1032 977 1236 1056 quaerendus:
1267 976 1320 1038 sed
1349 992 1504 1063 processus
1531 993 1586 1057 pro
1617 968 1777 1039 aidtndlne
1802 975 1864 1056 poli

506 1082 596 1144 super
616 1064 798 1127 horizontem
819 1065 877 1126 ioci
900 1069 989 1126 utitur
1011 1064 1168 1128 altitudine
1190 1067 1358 1143 aequatoris
1381 1083 1435 1126 seu
1457 1062 1598 1125 distantia
1618 1065 1682 1144 poli
1703 1082 1724 1125 a
1742 1066 1864 1139 1111111,

506 1153 582 1215 haee
603 1154 679 1215 enim
695 1162 741 1214 est
763 1152 888 1213 altitudo
911 1153 973 1231 poli
994 1170 1082 1231 super
1103 1153 1225 1231 planum
1247 1152 1415 1230 meridiani3
1439 1153 1468 1210 in
1488 1154 1593 1214 ceteris
1607 1159 1652 1214 est
1669 1151 1761 1230 plane
1775 1150 1863 1225 idern,

506 1241 557 1317 qui
579 1241 661 1317 prins
683 1242 713 1299 in
736 1240 894 1301 inclinatis.
940 1241 992 1300 Est
1014 1248 1114 1303 autem
1129 1249 1159 1303 et
1181 1241 1254 1303 haec
1269 1240 1394 1302 altitudo
1417 1238 1479 1317 poli
1494 1242 1615 1302 inventa
1637 1256 1756 1319 semper
1769 1240 1864 1301 mmor

506 1336 649 1406 usurpata
672 1328 812 1388 distantia
834 1328 898 1404 eJus
920 1347 939 1387 a
962 1330 1080 1388 vertice.
1217 1388 1222 1396 ,

596 1414 680 1493 Quid
696 1415 851 1491 egendum
873 1423 915 1474 est
936 1424 1111 1476 astronomo
1134 1433 1202 1475 cum
1226 1416 1346 1475 1111101
1364 1413 1579 1492 positionum?
1608 1410 1795 1493 ‚Quaerenda
1815 1421 1861 1475 tet

507 1502 635 1562 elevatio
664 1501 725 1579 poli
747 1517 835 1578 super
858 1500 973 1562 illorum
996 1519 1251 1581 unumquemque,
1284 1501 1376 1563 veluti
1407 1518 1494 1579 super
1515 1500 1644 1579 aliquem
1666 1501 1861 1563 horizontem

507 1591 634 1651 Rursum
656 1598 755 1652 autem
777 1592 835 1649 ista
857 1607 971 1666 semper
993 1593 1087 1650 minor
1109 1597 1155 1652 est
1176 1589 1343 1651 elevatione
1365 1588 1427 1668 poli
1448 1605 1538 1666 super
1558 1588 1745 1650 horizontem
1765 1588 1835 1649 loci.

598 1676 681 1737 Unde
702 1677 776 1736 llaec
797 1676 950 1737 babetur?
980 1677 1037 1738 Vel
1061 1696 1096 1736 ex
1109 1678 1308 1737 inclinatione
1336 1676 1436 1738 circuli
1458 1677 1640 1753 positionum
1661 1675 1701 1737 ad
1723 1674 1863 1739 maridis·

507 1781 576 1824 num
599 1763 670 1840 loci,
703 1764 851 1842 quomodo
876 1764 1043 1842 Campanus
1068 1774 1096 1824 et
1120 1764 1253 1824 Gazulus
1282 1763 1406 1825 circulos
1438 1763 1590 1824 domornm
1618 1770 1809 1839 coemunt,
1836 1772 1866 1825 et

510 1860 579 1911 tuno
601 1868 756 1929 processus
780 1860 825 1911 est
846 1850 933 1929 plane
956 1850 1034 1914 idem
1058 1852 1109 1929 qul
1131 1852 1220 1930 priua,
1244 1868 1310 1911 cum
1332 1848 1458 1912 altitudo
1480 1848 1542 1928 poll
1565 1856 1757 1929 quaereretur
1776 1866 1865 1931 snper

506 1939 646 1999 circulum
667 1939 750 2016 plani
771 1938 903 1999 inclinati
926 1942 955 1999 in
978 1942 1179 2019 gnomonicis,
1203 1938 1252 2000 rel
1275 1957 1311 1999 er
1334 1956 1403 1999 arcu
1426 1940 1593 2016 aequetoria
1618 1940 1694 2001 inter
1725 1937 1865 2000 multila-

508 2044 576 2086 num
600 2036 630 2087 et
652 2024 792 2086 circulum
814 2029 985 2104 positionis,
1017 2027 1165 2105 quomodo
1187 2026 1439 2103 Regiomontanus
1469 2023 1594 2087 circulos
1617 2026 1772 2087 domorum
1794 2042 1865 2087 een-

508 2117 603 2172 struit.
649 2114 733 2173 lune
754 2113 895 2173 iermatur
917 2115 1119 2192 rectiangulum
1142 2133 1178 2174 ex
1201 2113 1378 2189 meridiano,
1410 2122 1571 2190 aequatore
1594 2121 1623 2175 et
1649 2113 1761 2174 circulo
1783 2115 1864 2191 posi·

511 2203 614 2275 tionis,
638 2203 667 2259 in
690 2216 750 2277 quo
773 2200 852 2260 latus
875 2204 903 2259 in
927 2211 1085 2278 aequatore
1102 2202 1197 2276 datur,
1220 2201 1298 2263 latus
1314 2204 1343 2260 in
1367 2201 1527 2262 meridiano
1544 2208 1588 2261 est
1610 2199 1738 2261 altitudo
1752 2218 1865 2279 aeum-

507 2291 592 2363 torie3
617 2304 708 2366 quare
730 2289 756 2347 el
780 2290 931 2367 oppositus
954 2289 1079 2365 angulus
1103 2307 1162 2349 non
1186 2292 1292 2367 poterit
1313 2307 1369 2349 nos
1391 2290 1509 2367 ingere,
1539 2306 1627 2365 quem
1650 2290 1774 2349 metitur
1795 2288 1864 2349 elti-

508 2375 580 2435 tudo
603 2377 772 2454 aequatorls
793 2394 882 2453 super
905 2376 1044 2437 circulum
1071 2379 1237 2454 positionis.

664 2474 814 2530 Processus
832 2483 875 2530 est
891 2475 957 2531 iste:
977 2479 1091 2529 Altitudo
1110 2482 1256 2547 sequuturis
1273 2479 1377 2531 locisit
1394 2478 1512 2546 41044‘,
1530 2486 1635 2543 1111111
1669 2480 1762 2533 80101

544 2549 622 2597 Arcus
642 2551 784 2615 aequaturis
802 2551 866 2597 inter
884 2550 1047 2598 nrsrltllanunr
1066 2558 1091 2598 et
1110 2550 1229 2600 circulum
1248 2545 1381 2613 positionis
1397 2552 1431 2599 slt
1448 2548 1497 2602 30⁰
1514 2550 1547 2609 0‘,
1565 2551 1635 2599 sinus
1672 2552 1762 2603 00000

610 2618 725 2668 Dividat:
749 2621 865 2683 quotiens
889 2622 972 2669 80201
994 2637 1000 2666 :
1021 2623 1107 2672 50000
1126 2639 1161 2664 =
1182 2623 1284 2671 178400
1310 2625 1348 2669 est
1371 2627 1474 2679 tangens
1494 2635 1566 2670 arcus
1589 2620 1638 2670 60⁰
1655 2622 1700 2671 44‘
1724 2619 1864 2670 aluminis

507 2690 652 2749 aequatoris
671 2703 745 2751 super
757 2688 877 2738 circulum
896 2692 1039 2752 positionis.
1077 2692 1140 2751 Ergo
1160 2692 1208 2741 ⁶2⁹⁰
1228 2694 1268 2741 1o·
1288 2697 1326 2741 est
1343 2690 1451 2739 altitudo
1470 2690 1523 2754 poll
1541 2705 1616 2754 super
1633 2691 1752 2743 eundem.

601 2776 669 2853 (luo
697 2776 875 2838 documento
902 2786 1031 2853 comici,
1068 2780 1265 2839 altitudinem
1290 2781 1357 2856 poli
1387 2783 1422 2838 in
1451 2778 1522 2838 locis
1552 2778 1722 2854 superficiei
1756 2776 1866 2839 Tarm

505 2880 703 3011 1611ξὶ1ἑηῖἲῖ
722 2865 878 3012 {mem
911 2865 1026 2943 Pragae
1050 2877 1119 2928 ante
1136 2869 1199 2927 200
1214 2885 1308 2927 annos
1332 2868 1490 2927 observate
1505 2872 1551 2925 est
1572 2865 1700 2926 altitudo
1723 2865 1789 2943 poli
1812 2862 1865 2925 50⁰

541 2992 549 3024 ,
812 2996 819 3010 .

594 3057 691 3132 Atqui
711 3056 783 3115 Jon.
808 3054 913 3115 biurio
935 3064 1007 3116 ante
1029 3058 1089 3116 100
1111 3073 1210 3117 annos
1232 3056 1383 3117 dubitante
1403 3055 1441 3116 de
1460 3057 1515 3118 noc
1542 3056 1670 3133 upitus,
1700 3072 1866 3133 comperu-

507 3146 587 3205 ts'one
606 3145 812 3222 peopropbioe
827 3145 1025 3205 Ptolemaieae
1047 3163 1118 3204 mm
1133 3146 1292 3207 meduna.
1306 3139 1350 3221 99)
1396 3144 1532 3205 creditur
1547 3143 1634 3222 culpa
1648 3147 1679 3202 in
1693 3143 1866 3204 Ptolemaeo

508 3232 637 3306 haerere,
662 3233 713 3309 qni
737 3234 766 3290 in
790 3232 862 3291 loeis
886 3231 1045 3292 occidentis
1068 3250 1127 3292 non
1150 3250 1248 3294 coram
1271 3233 1485 3305 observaverit,
1516 3229 1569 3292 sed
1591 3248 1627 3292 ea
1648 3229 1754 3309 procul
1777 3230 1866 3292 dubie

507 3337 544 3378 ex
566 3318 669 3379 tabula
691 3319 888 3396 geographica
917 3320 1013 3379 minus
1037 3328 1175 3380 accurata
1198 3322 1443 3397 transscripserit,
1472 3327 1522 3379 ant
1545 3336 1580 3379 ex
1603 3317 1788 3397 longitudine
1811 3317 1867 3380 diei

507 3410 647 3479 aestivae,
672 3410 716 3466 uti
739 3425 804 3466 eam
828 3424 863 3466 ex
888 3425 986 3466 crasso
1009 3407 1104 3467 relatu
1128 3407 1278 3482 didicerat,
1302 3409 1532 3484 investigaverit

597 3493 755 3571 Quomodo
785 3497 930 3553 metimus·
959 3496 1155 3555 altitudinem
1185 3496 1287 3554 uellere
1313 3503 1370 3554 eut
1397 3496 1575 3553 diduntim
1597 3495 1663 3557 emes
1689 3513 1711 3552 u
1733 3493 1866 3554 urtice?

506 3582 703 3641 instrumento
734 3581 920 3658 qtrndrantls,
952 3599 1005 3641 seu
1035 3581 1177 3655 solitarii,
1209 3600 1261 3642 seu
1289 3583 1315 3641 is
1345 3585 1383 3641 sit
1410 3599 1479 3659 pars
1509 3580 1609 3641 circuli
1632 3583 1664 3638 in
1685 3581 1867 3658 astrolabio,

507 3670 591 3745 cujus
615 3668 733 3746 quidem
757 3669 927 3745 quadrantis
950 3686 1041 3728 unum
1064 3671 1141 3730 latus
1166 3669 1308 3729 beneflcio
1330 3669 1531 3746 perpendiculi
1559 3671 1587 3726 in
1611 3677 1755 3745 punctum
1776 3673 1867 3729 verti·

507 3757 570 3817 calo
593 3755 752 3835 dirigatur,
781 3756 906 3815 alterum
930 3759 958 3814 in
981 3758 1103 3834 planum
1126 3759 1295 3827 horizontis,
1319 3765 1347 3816 et
1369 3766 1440 3816 tunc
1454 3755 1556 3832 regula
1578 3758 1644 3815 vien
1663 3755 1739 3816 duce
1761 3765 1792 3817 et
1813 3755 1868 3816 ad·

510 3844 650 3905 minicnlo
673 3843 908 3921 pinnacidiorum
924 3846 953 3902 in
969 3843 1085 3904 stellam
1101 3852 1146 3904 est
1168 3842 1329 3921 dirigenda.
1366 3841 1450 3918 Quae
1473 3853 1614 3919 quantum
1630 3849 1700 3902 tunc
1722 3843 1868 3904 abscindit

508 3932 543 3992 de
572 3932 663 3993 limbo
693 3931 806 4004 diviso,
838 3939 920 3990 tanta
949 3936 1157 4007 pronunciatur
1186 3931 1311 3991 altitudo
1342 3931 1463 4006 stellae,
1493 3930 1638 4006 siqnidem
1667 3931 1817 4007 1111111111
1838 3933 1867 3990 in

507 4029 606 4099 partes
631 4022 672 4079 90
688 4019 802 4078 divisus
817 4019 865 4090 sit,
888 4020 1093 4094 progrediente
1109 4021 1310 4079 numeratione
1325 4019 1364 4077 ab
1387 4018 1538 4078 horizonte
1553 4035 1685 4090 sursum3
1707 4019 1867 4079 sinautem

508 4125 661 4168 asumma
690 4123 793 4166 versus
823 4104 1004 4165 horizontem
1026 4106 1167 4183 procedat
1190 4105 1260 4165 ordo
1284 4122 1483 4179 numerorum,
1517 4115 1585 4165 tunc
1616 4104 1800 4165 abscinditur
1822 4105 1867 4164 di·

508 4197 617 4254 stantia
639 4192 742 4252 stellae
766 4212 784 4252 a
807 4195 926 4252 uertice.

578 4294 608 4346 ln
629 4291 765 4347 schemate
785 4293 827 4348 31.
846 4291 949 4347 directa
969 4293 1002 4346 sit
1021 4294 1068 4347 sill
1088 4294 1115 4348 ia
1128 4293 1303 4358 herusalem,
1322 4291 1370 4346 AF
1389 4291 1417 4346 in
1436 4291 1569 4360 verticem,
1588 4290 1637 4345 nti
1651 4289 1747 4360 regala
1765 4293 1793 4347 in
1806 4291 1868 4348 atel·

509 4371 570 4438 lem,
590 4388 653 4440 ergo
671 4371 717 4427 BC
734 4371 904 4442 reputabitur
922 4388 971 4441 pro
990 4372 1132 4427 altitudine
1153 4370 1256 4426 stellae.
1276 4371 1320 4424 CF
1338 4387 1388 4439 pro
1409 4371 1538 4426 distantia
1556 4370 1616 4437 ejus
1635 4385 1651 4423 a
1670 4369 1780 4424 vertice.

600 4463 755 4540 Ortomodo
778 4468 978 4535 renascitur,
1007 4466 1124 4524 stellam
1153 4466 1207 4525 ltoc
1230 4473 1380 4524 momento
1402 4481 1460 4523 esse
1482 4467 1516 4521 in
1537 4462 1709 4522 meridiano
1732 4471 1761 4520 et
1777 4463 1869 4538 ‚ultis-

508 4555 632 4622 simnrn,
656 4569 724 4610 eum
747 4553 938 4611 meridianus
960 4554 1091 4611 circulus
1112 4571 1177 4613 non
1198 4560 1303 4628 puteat
1326 4552 1421 4611 oculis
1445 4555 1478 4609 in
1500 4550 1602 4611 eoem?
1635 4549 1868 4627 Investigatione

510 4639 603 4698 lineae
629 4637 807 4699 meridianae
838 4649 868 4699 et
891 4637 1083 4699 collocatione
1112 4640 1283 4716 quadrantis
1306 4657 1394 4716 super
1415 4638 1497 4698 illam
1519 4647 1570 4697 aut
1593 4637 1657 4713 ejus
1680 4635 1870 4714 parallelam3

509 4725 595 4786 stella
623 4727 698 4784 enirn
722 4727 750 4784 in
773 4725 831 4787 boc
853 4727 973 4805 planum
993 4727 1093 4804 judice
1119 4731 1183 4788 visu
1206 4726 1337 4787 incidens
1360 4735 1405 4787 est
1428 4729 1456 4784 in
1478 4725 1648 4788 meridiano.

599 4811 755 4890 Quomodo
776 4815 859 4873 lineo
883 4813 1055 4876 meridiane
1077 4815 1231 4876 babetur?
1264 4813 1354 4876 Varie
1377 4822 1407 4874 ct
1434 4813 1524 4886 haec,
1555 4811 1608 4873 sed
1637 4807 1745 4870 modus
1780 4809 1870 4888 hujus

511 4903 567 4960 loci
592 4901 726 4977 proprius
749 4908 779 4959 et
801 4901 1038 4979 expeditissimus
1062 4911 1107 4962 est
1130 4907 1201 4964 iste:
1224 4910 1310 4962 nocta
1333 4901 1413 4963 clara
1434 4904 1546 4978 respice
1570 4899 1607 4960 ad
1632 4897 1750 4958 stellam
1773 4909 1870 4959 exire-

510 5007 587 5047 mam
620 4991 649 5046 in
678 4986 772 5046 canda
797 4985 888 5050 Ursae
918 4992 1050 5065 minoris,
1082 4999 1128 5049 est
1155 4992 1231 5049 enirn
1255 5006 1346 5068 prope
1366 4990 1486 5067 polum3
1515 4990 1615 5063 itaque
1637 4986 1728 5064 plaga
1752 4985 1805 5045 illa
1827 4993 1872 5046 est

511 5075 600 5152 plaga
630 5077 835 5152 septentrionis
867 5078 895 5133 in
930 5086 1031 5137 nostro
1062 5078 1278 5156 hemisphaerio
1310 5086 1339 5138 et
1369 5096 1384 5136 e
1413 5079 1532 5153 regione
1563 5076 1627 5150 eJus
1658 5082 1703 5132 est
1737 5072 1872 5134 meridies

512 5169 778 5240 praeterpropter.
824 5161 950 5240 Cognita
978 5164 1066 5242 plaga
1089 5165 1220 5224 meridiei
1244 5165 1319 5242 elige
1342 5164 1466 5237 stellans,
1491 5181 1566 5240 quae
1590 5181 1608 5221 a
1631 5157 1751 5222 meridie
1774 5170 1819 5221 est
1834 5157 1873 5220 ad

510 5249 686 5312 flens.
706 5265 814 5312 seru
841 5257 935 5322 ortem
966 5253 1030 5330 elas
1058 5269 1131 5332 caps
1160 5251 1345 5315 altitudinem
1372 5252 1428 5312 DE
1455 5249 1729 5329 perquirentem
1756 5247 1814 5310 Ti)
1843 5256 1873 5310 et
