4459 6275
506 821 567 884 196
1007 813 1151 883 Epitomes
1167 812 1359 869 astronomiae

476 1012 479 1019 ·
573 990 613 1044 -ln
631 987 771 1045 schemate
788 987 831 1043 28.
850 992 914 1041 sant
938 985 985 1041 TO
1003 991 1032 1041 et
1049 987 1107 1056 PV,
1129 985 1202 1042 eirca
1228 985 1306 1054 polos
1329 982 1486 1052 aequatoris
1504 982 1535 1050 B,
1555 983 1576 1038 0
1597 983 1704 1052 spolia
1722 980 1867 1052 eclipticas

501 1069 533 1138 0,
552 1069 573 1122 P
592 1068 730 1138 descripti.
775 1064 778 1069 ’

595 1167 682 1245 Quae
704 1167 770 1227 loeo
798 1165 910 1224 Terrae
932 1165 1061 1224 subsunt
1082 1164 1197 1224 circula
1216 1165 1321 1239 palari
1342 1163 1477 1224 arctico?
1522 1162 1654 1224 Mediam
1685 1162 1798 1239 trajicit
1820 1160 1866 1219 ls-

501 1254 650 1329 landlam,
674 1253 789 1314 Thulen
814 1252 962 1313 veteribus
985 1252 1109 1326 dietam,
1140 1255 1228 1311 sitam
1251 1255 1281 1310 iu
1304 1268 1415 1311 oceano
1439 1250 1660 1327 septentrionali
1682 1267 1776 1325 supra
1798 1248 1865 1308 Bri-

503 1344 644 1402 tanniam.
691 1342 834 1402 Emensus
863 1347 963 1399 autem
985 1338 1068 1397 illum
1092 1356 1248 1413 oceanum,
1280 1354 1446 1415 supremam
1475 1338 1663 1415 Norwegiam
1695 1335 1866 1414 ingreditur,

502 1430 572 1490 inde
606 1429 741 1489 ultimam
774 1444 921 1488 recessum
956 1428 1037 1486 sinus
1061 1426 1183 1500 Bodlei,
1217 1428 1246 1484 in
1279 1443 1367 1503 quem
1396 1444 1432 1485 er
1460 1429 1533 1486 mari
1555 1425 1670 1487 Baltico
1700 1426 1866 1501 navigatur,

501 1525 722 1594 praetervectus
745 1515 948 1592 Lappiamque
976 1532 1125 1590 emensus,
1158 1515 1187 1571 ia
1211 1517 1306 1573 sinum
1329 1512 1556 1574 Moscoviticam
1578 1513 1727 1588 illabItu13
1759 1511 1866 1571 Tarta·

504 1607 577 1664 rlam
599 1612 698 1663 autem
722 1612 880 1663 extremam
904 1610 932 1662 et
956 1600 1109 1679 Cathayae
1132 1600 1220 1660 litora
1242 1600 1393 1673 delibans,
1423 1601 1527 1661 fretum
1549 1600 1647 1662 Anien
1680 1614 1795 1661 oceano
1817 1596 1867 1661 Si·

438 1740 440 1747 .
502 1693 586 1753 nensi
609 1693 779 1767 contiguum
802 1691 926 1766 trajicit,
956 1697 985 1748 et
1009 1689 1044 1749 de
1067 1688 1180 1764 reliquo
1204 1706 1236 1748 se
1259 1690 1414 1765 incognitis
1443 1688 1595 1749 American
1617 1688 1693 1747 loeis
1715 1686 1828 1759 condit,
1851 1703 1866 1745 a

503 1781 609 1856 quibus
640 1781 667 1835 in
691 1780 765 1838 irato
789 1777 885 1837 Davia
915 1779 1019 1836 iterum
1050 1779 1172 1852 emergit
1202 1779 1409 1852 proximasque
1434 1774 1633 1836 Gronlandiae
1657 1792 1726 1835 oras
1749 1773 1866 1849 trajicit,

504 1869 533 1924 in
556 1883 588 1926 se
611 1864 728 1925 rediens
751 1864 830 1942 apud
853 1863 978 1923 Thulen.

594 1953 683 2030 Quae
705 1955 771 2013 looa
792 1952 903 2011 Terrae
924 1951 1066 2010 incidunt
1089 1954 1123 2010 iu
1141 1951 1283 2025 potarem
1298 1951 1526 2011 antarcticum?
1553 1950 1600 2010 Ad
1615 1949 1667 2010 illa
1682 1965 1781 2026 usque
1802 1948 1867 2009 loen

503 2042 709 2117 navigantium
733 2040 875 2098 industria
898 2038 1022 2097 necdum
1047 2046 1302 2115 superventum,
1333 2047 1459 2099 ceterum
1492 2046 1553 2097 tota
1582 2037 1632 2098 illa
1655 2039 1740 2113 regio
1763 2053 1866 2114 snper·

507 2127 586 2188 liciei
608 2126 737 2185 Telluris
760 2126 910 2186 obsidetur
932 2128 1042 2184 incerta
1066 2128 1204 2202 opinione
1226 2134 1385 2203 perpetuae
1409 2127 1594 2200 continentis,
1617 2141 1695 2203 quae
1718 2122 1865 2201 Megellu-

507 2217 576 2277 nica
598 2214 741 2289 appellari
773 2215 869 2290 coepit
900 2230 1034 2290 quaeque
1063 2220 1132 2291 post
1154 2222 1284 2274 nostram
1307 2213 1388 2274 illam
1418 2216 1448 2272 ia
1471 2220 1528 2273 tres
1559 2221 1675 2291 partes,
1706 2212 1864 2291 Europam,

509 2303 639 2361 Africam
662 2309 692 2360 et
715 2301 826 2375 Asiam,
849 2302 1011 2375 antiquitus
1033 2300 1229 2375 subdivisam,
1255 2310 1283 2359 et
1306 2309 1373 2377 post
1397 2303 1560 2361 Amerieam
1584 2303 1738 2360 tertiaeet
1761 2316 1799 2360 ex
1821 2300 1865 2372 iis,

506 2406 583 2466 quae
607 2390 793 2460 circumcirca
816 2407 834 2448 a
856 2406 887 2448 se
911 2389 1053 2463 invicem,
1085 2391 1176 2450 instar
1198 2389 1376 2463 insularum,
1408 2405 1519 2449 oceano
1548 2389 1671 2466 ejusque
1695 2387 1779 2448 iretis
1800 2392 1867 2447 sunt

507 2475 658 2537 diremtae.
1199 2513 1209 2533 .

596 2562 754 2641 Quomodo
775 2562 906 2637 sphaera
928 2562 1078 2622 diuiditur
1099 2580 1155 2638 per
1177 2565 1307 2638 tropicos
1329 2571 1356 2622 et
1366 2562 1498 2640 polares,
1522 2561 1668 2639 seuquid
1687 2562 1866 2623 sibinoluni

506 2652 552 2711 illi
574 2650 796 2710 diversicolores
826 2650 911 2709 limbi
933 2653 968 2708 iu
989 2649 1110 2726 plobulo
1133 2650 1280 2724 sphaerae
1310 2650 1440 2712 intimo?
1469 2649 1644 2726 Superficies
1666 2647 1797 2711 Telluris
1817 2665 1867 2725 pet

507 2737 582 2799 duos
606 2739 734 2814 tropicos
757 2744 786 2796 et
810 2737 884 2796 duos
907 2737 1022 2813 polares
1045 2736 1186 2795 dividitur
1209 2740 1239 2795 in
1263 2741 1392 2815 quinque
1421 2747 1537 2815 partes,
1567 2754 1691 2814 quarum
1721 2744 1781 2796 tres
1804 2753 1867 2795 me·

507 2826 574 2887 diae
596 2834 665 2886 sunt
687 2824 769 2883 limbi
793 2824 964 2900 circulares;
997 2824 1217 2903 propterquod
1241 2834 1337 2902 partes
1361 2826 1429 2885 illae
1452 2843 1553 2886 omnes
1576 2824 1711 2884 dicuntur
1738 2825 1867 2902 quinque

508 2930 611 2974 sonae.
666 2912 735 2972 Jam
766 2929 857 2972 zonae
887 2912 1002 2972 mediae
1036 2912 1117 2972 calor
1147 2913 1255 2971 rubeus
1285 2913 1430 2989 significat
1460 2930 1565 2973 aonam
1593 2911 1735 2973 torridam
1765 2920 1868 2988 estque

439 2999 444 3010 “
509 3010 620 3061 tractus
652 2999 701 3060 ille
731 3008 884 3075 terrarum,
917 3017 991 3076 quas
1021 3017 1109 3076 supra
1140 2999 1199 3058 dixi
1233 3000 1388 3075 aequatori
1416 3007 1445 3061 et
1473 3002 1592 3078 tropicis
1619 2999 1772 3076 subiectas
1802 3015 1867 3059 cnm

507 3088 675 3166 interceptis
698 3087 806 3148 Terrae
837 3088 978 3166 partibus.
1024 3087 1158 3147 Duarum
1188 3086 1353 3148 lateralium
1384 3086 1486 3148 viridis
1514 3086 1594 3149 color
1624 3104 1714 3148 nouas
1748 3085 1869 3150 denotat

397 3219 401 3230 .
508 3185 702 3254 temperatas,
735 3193 858 3252 quarum
890 3176 1011 3235 alteram
1042 3194 1096 3236 nos
1119 3176 1267 3252 Europaei
1291 3184 1422 3237 tenemus
1446 3184 1475 3236 et
1498 3177 1588 3236 Asiae
1612 3176 1770 3252 potissima
1790 3191 1868 3253 pars,

508 3282 562 3324 nec
585 3266 691 3341 exigua
715 3264 840 3335 Africae,
865 3263 989 3340 denique
1008 3264 1159 3322 Americae
1184 3262 1335 3321 dimidium
1359 3282 1447 3339 supra
1469 3281 1576 3324 novam
1594 3262 1757 3324 Granatsm
1772 3261 1869 3323 bleri-

510 3368 630 3426 canam;
659 3359 855 3409 extremarum
879 3369 947 3410 vero
971 3369 1124 3424 zonarum,
1158 3367 1234 3426 quae
1259 3351 1435 3427 patellarum
1457 3354 1557 3427 potius
1590 3353 1717 3427 speciem
1749 3350 1868 3420 habent,

510 3437 591 3496 color
615 3436 765 3496 caeruleus
786 3437 834 3495 vel
857 3436 942 3496 albus
966 3439 1111 3513 signifieat
1133 3456 1225 3496 zonas
1247 3437 1369 3515 frigidas
1393 3449 1421 3499 et
1446 3447 1554 3499 tractus
1579 3448 1736 3514 terrarum,
1761 3440 1871 3499 cinctos

513 3524 548 3584 ils
573 3523 654 3597 locis,
680 3542 754 3601 quae
778 3523 929 3601 polaribus
952 3527 1086 3601 subjecta
1110 3524 1245 3584 diximus.

602 3612 688 3689 Quae
710 3630 803 3671 eausa
826 3620 867 3671 est
889 3616 1050 3672 nominum
1074 3622 1101 3671 et
1117 3613 1276 3672 colorum?
1296 3611 1420 3671 Torrida
1437 3611 1542 3672 dicitur
1565 3612 1602 3672 ab
1619 3619 1704 3673 aestu
1728 3614 1870 3675 immenso

512 3707 541 3759 et
564 3698 750 3773 intolerabili,
775 3702 825 3775 qui
850 3699 945 3759 adurit
969 3711 999 3761 et
1020 3719 1150 3761 arescere
1173 3701 1243 3759 lacit
1267 3708 1367 3773 tersas,
1390 3708 1423 3758 ut
1439 3701 1562 3759 brunum
1585 3700 1713 3760 colorem
1730 3700 1870 3772 induant3

511 3786 634 3863 frigidae
657 3805 675 3846 a
698 3788 811 3864 frigoris
835 3805 973 3863 excessu,
1005 3788 1084 3864 quod
1107 3797 1209 3848 enecat
1233 3797 1324 3847 terras
1354 3794 1383 3846 et
1406 3787 1515 3866 pallere
1539 3789 1620 3861 lacit,
1653 3797 1704 3848 aut
1728 3787 1871 3866 spoliatas

511 3875 664 3935 arboribus
693 3884 722 3934 et
752 3875 860 3953 plantis
889 3879 957 3937 nive
988 3876 1123 3951 dealbat,
1158 3882 1336 3952 temperatae
1368 3895 1386 3934 a
1415 3879 1682 3953 contemperatione
1713 3875 1821 3936 caloris
1843 3883 1871 3935 et

510 3963 633 4039 trigoris,
657 3972 740 4041 grata
762 3963 871 4040 plantis
895 3974 924 4024 et
947 3965 1160 4038 animantibus,
1193 3964 1270 4023 unde
1294 3965 1392 4021 omnia
1415 3963 1569 4031 florentet
1592 3966 1687 4023 virent
1710 3967 1773 4024 suis
1796 3973 1871 4024 tem·

509 4051 639 4128 poribus.

599 4139 721 4213 Erpoue
741 4140 867 4215 friporis
890 4156 1021 4198 recessus
1044 4137 1136 4196 iudea
1158 4145 1199 4195 est
1220 4155 1316 4197 zonae
1328 4138 1470 4213 fripidae,
1494 4140 1603 4199 caloris
1625 4141 1755 4198 iuleueio
1778 4154 1872 4198 sonae

511 4226 668 4284 torridae?
698 4226 892 4302 Nequaquam
925 4228 967 4284 sie
989 4224 1160 4300 simpliciter
1188 4244 1218 4283 se
1248 4243 1292 4284 res
1321 4226 1419 4285 habet.
1465 4226 1541 4286 Nam
1572 4244 1637 4286 cum
1661 4244 1715 4286 nos
1743 4228 1772 4284 in
1796 4241 1871 4284 sona

511 4318 672 4388 temperata
695 4315 794 4385 simus,
819 4321 932 4371 aestate
950 4321 1046 4371 tamen
1071 4320 1153 4370 aestu
1170 4330 1341 4386 gravamur,
1364 4312 1459 4373 hieme
1482 4315 1559 4387 gelu,
1584 4331 1679 4390 neque
1703 4323 1803 4373 tamen
1825 4314 1871 4370 in·

511 4401 595 4457 terim
619 4400 654 4458 de
678 4418 737 4458 una
759 4419 835 4458 zona
858 4403 885 4457 iu
910 4400 998 4458 aliam
1022 4402 1230 4459 transferimur.
1276 4402 1312 4459 Et
1340 4408 1407 4459 sunt
1435 4405 1462 4459 in
1486 4402 1541 4461 hae
1570 4402 1672 4462 eadem
1697 4419 1773 4460 sona
1795 4410 1871 4460 tem·

510 4497 621 4562 perata,
646 4495 713 4545 suut
736 4490 855 4562 iuquam
878 4487 944 4546 loca
968 4488 1154 4562 frigidissima
1178 4494 1239 4547 toto
1264 4506 1349 4559 auno,
1374 4496 1406 4546 ut
1430 4491 1457 4545 in
1483 4492 1617 4550 Ameriae
1641 4506 1719 4548 nova
1744 4488 1870 4559 Albion3

510 4583 579 4632 snsrt
610 4576 638 4630 in
667 4591 742 4632 zona
770 4577 876 4650 frigida
900 4576 1036 4636 llorentos
1060 4582 1167 4645 terrae,
1200 4584 1231 4633 ut
1263 4585 1308 4636 est
1330 4575 1513 4637 Gronlandia
1542 4597 1560 4636 a
1589 4579 1683 4636 virore
1707 4575 1871 4637 Teutonico

510 4663 733 4736 cognominata3
764 4673 832 4722 sunt
864 4663 990 4740 denique
1021 4666 1050 4721 iu
1081 4662 1190 4721 torrida
1214 4664 1400 4723 beatissimae
1432 4674 1460 4726 et
1483 4666 1748 4742 temperatissimae
1776 4662 1871 4734 sedes,

509 4758 541 4808 ut
576 4750 605 4806 in
636 4749 735 4809 Africa
766 4749 1048 4825 occidentalissima,
1090 4754 1118 4808 in
1148 4750 1285 4811 Peruana
1319 4753 1408 4828 inque
1445 4752 1548 4813 insulis
1581 4753 1684 4814 oceani
1720 4751 1812 4812 indict
1843 4754 1897 4810 st'

509 4835 668 4897 orientalis.

598 4925 661 4984 Cur
684 4943 755 5000 erpo
777 4927 911 4987 torridae
934 4928 1082 4986 tribuitur
1106 4933 1215 5004 aestus,
1237 4927 1358 5003 tripidis
1379 4930 1495 5004 frique,
1520 4932 1693 5004 temperatis
1715 4928 1872 5006 temperies

506 5030 563 5086 per
585 5012 659 5071 baec
680 5016 809 5073 uomina
832 5024 859 5073 et
881 5015 1017 5075 colores?
1049 5013 1126 5087 Quia
1150 5031 1214 5071 cum
1240 5013 1334 5087 calor,
1365 5017 1456 5091 lrigus
1480 5025 1509 5075 et
1532 5033 1608 5093 quae
1632 5014 1687 5076 has
1711 5014 1872 5091 qualitates

509 5101 664 5159 comitatur
694 5099 813 5159 ubertas
843 5113 893 5161 aut
922 5101 1060 5161 sterilitas
1090 5110 1228 5159 terrarum
1262 5105 1359 5161 varias
1383 5102 1494 5163 habeat
1517 5121 1638 5177 causas,
1674 5103 1822 5164 coelestes
1843 5113 1872 5163 et

510 5193 671 5247 terrestres:
706 5186 847 5247 coelestes
876 5189 994 5265 quidem
1025 5189 1206 5248 universales
1238 5197 1307 5248 sunt
1338 5197 1368 5249 et
1396 5191 1595 5269 praepollent,
1626 5199 1780 5254 terrestres
1801 5205 1872 5250 vero

508 5274 698 5347 particulares
726 5276 810 5336 etia
841 5278 1024 5353 quorundam
1053 5276 1184 5338 locorum
1213 5285 1438 5355 temporumque
1466 5282 1620 5357 angustias
1641 5280 1782 5342 redactas
1802 5286 1872 5340 snut
