4459 6275
415 752 501 846 'sao
676 743 678 747 ⁵
916 783 959 838 na
976 780 1089 840 aaron
1107 783 1290 856 aaronque

434 958 533 1015 almum
551 956 674 1013 omnibus
691 956 825 1026 hospitem
843 956 979 1027 iuturum;
1000 958 1029 1013 id
1047 958 1121 1028 quod
1139 960 1190 1015 etsi
1208 961 1253 1015 vix
1271 974 1361 1032 spero,
1379 959 1557 1017 vehementer
1574 967 1670 1019 umen
1686 970 1750 1035 opto
1761 976 1785 1021 rt

434 1037 612 1094 obtineamus.
648 1037 702 1093 Est
717 1035 784 1091 mihi
808 1036 903 1092 domus
929 1036 1104 1105 amplosatis
1124 1041 1265 1093 comatre
1287 1043 1459 1106 permeante,
1484 1044 1542 1093 tum
1563 1048 1594 1096 et
1611 1043 1696 1099 horto
1712 1058 1787 1101 noe

434 1115 555 1184 pissimo,
575 1129 610 1169 ex
627 1129 682 1182 qna
698 1115 870 1183 hypocausta
887 1114 953 1173 duo.
972 1114 1128 1171 cubiculum
1147 1132 1244 1184 unum,
1269 1115 1365 1171 cellam
1390 1115 1568 1185 cultuumque
1586 1129 1747 1189 separatu
1760 1128 1789 1183 et

435 1196 509 1267 quod
527 1201 610 1266 caput
627 1203 678 1264 eet,
696 1196 817 1252 animum
835 1195 870 1250 ad
888 1196 979 1251 omnia
990 1196 1187 1266 hospitalitatis
1207 1196 1300 1252 officia
1311 1196 1525 1265 promtissimam
1538 1194 1639 1267 offero,
1660 1199 1685 1253 si
1696 1201 1789 1259 renuis

434 1283 530 1351 paetus
548 1273 708 1342 mercedem,
727 1291 782 1344 qua
799 1274 877 1330 nulla
893 1274 960 1329 mihi
978 1275 1134 1345 pretiosior,
1154 1274 1306 1346 alloquium
1325 1275 1621 1347 conversationemque
1641 1283 1721 1333 tuam
1737 1294 1791 1349 quo·

435 1357 741 1478 tldlananVlal'e'uiror‘rnm
759 1421 896 1491 liupoton
915 1431 943 1480 et
961 1424 1176 1481 eruditissimum
1195 1423 1443 1494 Hebenstreitium,
1462 1425 1514 1481 nisi
1533 1440 1619 1494 grase
1639 1430 1694 1495 est.
1711 1441 1746 1483 ax
1760 1442 1793 1485 nt

434 1506 608 1581 perofficiose
626 1504 725 1558 saluta.
761 1504 795 1558 l).
814 1505 858 1562 23.
876 1506 958 1564 Febr.
979 1508 1055 1564 1627.

522 1579 710 1657 Keplerus
734 1576 975 1659 Berneggero
998 1583 1029 1644 S.
1052 1582 1086 1641 Ρ.
1109 1582 1148 1643 D.
1194 1581 1361 1643 clarissime
1385 1581 1439 1653 vir,
1463 1581 1633 1641 amicornm
1658 1579 1760 1641 ocelle.

522 1668 635 1728 Literna
667 1674 752 1740 toas,
788 1669 834 1727 13.
859 1670 944 1729 Febr.
968 1672 1106 1748 scriptas,
1138 1672 1236 1746 accepi
1260 1670 1378 1746 legique
1401 1685 1516 1727 summa
1540 1685 1611 1729 curn
1636 1667 1791 1745 voluptate.

435 1758 532 1818 Tanta
547 1756 624 1815 enim
639 1761 707 1813 sunt
722 1754 905 1819 humanitate
920 1758 1052 1832 refertae,
1075 1763 1108 1816 ut
1123 1758 1253 1833 prolecto
1273 1774 1384 1829 verear,
1407 1755 1515 1816 necubi
1531 1762 1564 1815 et
1578 1755 1682 1816 mellis
1697 1758 1737 1815 sit
1755 1759 1794 1814 nt·

434 1848 535 1906 mium.
578 1838 627 1903 De
649 1842 715 1902 loco
738 1843 818 1921 apud
833 1852 948 1906 exteros
971 1863 1039 1907 ecce
1055 1845 1173 1923 quantis
1196 1844 1335 1904 subsidiis
1351 1843 1459 1904 oblatis
1481 1845 1671 1904 mentionem
1685 1843 1792 1918 condia

439 1930 511 2009 quid
533 1946 589 2005 ego
610 1946 668 1988 noo
693 1930 874 2008 amplissimo
897 1935 960 1994 viro
975 1935 1013 1994 D.
1030 1932 1257 2010 hingelehemio,
1282 1932 1353 2008 quid
1369 1948 1426 1990 non
1449 1932 1506 1991 tibi
1520 1929 1632 2005 debeo,
1658 1932 1713 2008 qui
1727 1930 1794 1992 hue

435 2020 508 2079 mihi
529 2016 668 2077 concilias
689 2023 719 2077 et
733 2025 846 2078 tantum
869 2037 927 2080 non
944 2021 996 2082 das
1011 2021 1105 2099 epulis
1121 2020 1294 2080 accumbere
1309 2019 1429 2079 Divum.
1475 2018 1530 2077 Eat
1554 2020 1682 2078 omnino
1698 2035 1795 2078 aune

435 2108 610 2185 plurimum,
640 2122 691 2165 cur
717 2105 805 2181 hujus
836 2124 891 2184 ego
920 2112 992 2169 tanti
1015 2111 1070 2168 viri
1099 2107 1337 2168 benevolentiam
1358 2109 1434 2167 inter
1455 2105 1615 2167 thesauros
1640 2108 1673 2164 in
1697 2105 1794 2167 litturae

435 2195 626 2257 necessitates
648 2209 796 2270 reponam.
835 2194 890 2254 (ini
905 2213 976 2273 rogo
992 2199 1079 2258 etiam
1102 2203 1191 2272 atque
1207 2197 1295 2255 etiam
1314 2193 1409 2255 otiicia
1432 2209 1498 2253 mee
1517 2212 1671 2271 perquam
1697 2195 1793 2267 tenu'm,

437 2285 507 2357 scio,
531 2289 596 2340 cum
619 2280 715 2342 salute
736 2285 897 2343 renuncies.
943 2283 1088 2363 Ceterum,
1111 2285 1137 2342 ai
1152 2284 1227 2343 bene
1242 2283 1370 2357 memini,
1393 2298 1453 2342 nou
1467 2297 1524 2357 ego
1541 2283 1662 2360 scripsi,
1686 2281 1794 2359 mein

436 2387 513 2430 nuno
527 2367 687 2429 discessum
710 2385 747 2427 ex
769 2368 839 2429 aule
861 2370 1003 2444 meditari,
1028 2374 1057 2431 in
1079 2371 1191 2430 suturas
1211 2369 1626 2444 solummodo-necessitates,
1652 2371 1793 2447 proposito

437 2457 572 2519 Caesaris
594 2464 655 2516 tam
669 2457 786 2536 minaci,
802 2457 881 2533 quod
898 2476 933 2518 cx
949 2460 1083 2519 omnibus
1098 2459 1162 2534 ejus
1178 2457 1263 2517 dictis
1278 2457 1421 2534 lactisque
1439 2455 1544 2525 elucet,
1569 2474 1641 2516 curn
1657 2473 1718 2516 nou
1732 2473 1793 2535 poe·

437 2547 493 2606 sim
516 2543 683 2603 diuturnam
705 2543 849 2622 spondere
863 2564 974 2606 moram
989 2547 1046 2606 hoc
1069 2546 1146 2618 loco,
1170 2545 1342 2622 prudentiae
1356 2552 1469 2622 partem
1485 2545 1671 2619 existimavi,
1695 2548 1796 2604 amna

437 2633 666 2708 circumspicere,
690 2634 756 2708 quis
778 2632 849 2691 milri
872 2634 955 2693 loeus
970 2641 1070 2711 patere
1092 2634 1195 2710 possit.
1239 2633 1345 2693 Habeo
1363 2633 1492 2692 rationes
1508 2630 1704 2705 domesticas,
1727 2647 1792 2709 quat

436 2739 484 2780 me
512 2721 600 2779 etiam
627 2727 727 2779 contra
757 2737 838 2799 speup
871 2722 999 2782 melioris
1029 2728 1123 2781 status
1147 2721 1254 2780 arctius
1281 2719 1404 2795 alligant
1428 2719 1577 2779 Austriae.
1625 2719 1791 2780 Discessu·

438 2798 558 2885 inquam
581 2824 617 2867 ex
640 2806 709 2866 aula
732 2806 808 2868 ultro
831 2816 975 2869 attentare
998 2822 1110 2882 vercor,
1133 2824 1265 2868 secessus
1284 2824 1354 2867 vero
1376 2812 1529 2883 praetextu
1554 2814 1676 2867 tentus
1698 2823 1792 2884 proee-

437 2897 775 2966 rum(1.tnetanorrm)in
797 2913 845 2956 me
867 2899 989 2971 animos,
1012 2899 1105 2973 petita
1127 2896 1237 2955 biennii
1259 2896 1402 2967 abeentia,
1425 2902 1459 2954 ut
1481 2893 1603 2955 tabulae
1622 2912 1710 2955 meae
1730 2895 1793 2953 rlra

441 3000 515 3044 voce
536 2979 665 3058 profiteri
687 2983 811 3057 possim,
842 2982 872 3042 id
894 2985 924 3042 in
946 2984 1094 3046 meditatis
1116 2983 1222 3044 babeo.
1267 2982 1303 3041 Ei
1326 2999 1412 3055 vero,
1443 2982 1493 3058 qui
1516 2999 1585 3041 oum
1615 2982 1678 3043 bac
1700 2980 1794 3043 conl·

438 3074 518 3131 tione
540 3085 572 3128 se
596 3068 707 3139 confert
729 3071 757 3127 io
781 3071 962 3132 academiam
984 3070 1123 3149 aliquam,
1146 3070 1230 3130 locus
1253 3068 1440 3147 professionis
1459 3067 1628 3131 ordinariae
1652 3087 1715 3131 nen
1735 3085 1793 3149 epe·

438 3158 547 3219 raudus
569 3163 622 3228 est,
647 3175 684 3217 an
707 3174 778 3217 vero
801 3158 883 3219 locus
906 3163 933 3221 ei
956 3160 1078 3220 docendi
1103 3158 1280 3221 concedatur
1301 3165 1383 3218 extra
1404 3157 1543 3230 ordinem,
1568 3158 1599 3217 id
1622 3165 1656 3217 tu
1680 3177 1728 3220 me
1747 3174 1795 3217 no·

440 3249 518 3307 reris
540 3244 657 3304 melius.
705 3245 735 3303 Si
760 3253 838 3305 esset
860 3246 961 3322 aliqua
982 3247 1147 3322 frequentia
1169 3246 1381 3318 studiosorum,
1411 3246 1546 3306 existimo
1571 3245 1792 3323 confugiendum

439 3334 478 3394 ad
500 3332 631 3392 altricem
655 3336 858 3406 astronomiae,
882 3336 1081 3410 astrologiam,
1106 3334 1263 3412 petitisque
1279 3333 1460 3410 temporibus
1476 3333 1664 3406 singulorum
1680 3333 1794 3408 geneth·

441 3421 542 3491 lincis,
573 3417 704 3496 polliceri
727 3438 784 3479 non
809 3430 922 3480 tanturn
945 3426 1087 3483 rationem
1112 3421 1300 3498 computandi
1323 3423 1436 3498 positus
1459 3420 1605 3488 siderum,
1637 3422 1693 3481 sed
1717 3424 1794 3481 etiam

441 3507 667 3585 explicationem
701 3509 946 3583 significationum
982 3509 1165 3570 naturalium.
1213 3507 1262 3569 Sic
1293 3512 1369 3568 euim
1400 3526 1435 3567 ex
1464 3506 1655 3567 auditoribus
1683 3511 1794 3588 privatio

441 3596 565 3673 quilibet
587 3613 687 3654 secum
711 3598 772 3673 ipsc
796 3597 875 3655 solue
899 3601 1050 3670 scitatus,
1076 3616 1152 3674 quae
1176 3614 1255 3655 ame
1278 3595 1395 3672 publice
1412 3596 1601 3666 dictarentur,
1625 3596 1666 3654 ad
1691 3613 1795 3674 seper·

441 3684 572 3745 tinentia.
619 3682 677 3742 Sed
707 3691 804 3743 tamen
838 3703 911 3762 opus
940 3694 1016 3747 essct
1045 3686 1145 3762 aliquo
1177 3684 1346 3760 adjumento
1375 3690 1454 3743 ccrto
1484 3689 1513 3742 et
1542 3681 1727 3745 liberalitate
1756 3680 1796 3743 rel

440 3773 579 3850 principis
603 3771 651 3829 vel
672 3773 859 3848 reipublicae.

528 3858 573 3918 De
596 3858 778 3919 habitatione
801 3859 918 3936 quidem
947 3869 976 3919 et
999 3860 1114 3936 bospite
1145 3863 1186 3919 sic
1209 3860 1279 3918 mihi
1309 3865 1387 3917 esset
1410 3858 1591 3933 Argentinac
1615 3869 1796 3936 prospectum

441 3957 491 4008 tua
514 3946 734 4012 benevolentia.
765 3954 796 4006 ut
820 3965 854 4006 ea
877 3947 942 4005 sola
972 3946 1164 4007 commoditas
1187 3966 1234 4007 me
1258 3948 1449 4023 Argentinam
1472 3944 1592 4004 allicere
1624 3946 1750 4018 debeat,
1775 3947 1796 4002 ti

441 4037 530 4096 ceteri
555 4041 668 4093 sumtus
691 4052 749 4092 nnn
774 4053 861 4112 supra
884 4038 962 4094 vires
984 4053 1065 4094 meas
1088 4041 1194 4094 essent.

549 4164 682 4182 .....
709 4122 798 4180 Aliud
822 4123 932 4197 aliquid
957 4131 1009 4192 est,
1033 4125 1062 4179 in
1086 4139 1145 4196 que
1169 4130 1218 4182 tuo
1232 4121 1318 4181 velim
1342 4122 1384 4180 uti
1408 4118 1539 4191 consilio,
1565 4137 1675 4179 vereor
1698 4128 1794 4184 tamen.

441 4217 524 4269 netu
547 4226 606 4267 rem
623 4226 641 4266 a
656 4217 685 4268 te
708 4211 799 4268 iacias
822 4210 958 4271 alienam.
1004 4210 1135 4269 Tabulas
1160 4210 1272 4270 ercutio
1291 4210 1362 4269 meis
1379 4208 1533 4278 sumtibus,
1560 4216 1693 4266 emtores
1717 4215 1798 4272 erunt,

440 4305 473 4355 ut
495 4294 601 4364 solent,
626 4297 896 4356 mathematicorum
913 4316 1032 4375 operum
1049 4300 1145 4375 pauci,
1169 4299 1337 4375 praesertim
1353 4296 1399 4353 bis
1422 4294 1490 4353 belli
1507 4293 1705 4368 tumultibua3
1728 4312 1797 4354 scm·

441 4403 492 4461 per
516 4390 612 4442 tamen
636 4394 719 4444 crunt
742 4385 832 4460 aliqui
857 4390 943 4446 etiarn
968 4390 995 4444 in
1014 4394 1172 4464 posterum.
1219 4385 1419 4461 Exemplaria,
1444 4383 1514 4458 quin
1538 4380 1569 4440 ἐν
1591 4404 1654 4451 τοις
1677 4379 1798 4460 ‹ioniiq-

441 4497 500 4538 τοις
521 4471 594 4530 torte
617 4472 721 4530 melius
745 4474 897 4533 habiturus
919 4476 1009 4544 lucro,
1032 4475 1108 4532 dacio
1135 4474 1227 4533 1000.
1273 4472 1423 4531 Hactenus
1447 4468 1622 4545 Tampacbii
1647 4469 1718 4529 fidoi
1741 4488 1795 4530 rra·

443 4558 502 4617 didi
526 4558 598 4617 talia
620 4576 724 4635 opera,
755 4579 831 4634 quac
855 4579 911 4620 non
936 4563 1018 4639 potui
1047 4561 1132 4620 aliter
1154 4562 1209 4618 nisi
1233 4561 1356 4636 propriis
1380 4557 1531 4617 extrudere
1553 4558 1716 4618 sumtibus.
1760 4559 1797 4616 ,in

443 4663 512 4706 rrero
536 4646 696 4706 consultius
720 4650 867 4720 aestimas,
892 4655 923 4706 ut
947 4668 982 4708 ea
1005 4665 1101 4708 eruam
1122 4647 1271 4706 adservari
1295 4648 1374 4716 alibi,
1399 4645 1560 4721 inproprie
1579 4645 1797 4704 conclericoo·

443 4735 546 4804 ductu,
579 4750 616 4791 an
640 4753 710 4795 vcro
735 4738 764 4792 in
787 4734 847 4794 alia
869 4736 965 4795 urbe?
999 4737 1037 4794 At
1061 4738 1132 4811 quia
1153 4753 1231 4794 nunc
1254 4737 1282 4792 iu
1308 4733 1466 4796 Germania
1487 4748 1585 4806 pauca
1609 4730 1798 4791 distrahentur

444 4820 637 4896 exemplaria,
662 4841 697 4879 nn
723 4840 777 4893 ego
802 4824 849 4882 vel
873 4822 977 4883 Ulmae
1001 4823 1162 4899 relinquam
1186 4822 1224 4881 ad
1249 4823 1324 4894 600,
1356 4829 1469 4879 tantum
1492 4819 1555 4876 400
1581 4818 1797 4878 Francoturtun

442 4912 576 4975 mittens,
601 4925 676 4965 anno
699 4912 797 4985 potius
823 4912 1011 4985 brigantinum
1035 4913 1159 4979 mittam,
1183 4918 1215 4969 ut
1237 4912 1296 4969 sint
1319 4907 1435 4967 Galliae
1458 4912 1487 4965 et
1510 4902 1617 4963 Italiac
1641 4905 1797 4966 viciniora?

443 4998 505 5055 Aut
525 4997 550 5054 si
575 4995 759 5055 Frankolurti
783 4998 974 5069 adservanda,
1000 5017 1086 5073 quom
1111 5016 1180 5072 ergo
1203 4996 1309 5057 ariades
1333 4995 1439 5070 eligere
1462 4991 1641 5052 custodem?
1666 4993 1795 5051 Rursum:

445 5101 503 5158 quo
526 5085 619 5158 pretio
643 5081 777 5155 vendam,
801 5088 825 5143 si
849 5090 907 5144 sint
930 5088 1057 5163 paginae
1082 5087 1123 5145 00
1147 5089 1175 5143 in
1199 5085 1270 5144 tolio
1293 5086 1388 5144 houoe
1412 5090 1440 5143 et
1462 5081 1583 5153 majoris
1607 5084 1727 5157 papyri,
1752 5094 1796 5137 aen

445 5168 606 5239 medianae,
629 5178 661 5228 ut
678 5169 852 5247 appellant?
876 5173 906 5233 Si
924 5191 990 5234 caro
1015 5175 1177 5247 aestimem,
1202 5176 1349 5232 minantur
1366 5178 1417 5230 aut
1439 5173 1607 5228 ominantur
1622 5166 1717 5244 aliqui
1738 5167 1796 5224 imi·

443 5258 569 5317 tationes
593 5256 735 5317 Italorum
760 5259 807 5321 sel
823 5260 982 5338 Belgarum
1007 5261 1181 5339 damnoses3
1204 5263 1228 5321 si
1252 5260 1314 5337 rili,
1338 5258 1430 5322 nihilo
1444 5256 1530 5341 plura
1552 5272 1619 5318 tium
1635 5265 1794 5317 canosum
