4459 6275
437 767 516 826 682-
918 759 961 814 De
978 756 1090 814 Tabulis
1106 759 1291 830 Rudolplu'nis

435 942 521 1002 mites
545 941 674 1017 ingruat,
698 940 745 998 cui
767 943 797 998 ta
812 937 894 996 Deus
916 935 1080 997 subducere
1102 939 1285 1015 cogitaverit,
1308 958 1374 1001 cum
1389 941 1546 1020 Tubingae
1569 951 1603 1005 ts
1621 944 1796 1007 eollmrsti

435 1029 501 1088 Non
524 1034 583 1101 est,
607 1028 718 1104 inquis,
741 1023 905 1084 recusanda
926 1024 1049 1084 afflictio
1070 1027 1204 1087 ministro
1227 1028 1378 1090 ecclesiae.
1425 1031 1475 1105 At,
1498 1035 1624 1108 inquam
1648 1050 1723 1109 ego,
1743 1052 1797 1095 sos

435 1118 524 1174 etiam
547 1123 593 1174 est
614 1117 640 1174 ei
665 1112 841 1190 quaerenda,
864 1113 914 1188 qui
936 1128 995 1171 uon
1018 1120 1063 1171 est
1079 1113 1173 1173 eidem
1197 1115 1354 1175 obstrictus
1377 1118 1465 1178 officii
1486 1123 1610 1179 rationi.
1655 1121 1798 1183 ambae

436 1212 516 1263 statu
547 1219 642 1262 rerum
670 1209 786 1259 tuarum
818 1198 916 1259 ridere
946 1207 976 1259 te
998 1198 1087 1258 velim
1110 1204 1200 1260 etism
1222 1210 1311 1279 atque
1324 1205 1439 1278 ¹etiam,
1472 1224 1510 1267 ue
1532 1213 1565 1266 te
1588 1225 1681 1269 emsa
1703 1214 1797 1287 potiar

436 1291 621 1360 domesticae,
645 1304 733 1364 quana
757 1286 886 1346 studium
907 1288 1072 1346 sanctitutis
1095 1287 1133 1346 ad
1157 1305 1262 1349 munus
1285 1290 1517 1353 ecclesiasticum
1536 1296 1726 1371 captandum
1746 1300 1798 1357 irn-

436 1378 538 1455 pellat.
583 1375 643 1435 Sed
665 1390 724 1433 uon
739 1373 882 1433 -diducam
904 1372 960 1432 hoc
982 1374 1079 1432 latius.
1127 1376 1247 1436 Amicus
1269 1380 1363 1438 amico
1392 1379 1449 1441 boc
1470 1398 1531 1441 uno
1555 1384 1653 1443 verbo
1676 1378 1798 1462 suggero

437 1465 606 1536 consilium,
639 1470 672 1522 ut
694 1462 752 1520 lroc
774 1461 941 1520 exulcerato
964 1477 1060 1520 rerum
1082 1470 1161 1521 statu
1184 1474 1252 1523 tuae
1274 1464 1435 1527 adhaereas
1457 1470 1653 1545 professioni,
1683 1484 1717 1531 ut
1739 1472 1799 1531 lrsl·

353 1537 358 1554 ⁸
435 1569 509 1632 cyon
533 1549 641 1610 literali
663 1549 734 1608 nido
759 1550 853 1607 ventis
875 1548 1054 1620 iurantibus,
1082 1565 1137 1608 nec
1159 1557 1264 1627 sponte
1291 1560 1343 1612 tua
1365 1555 1404 1613 ab
1427 1573 1464 1614 ea
1484 1555 1622 1631 resilias,
1652 1562 1726 1635 quin
1747 1576 1798 1637 po·

434 1643 492 1699 tius
516 1646 676 1714 exspectes,
700 1637 725 1694 si
749 1634 819 1711 quid
842 1637 1012 1693 vocationes
1035 1636 1187 1698 ultroneae
1209 1638 1331 1698 alienant
1353 1644 1432 1700 novi.
1479 1643 1603 1704 iuterim
1625 1648 1653 1703 si
1670 1655 1724 1705 tuo
1745 1664 1797 1723 ege

433 1728 501 1787 leco
525 1742 627 1798 essem,
652 1726 730 1783 omui
755 1722 978 1781 benevolentiae
1001 1722 1215 1798 significatione
1237 1728 1362 1802 primum
1385 1730 1528 1790 victorem
1550 1734 1711 1807 petitionis
1732 1733 1799 1793 radi

435 1815 621 1884 devincirem,
645 1810 750 1870 deiude
765 1809 829 1884 ejus
856 1810 1063 1868 intercessione
1086 1822 1208 1871 exorata
1229 1831 1282 1889 per
1303 1813 1435 1875 libellum
1457 1817 1625 1894 supplicem
1648 1820 1798 1897 significa·

434 1919 494 1962 rem
517 1900 647 1971 senatui,
676 1898 863 1975 acquiescere
890 1912 937 1954 me
965 1895 1029 1971 ejus
1053 1896 1166 1973 judicio
1190 1902 1219 1956 iu
1243 1898 1299 1959 hac
1321 1901 1479 1978 electioue;
1514 1912 1547 1964 at
1570 1923 1640 1965 cum
1668 1910 1797 1984 petierit

434 1989 532 2048 locum
561 1987 645 2045 illum
666 2001 724 2044 nou
748 1983 869 2043 honoris
891 1981 1004 2051 studio,
1034 1983 1087 2043 sed
1117 1994 1238 2060 urgente
1259 1991 1382 2062 penuria
1412 1999 1443 2049 et
1463 2000 1546 2051 arcta
1569 2010 1602 2053 re
1628 1993 1796 2067 domesticu,

434 2092 538 2152 rogare
559 2090 616 2148 me,
639 2080 685 2146 ut,
709 2073 735 2131 si
758 2073 801 2130 sic
822 2076 855 2128 ut
877 2069 1018 2129 hacteuus
1040 2089 1194 2148 perrexero
1218 2077 1247 2131 in
1271 2075 1449 2150 adjuvandis
1470 2086 1502 2137 et
1523 2079 1635 2140 studiis
1658 2091 1692 2141 et
1713 2081 1796 2143 disei-

434 2163 516 2240 plina
535 2161 716 2238 juventutis,
747 2160 803 2236 ipsi
827 2160 884 2216 mei
907 2159 1050 2216 rationem
1072 2158 1217 2221 babeant.
1231 2160 1269 2220 ad
1292 2162 1389 2223 lutura
1410 2164 1542 2244 (Natalia
1565 2168 1665 2237 torte)
1697 2186 1796 2247 nasqss

403 2256 406 2261 '
433 2252 575 2328 pensione
594 2246 694 2325 aliqua
713 2253 831 2323 propter
850 2243 939 2318 hujus
954 2247 1023 2303 anni
1046 2248 1196 2306 caritatem
1217 2265 1351 2310 annonae
1373 2251 1517 2328 adjuvent
1537 2262 1597 2314 etc.
1646 2256 1693 2315 Eo
1715 2256 1794 2317 mods

433 2341 458 2397 si
482 2335 588 2396 blanda
612 2351 712 2395 omnes
727 2332 944 2410 amplexareris,
967 2334 1108 2408 aquibus
1131 2335 1184 2395 tibi
1209 2338 1358 2396 existimas
1382 2340 1645 2414 incommodatum,
1671 2352 1703 2403 et
1716 2344 1793 2403 diasi-

435 2440 538 2484 nueres
563 2424 594 2481 iu
616 2425 654 2480 iis
677 2423 844 2498 opinionem
867 2422 1002 2495 concepti
1024 2437 1060 2479 ex
1083 2421 1201 2497 repulsa
1224 2422 1332 2484 doloris
1355 2433 1386 2484 et
1408 2426 1544 2486 duritiem
1561 2446 1685 2491 omnem
1707 2431 1792 2493 surcl-

433 2512 515 2585 lires,
545 2520 579 2571 ut
604 2511 641 2568 iis
662 2509 693 2567 in
715 2510 848 2585 proxima
876 2510 1029 2566 occasione
1057 2508 1281 2569 secundioribus
1310 2514 1352 2571 uti
1375 2516 1481 2589 possis.
1526 2515 1577 2575 lta
1597 2521 1709 2581 sentio.
1752 2518 1790 2579 l's

430 2599 542 2676 judica.
567 2596 807 2656 circumstantias
822 2612 869 2654 me
892 2595 1025 2670 ignorare
1048 2594 1141 2668 vides,
1165 2604 1195 2656 et
1210 2597 1294 2659 Vale
1321 2595 1428 2680 lolio.
1450 2598 1552 2661 Martii
1581 2608 1679 2667 1621.
1705 2604 1789 2667 uma

1268 2789 1301 2848 J.
1325 2787 1486 2865 Keplseus,
1509 2792 1753 2859 Mathematicus.

520 2874 554 2934 P.
578 2873 607 2935 S.
640 2872 711 2935 ‚lam
742 2873 824 2931 finita
854 2873 981 2949 epistola
1011 2878 1080 2933 tuse
1110 2873 1182 2932 milri
1209 2885 1277 2934 suut
1299 2877 1430 2937 redditae
1453 2879 1491 2939 de
1514 2883 1542 2939 6.
1568 2883 1659 2943 Febr.
1705 2886 1788 2947 samu

433 2963 540 3024 sororis
569 2963 672 3021 literae
703 2960 759 3019 boc
791 2962 973 3036 significant,
1009 2960 1102 3019 tilium
1132 2979 1230 3021 meum
1257 2964 1287 3022 3.
1316 2963 1416 3023 Martii
1444 2965 1638 3030 Rosrreldam
1673 2976 1787 3043 venus,

435 3054 464 3110 4.
488 3049 629 3128 ejusdem,
652 3049 787 3125 abrupto,
811 3047 890 3124 quod
906 3045 1023 3108 Ulmam
1043 3051 1217 3121 instituerat,
1241 3052 1351 3124 itinere,
1375 3058 1539 3126 recessisse,
1569 3055 1660 3132 qussi
1684 3061 1788 3121 Tabir-

433 3157 502 3216 gam
524 3154 636 3199 vemas.
681 3134 779 3212 Quare
801 3151 866 3196 eum
890 3143 921 3194 tu
947 3135 990 3195 ga
1013 3140 1128 3213 vesperi
1152 3141 1312 3216 scripseris,
1335 3139 1417 3199 illum
1436 3142 1501 3218 jam
1513 3143 1677 3224 Tubiugae
1699 3151 1729 3206 in
1742 3165 1788 3209 seo

434 3225 610 3285 Martiniano
641 3222 731 3283 irrissc
754 3230 835 3300 puto.
880 3222 966 3298 Legit
989 3215 1144 3299 epistolam
1168 3225 1204 3284 de
1226 3243 1258 3285 sc
1281 3229 1418 3304 scriptam
1440 3229 1478 3288 ad
1501 3247 1634 3293 sororem
1665 3237 1787 3312 ejusdem

435 3315 596 3389 argumenti
620 3329 684 3370 cum
707 3312 799 3369 literis
821 3309 859 3367 sd
884 3311 919 3368 lt.
936 3311 1132 3370 Thummium.
1177 3314 1242 3372 Nou
1266 3332 1336 3374 sanc
1359 3324 1462 3375 auctor
1485 3316 1529 3374 illi
1553 3339 1621 3380 sum
1644 3323 1787 3385 deserendi

435 3400 586 3476 stipendii,
610 3399 661 3458 sed
685 3397 816 3457 deterreo
834 3416 853 3456 a
874 3400 1034 3469 sumtibus,
1059 3417 1133 3475 quos
1155 3401 1335 3476 impossibile
1359 3412 1404 3461 est
1426 3413 1458 3461 ut
1478 3422 1534 3480 ego
1559 3409 1617 3483 ipsi
1644 3412 1684 3469 ad
1708 3417 1788 3471 satie·

434 3498 524 3546 tatem
548 3485 740 3562 suppeditem.
790 3484 887 3559 Quare
910 3493 941 3542 tu
966 3486 1063 3557 velim,
1086 3492 1110 3544 si
1135 3488 1213 3563 quod
1237 3489 1452 3548 incommodum
1476 3511 1512 3550 ex
1535 3493 1593 3554 lrac
1617 3496 1727 3558 duritie
1749 3503 1788 3556 ri·

435 3575 511 3633 deris
535 3577 690 3647 oriturum,
725 3572 805 3630 illum
831 3572 996 3631 demulceas
1020 3574 1125 3634 blande
1148 3585 1178 3633 et
1201 3576 1320 3635 meliora
1343 3595 1459 3653 sperare
1479 3580 1606 3654 jubeas,
1637 3588 1727 3645 simul
1750 3590 1788 3644 ir·

435 3665 525 3735 vites,
557 3670 589 3721 ut
617 3665 731 3736 quoties
755 3660 802 3717 vel
825 3663 975 3718 minimum
1000 3661 1062 3719 vult
1085 3664 1269 3738 impendere,
1293 3673 1321 3723 te
1346 3667 1493 3737 consulat,
1518 3668 1620 3729 videre
1646 3682 1694 3746 te,
1718 3674 1787 3750 quod

432 3767 490 3808 uou
514 3749 650 3808 voluutas
672 3748 715 3805 illi
740 3747 914 3823 frugalitatis
939 3746 1022 3816 desit,
1048 3748 1099 3808 scd
1119 3750 1263 3824 judicium
1287 3755 1314 3808 iu
1340 3756 1555 3813 occasionibus.

520 3837 606 3912 Quod
630 3835 665 3894 ds
687 3837 815 3893 Braunio
839 3835 919 3906 nihil,
944 3852 1062 3893 eausuur
1086 3837 1166 3895 rides
1189 3856 1223 3895 ex
1248 3841 1292 3910 iis,
1316 3857 1393 3915 quae
1415 3842 1453 3899 ad
1476 3852 1504 3900 te
1528 3860 1619 3920 super
1643 3847 1703 3907 lroe
1725 3866 1786 3908 cou-

432 3924 499 3984 silio
523 3926 633 3999 scripsi.
681 3923 893 3982 Gravissimum
918 3932 994 3980 esset
1017 3924 1087 3981 milri
1111 3932 1223 3983 mutare
1247 3926 1352 4001 locum,
1377 3932 1475 3987 omnia
1491 3948 1561 4006 ergo
1579 3932 1687 4007 tolero,
1711 3937 1786 3994 dum·

433 4013 519 4071 modo
543 4012 703 4073 toleranda.
750 4009 808 4069 Sed
832 4008 1012 4068 claudendae
1035 4020 1102 4068 sunt
1126 4013 1235 4071 literae.
1282 4015 1333 4072 ilar
1353 4018 1441 4074 etiam
1464 4018 1568 4079 ultima
1585 4026 1786 4100 perpendenda

434 4118 533 4170 causa,
558 4099 636 4175 quod
659 4099 782 4157 alterum
805 4115 953 4168 noveram,
978 4097 1054 4157 lumc
1077 4103 1197 4175 propius
1220 4115 1277 4158 uou
1301 4104 1424 4176 inspexi,
1449 4122 1507 4179 quo
1531 4109 1571 4164 sit
1595 4112 1727 4186 iugenio.

537 4199 612 4266 Quae
637 4199 664 4252 iu
688 4198 843 4266 praemissis
867 4198 951 4252 amice
971 4207 1062 4252 mouet
1082 4200 1215 4268 lieplerus
1236 4200 1438 4268 Schielmrdum,
1457 4204 1500 4258 his
1522 4207 1709 4276 explicentur.
1744 4214 1785 4267 Su·

433 4288 526 4351 perest
545 4281 660 4349 epistola
674 4281 832 4335 Selrielrardi
851 4281 885 4334 ad
905 4281 1016 4335 fratrem
1031 4282 1140 4348 Lucam,
1161 4282 1187 4334 iu
1207 4300 1259 4350 qua
1280 4283 1392 4337 eandem
1406 4297 1495 4339 moret
1508 4290 1711 4354 quaestionem.
1729 4291 1783 4345 sru‘·

430 4360 497 4414 lreus
523 4360 577 4427 ll9·
597 4359 677 4413 Febr.
697 4361 789 4424 lotii:
814 4362 872 4426 ligo
898 4362 1034 4429 repulsam
1061 4363 1150 4429 patior
1173 4370 1201 4414 et
1227 4363 1260 4413 ab
1280 4362 1354 4416 aditu
1374 4373 1484 4418 senatus
1504 4365 1648 4422 excludor.
1688 4372 1747 4424 Nara
1762 4381 1784 4421 ts

430 4440 511 4506 latet,
539 4438 636 4505 quibus
662 4439 802 4506 promissis
825 4441 960 4495 haetenus
986 4442 1067 4494 vitam
1086 4442 1131 4494 lric
1150 4442 1285 4495 tolerarim
1305 4451 1331 4497 et
1350 4443 1485 4511 quomodo
1504 4443 1652 4500 mitissima
1673 4465 1723 4517 spe
1739 4465 1783 4502 are

430 4518 505 4571 lieris
524 4533 603 4584 aegre
622 4518 733 4571 vixerim
752 4518 879 4572 interea..
902 4521 983 4573 Potes
1002 4522 1082 4573 etiam
1102 4522 1265 4588 meminisse,
1285 4524 1357 4590 quod
1376 4524 1466 4576 obitus
1486 4522 1541 4575 l'iti
1559 4523 1676 4582 lliilleri
1696 4535 1751 4586 retr.
1767 4531 1782 4578 l.

433 4603 505 4652 188.)
530 4611 605 4649 meae
629 4597 790 4663 promotioni
809 4599 876 4651 viam
897 4606 1017 4653 sternere
1035 4601 1069 4652 sit
1088 4601 1171 4654 risus.
1207 4601 1243 4653 At
1261 4617 1337 4658 ecce.
1365 4602 1428 4670 quid
1448 4602 1609 4672 largitiones
1631 4617 1660 4660 et
1682 4609 1783 4662 donans

433 4675 554 4745 possint:
576 4675 761 4730 Rauscherus.
779 4691 822 4729 me
836 4676 991 4746 neutiquam
1009 4678 1104 4731 melius
1124 4679 1245 4743 meritus,
1263 4680 1343 4747 plura
1361 4689 1422 4734 rota
1440 4681 1510 4742 tulit,
1528 4698 1580 4749 ego
1596 4701 1664 4738 sero
1682 4701 1783 4755 prorsus

429 4756 617 4822 inexspectato
636 4753 761 4821 repulsus
779 4770 845 4808 sirm.
883 4757 925 4809 lta
942 4756 1025 4810 totius
1050 4757 1167 4811 octenuii
1192 4772 1268 4824 spem
1292 4757 1399 4812 fortiter
1425 4759 1613 4815 continuatam
1640 4781 1697 4819 uns
1721 4764 1781 4818 mals

431 4834 497 4886 liora
517 4832 654 4886 exstiuxit.
691 4833 805 4887 Unicum
830 4834 972 4902 desperato
999 4834 1062 4887 milri
1082 4835 1222 4889 eonsilium
1242 4845 1324 4889 restat
1343 4836 1369 4889 iu
1388 4835 1464 4904 fuga.
1490 4845 1521 4891 ut
1547 4839 1583 4892 ab
1603 4842 1720 4910 ingratis
1737 4843 1781 4896 Tu·

429 4909 606 4976 burgensibus
630 4907 665 4962 ad
689 4909 818 4963 ccclesiae
844 4911 1021 4965 ministerium
1047 4923 1179 4979 revertam
1206 4913 1257 4968 uisi
1280 4913 1350 4966 loric
1369 4914 1507 4984 princeps,
1532 4932 1619 4985 penes
1647 4939 1728 4990 quem
1745 4931 1780 4974 est

430 4987 611 5055 corrrirmatio,
640 5003 681 5041 mc
701 4989 829 5058 uindicet,
850 4992 921 5060 quod
941 4994 1059 5047 nondum
1080 4993 1228 5061 desperari.
1252 5025 1280 5032 —
1301 4994 1399 5048 ,llartio
1418 4996 1488 5051 isus
1505 4997 1580 5051 misit
1600 5000 1779 5055 scutriscum

429 5062 513 5128 fratri,
532 5072 588 5116 tum
606 5066 734 5132 temporis
754 5068 930 5135 sarrataarriae
948 5071 1005 5124 rice
1024 5074 1208 5139 praeceptoris
1227 5071 1344 5126 filiorum
1364 5074 1491 5144 principis
1510 5076 1647 5146 fungenti,
1667 5079 1779 5134 libellum

431 5142 580 5210 supplicem
600 5144 633 5196 de
651 5144 711 5198 loco
730 5145 755 5197 in
776 5155 886 5215 senatu;
911 5149 954 5204 die
972 5151 999 5205 d.
1016 5150 1082 5204 Julii
1101 5152 1212 5206 nunciat
1229 5152 1313 5210 tratri.
1332 5170 1357 5209 er
1375 5157 1411 5224 itu
1429 5158 1539 5225 turriam
1559 5161 1631 5228 'laga
1652 5167 1742 5226 ueniet·
1757 5177 1779 5213 ur

432 5228 555 5275 senatum
574 5224 684 5293 recipirt
705 5228 808 5279 urrbcu.
