4459 6275
617 784 968 857 serenantem
988 785 1204 847 mosanas
1240 787 1424 847 amram
1636 793 1700 859 tar

345 966 509 1034 solitarias,
538 972 572 1025 ιιι
593 963 669 1028 libro
690 965 731 1026 11.
755 964 806 1026 iol.
833 966 903 1029 193.
927 963 1052 1042 dictam,
1073 976 1104 1029 et
1125 976 1224 1030 motus
1246 965 1438 1045 ionqtudinis
1461 983 1520 1028 aaa
1541 964 1609 1027 sola
1629 982 1702 1027 eoo·

344 1060 405 1112 stat
427 1051 653 1129 inaequalitate,
685 1070 751 1113 oum
772 1049 804 1113 in
826 1055 930 1114 ceteris
953 1053 1046 1130 duae,
1076 1058 1105 1114 in
1130 1055 1215 1115 Luna
1241 1055 1339 1133 piures
1366 1062 1541 1134 apparentes
1567 1054 1645 1115 inter
1666 1070 1700 1114 se

344 1142 584 1217 permisceantur,
617 1139 717 1216 itaque
746 1140 784 1200 ed
814 1138 893 1201 Solis
921 1152 1019 1202 motus
1046 1141 1290 1204 demonstrandos
1320 1142 1406 1203 unico
1435 1141 1544 1202 circulo
1572 1142 1702 1202 contenti

344 1244 456 1287 snmus.
501 1226 610 1302 Tertio,
634 1235 795 1288 ceteromm
816 1224 1000 1305 planetarum
1021 1236 1120 1290 motus
1142 1237 1291 1308 nequeunt
1305 1228 1443 1306 explicari
1466 1231 1701 1306 sine‘epperente

346 1321 429 1376 moin
452 1313 531 1375 Solis
553 1315 739 1375 exactissime
761 1314 888 1393 cognito.
931 1315 1006 1377 Nam
1029 1316 1160 1378 secunda
1182 1316 1233 1377 iiia
1255 1316 1466 1394 inaequalitas,
1489 1332 1565 1393 quae
1589 1333 1621 1376 se
1643 1317 1701 1376 im·
1786 1312 1788 1317 ’

344 1405 448 1463 miscet
468 1403 581 1481 primae
608 1402 638 1461 ln
659 1401 785 1479 planetis
809 1404 929 1482 ceteris,
958 1420 1016 1465 non
1040 1412 1153 1465 tautum
1176 1405 1291 1464 initium
1314 1403 1405 1463 habet
1427 1402 1465 1464 ab
1487 1402 1539 1463 ilio
1561 1404 1700 1481 temporis
1822 1452 1830 1465 .

343 1497 465 1569 puncto,
489 1504 554 1550 cnm
576 1486 679 1550 neum
702 1498 732 1550 et
753 1488 872 1569 planeta
894 1491 972 1559 veris
993 1494 1056 1552 suis
1078 1493 1209 1552 motibus
1228 1492 1323 1568 juncti
1346 1498 1506 1568 apparent,
1535 1489 1588 1551 sed
1611 1492 1700 1551 etiam

344 1580 375 1634 in
399 1579 529 1653 quinque
552 1577 697 1655 primariis
719 1584 782 1639 tota
805 1579 948 1655 originem
979 1585 1009 1639 et
1037 1596 1142 1641 canses
1166 1597 1235 1640 suas
1264 1579 1355 1638 habet
1377 1596 1413 1639 er
1436 1594 1472 1639 eo
1495 1576 1622 1639 'l'eiiuris
1644 1578 1702 1637 cir-

344 1662 429 1738 culo,
462 1680 520 1741 quo
542 1662 621 1723 Solis
644 1671 741 1724 moins
763 1663 1006 1726 demonstrantur.
1052 1664 1131 1741 Quin
1155 1669 1243 1727 etiam
1266 1668 1348 1743 ipsae
1378 1665 1574 1742 digressiones
1595 1664 1701 1742 plane·

344 1758 441 1811 tarum
463 1752 493 1810 iu
514 1750 625 1826 latum,
659 1768 736 1828 quae
758 1751 832 1812 dunt
854 1754 966 1813 ratione
988 1755 1118 1831 ipsorum
1141 1755 1254 1830 primae
1276 1753 1508 1830 inaequalitatis,
1538 1751 1577 1813 ed
1605 1753 1700 1813 obcu-

345 1836 408 1899 lum
430 1836 513 1897 illum
533 1838 705 1912 referuntur,
729 1856 816 1916 quern
839 1837 891 1900 801
915 1838 1056 1903 coudcere
1078 1839 1197 1901 videtur
1220 1841 1275 1901 sub
1299 1840 1373 1902 liris.

434 1923 615 2000 erimmadi
637 1930 834 2005 apparentiae
855 1932 955 1988 moire
983 1926 1062 1989 Solis
1092 1928 1321 2004 deprehendant
1350 1927 1506 2004 dilipenter
1532 1929 1701 1987 artrormi

341 2021 371 2073 et
391 2012 563 2091 waram?
609 2016 635 2074 1.
667 2012 793 2090 Quando
816 2013 970 2092 explorant
991 2014 1162 2077 altitudines
1184 2014 1262 2076 Solis
1291 2014 1466 2076 meridianas
1490 2012 1700 2091 quadrantibus

341 2117 394 2179 per
422 2116 524 2161 omnes
545 2100 613 2160 anni
637 2099 700 2162 dies
722 2099 772 2178 (de
795 2101 901 2178 quibus
924 2104 1011 2162 etiarn
1039 2101 1089 2163 lib.
1113 2101 1138 2162 1.
1162 2102 1212 2163 iol.
1239 2104 1299 2162 115
1329 2109 1358 2162 et
1386 2101 1437 2163 lib.
1460 2100 1516 2160 IIL
1539 2100 1588 2161 iol.
1614 2100 1699 2178 tot),

342 2184 579 2268 deprehendunt,
607 2186 708 2248 Solem
730 2207 749 2248 a
771 2186 818 2248 die
845 2188 965 2250 brumae
987 2188 1130 2267 paulatim
1152 2189 1214 2250 deri
1233 2190 1367 2251 altiorem
1397 2190 1427 2248 in
1448 2187 1626 2250 meridiebus
1648 2206 1698 2250 ee·

342 2274 502 2353 quentibns
532 2291 626 2352 usque
649 2274 686 2335 ad
710 2272 787 2336 diem
819 2276 950 2352 solstitii3
981 2275 1070 2354 idque
1101 2278 1184 2336 initio
1212 2279 1289 2338 circa
1322 2275 1500 2349 brumalem,
1534 2284 1564 2337 et
1590 2277 1620 2334 in
1643 2273 1700 2335 fine

342 2364 421 2425 eirea
443 2358 629 2423 solstitialem
651 2361 728 2424 diem
749 2361 836 2442 plane
857 2362 1081 2438 insensibiliter,
1103 2366 1135 2423 in
1156 2363 1269 2438 medio,
1302 2366 1472 2444 praesertim
1495 2365 1572 2425 eirea
1594 2365 1700 2441 aequi-

340 2450 449 2525 noctia,
472 2451 546 2511 satis
567 2448 728 2511 evidenter.
771 2448 883 2510 Eadem
904 2450 1017 2512 ratione
1038 2452 1128 2512 etiam
1150 2468 1170 2511 a
1191 2450 1239 2513 die
1261 2452 1380 2515 solstitii
1408 2450 1445 2511 ad
1463 2448 1550 2519 „diem
1580 2449 1699 2511 brumas

341 2534 374 2599 dt
394 2535 534 2597 humilior
554 2538 583 2596 iu
606 2535 793 2599 meridiebus.
1112 2606 1114 2611 Ι

430 2626 460 2684 t.
483 2624 602 2685 Interim
626 2643 696 2686 vero
723 2622 793 2684 dum
815 2622 866 2685 801
898 2624 935 2684 ab
957 2625 1017 2684 imo
1046 2622 1084 2684 ad
1107 2642 1251 2685 summum
1273 2624 1432 2685 solstitium
1454 2623 1550 2698 venit,
1580 2620 1701 2685 dimidia

342 2710 434 2773 suem
454 2729 523 2791 pars
545 2720 689 2772 astrorum
712 2729 747 2772 er
769 2709 848 2771 Solis
869 2710 959 2772 radiis
981 2713 1111 2789 emergit,
1136 2720 1166 2773 et
1187 2714 1326 2787 vicissim,
1351 2710 1419 2771 dum
1437 2709 1489 2771 Sol
1511 2710 1540 2769 in
1563 2709 1700 2771 meridie·

341 2796 397 2860 bns
420 2815 457 2859 ex
477 2798 621 2860 altissimo
644 2816 757 2860 rursum
780 2798 811 2857 ilt
834 2798 1027 2874 humillimus,
1056 2798 1186 2877 reliquus
1209 2801 1297 2860 etiam
1325 2806 1470 2860 astrorum
1496 2797 1697 2859 semicirculus

340 2887 496 2947 maselinr.
540 2886 645 2964 Itaque
672 2885 741 2946 irino
764 2884 943 2964 collegerunt
972 2889 1149 2963 astronomi,
1180 2886 1380 2949 diversitatem
1402 2886 1483 2946 illem
1510 2883 1698 2946 altitudinum

340 2970 422 3035 sota
443 2972 669 3036 meridianarum
690 2975 789 3054 spargi
811 2991 863 3051 per
884 2981 979 3034 totum
1001 2973 1124 3035 fixarum
1140 2975 1292 3049 ambitum,
1316 2991 1357 3035 sc
1373 2971 1507 3036 incedere
1520 2970 1621 3034 Solem
1643 2972 1699 3033 sub
1772 3035 1778 3047 „

339 3056 407 3121 dxis
429 3062 460 3119 in
482 3060 590 3123 circuio
613 3061 741 3138 perlecto
764 3060 802 3120 ad
825 3069 1013 3139 aequatorem
1036 3061 1167 3141 obliquo,
1191 3064 1242 3141 qni
1265 3058 1399 3142 ecliptica
1416 3058 1535 3121 dicitur:
1557 3076 1617 3119 non
1639 3058 1699 3121 scl-

339 3145 411 3210 lioet
432 3150 543 3210 moveri
566 3149 648 3210 ilium
671 3148 753 3211 velut
774 3149 804 3208 in
825 3166 884 3212 uno
908 3148 1009 3227 aliquo
1031 3148 1236 3212 declinationis
1259 3149 1377 3224 circulo,
1399 3149 1438 3210 ad
1452 3147 1608 3229 sphaeram
1621 3145 1699 3208 dra·

338 3253 403 3298 rum
425 3235 613 3298 immobiliter
635 3235 740 3313 elfino,
772 3245 852 3298 recta
872 3253 986 3297 sursum
1009 3236 1144 3301 deorsum
1171 3244 1254 3299 motu
1275 3239 1408 3316 proprio,
1436 3237 1519 3297 velut
1551 3235 1581 3294 ln
1609 3233 1695 3311 libra,

339 3321 393 3388 sed
422 3323 509 3384 simoi
542 3331 573 3387 et
600 3342 715 3387 sursum
745 3332 775 3385 et
804 3323 843 3384 ad
872 3325 1032 3401 sinistram,
1066 3326 1153 3386 nobis
1179 3327 1209 3385 in
1236 3322 1456 3404 septentrionali
1484 3322 1699 3403 oemuphterio

340 3412 537 3473 romanabus.

427 3500 698 3578 Atqaiptrtobam
727 3516 796 3577 eqo,
823 3499 902 3576 tinas
931 3497 1189 3560 exSoiisrodiir
1221 3516 1371 3577 mrerqere
1398 3509 1427 3561 et
1455 3496 1699 3561 rabeoseondi

339 3594 428 3649 mora
447 3605 512 3662 rao,
534 3604 599 3648 nort
619 3595 707 3649 mora
728 3587 829 3648 aliem
845 3585 924 3648 Solis
945 3586 993 3647 vei
1015 3586 1140 3647 Terrae.
1186 3587 1239 3647 list
1260 3594 1290 3648 et
1311 3586 1386 3650 baec
1409 3604 1468 3650 uua
1490 3605 1527 3648 ex
1549 3604 1698 3667 apparen-

339 3675 390 3736 tiis
410 3672 576 3750 iollaeibus,
599 3673 636 3735 de
658 3674 765 3753 quibus
787 3675 947 3734 astronomi
970 3691 1037 3734 cum
1058 3674 1149 3750 vulgo
1170 3667 1291 3752 'quidem
1313 3673 1480 3754 loquuntur,
1508 3675 1604 3733 visum
1628 3689 1698 3734 vero

340 3759 523 3841 deceptionis
546 3771 686 3840 mguunr,
718 3761 840 3823 detectis
862 3763 967 3822 causis
1012 3761 1080 3823 Non
1106 3763 1184 3821 enim
1211 3769 1291 3822 arua
1319 3779 1356 3822 ex
1378 3760 1457 3823 Solis
1477 3757 1568 3821 radiis
1590 3761 1698 3840 (seue

339 3849 417 3926 loco,
440 3866 528 3927 quem
550 3847 668 3910 claritas
690 3851 767 3910 circa
788 3847 888 3909 Solem
911 3847 1017 3911 diffusa
1038 3848 1177 3926 occupat)
1199 3855 1281 3910 motu
1304 3855 1464 3927 emergunt,
1486 3847 1538 3908 sed
1560 3845 1612 3908 801
1635 3845 1696 3905 dis·

340 3936 462 4012 etms,
492 3945 525 3996 ut
546 3935 734 3998 Ptolemaeus
758 3934 835 4010 vult,
860 3934 908 3996 vel
930 3933 1077 3995 discedere
1101 3936 1198 4010 visus,
1223 3942 1255 3997 ui
1278 3936 1472 4014 Copemicns,
1505 3933 1556 3995 ilia
1577 3936 1699 3996 immota

340 4024 466 4103 detegit:
500 4041 554 4087 nec
579 4042 612 4086 se
635 4027 700 4104 ipea
723 4022 853 4085 condunt
880 4029 959 4082 arba
980 4021 1036 4083 sub
1058 4020 1137 4083 Solis
1159 4021 1272 4093 radios,
1303 4020 1355 4083 sed
1377 4022 1429 4085 801
1461 4022 1624 4083 adventans
1645 4036 1699 4082 ssu

339 4110 503 4175 adventare
532 4114 613 4175 risus
645 4112 697 4172 illa
725 4114 827 4189 operit.
882 4108 969 4186 Quod
1000 4126 1066 4170 com
1096 4109 1138 4172 iia
1165 4109 1276 4174 habeat
1302 4112 1379 4173 circa
1408 4117 1488 4172 ortus
1518 4117 1550 4171 et
1576 4124 1699 4171 occasus

340 4199 469 4261 eidemm
491 4198 629 4274 heliecos,
653 4199 788 4260 omnibus
810 4198 985 4257 mbonomis
1007 4194 1177 4271 fatentibus,
1199 4199 1313 4273 mirum,
1336 4215 1387 4260 cur
1401 4197 1519 4259 turbent
1537 4194 1589 4271 illi,
1612 4197 1638 4255 si
1660 4194 1698 4255 ad

340 4286 467 4350 eundem
495 4287 614 4348 modum
638 4289 727 4348 etiam
750 4284 787 4347 de
812 4287 906 4363 primo
928 4291 1009 4344 motu
1040 4284 1105 4368 (qui
1132 4283 1225 4346 multo
1250 4284 1372 4348 celerior
1403 4292 1448 4348 eet
1473 4281 1625 4362 multoque
1651 4283 1699 4342 in·

339 4373 510 4437 credibilius
542 4377 627 4436 astris
662 4376 733 4452 ipsis
761 4373 908 4449 tribuitur)
942 4370 1138 4448 disputemus,
1171 4372 1252 4450 quod
1280 4391 1337 4436 non
1371 4379 1523 4450 emergant
1551 4377 1632 4433 arba
1661 4388 1697 4432 ex

340 4462 491 4524 monibus
516 4478 571 4524 seo
599 4461 764 4536 horizonte,
792 4458 846 4522 sed
874 4457 953 4538 quod
976 4466 1089 4522 montes
1117 4459 1279 4523 deflexione
1301 4478 1354 4523 seu
1379 4458 1511 4523 discesso
1532 4475 1588 4522 sao
1611 4455 1698 4524 deis·

402 4556 518 4612 restra

340 4567 401 4630 ‘m
429 4636 536 4697 Probo
557 4653 594 4697 er
608 4636 723 4712 opticie,
745 4642 831 4696 mota
850 4631 961 4694 Terrae
983 4633 1016 4694 id
1033 4637 1187 4712 prammri
1198 4652 1294 4712 parre,
1317 4641 1354 4695 at
1366 4633 1469 4695 ridere
1481 4633 1546 4712 lica
1568 4631 1698 4694 videan-

339 4730 394 4786 trrr
415 4741 454 4785 ea
476 4721 553 4785 Solis
574 4722 672 4783 radiis
692 4725 782 4784 coire.
815 4721 1004 4784 Demonstrat
1027 4718 1164 4784 Euclides
1187 4718 1359 4800 Opiicomm
1380 4721 1581 4802 propositione
1605 4719 1644 4781 bi
1669 4727 1717 4800 et¹

342 4811 401 4873 58:
434 4809 521 4872 omlo
552 4808 694 4870 nansiato
722 4811 934 4888 quiescentium
966 4807 1030 4883 illa,
1062 4823 1139 4885 quae
1163 4808 1282 4886 longius
1307 4817 1476 4888 spectantur
1497 4812 1696 4890 spoqyaadm,

340 4896 517 4980 praecedere
540 4896 647 4972 rideri,
670 4914 747 4974 qnae
767 4898 895 4976 propius,
918 4891 1139 4967 ὑπολιιπισθαι,
1162 4894 1292 4969 destitui,
1317 4895 1451 4974 relinqui.
1489 4893 1539 4956 810
1560 4894 1637 4956 enirn
1653 4900 1699 4954 est

340 4983 517 5065 integranda
538 4985 612 5046 baec
633 4986 794 5064 propositio
822 4986 852 5043 iu
881 4982 1008 5045 editione
1030 4982 1183 5061 Campani.
1196 4978 1240 5060 θ)
1284 4981 1354 5046 Jaur
1376 5001 1448 5045 raro
1471 4982 1616 5044 subsumit
1638 4977 1698 5041 Co·

339 5077 496 5154 pernicius:
528 5075 611 5151 atqui
633 5072 750 5134 Tellure
778 5074 856 5134 eirca
876 5071 976 5134 Solem
997 5071 1059 5131 iata
1080 5079 1162 5132 motu
1184 5089 1298 5146 mnuo,
1325 5073 1495 5133 transfertur
1517 5067 1620 5132 oculus
1641 5083 1698 5128 no-

341 5171 403 5224 ster
423 5169 507 5224 motu
529 5159 650 5237 eodem3
672 5167 702 5221 ei
723 5159 809 5234 iisse,
833 5176 910 5238 quae
929 5165 1107 5237 spectantur,
1130 5157 1246 5238 longius
1262 5177 1281 5222 a
1295 5158 1386 5222 'l'erra
1408 5158 1529 5231 absum,
1552 5153 1606 5217 801
1627 5172 1698 5236 pro·

341 5251 427 5330 pins,
455 5265 580 5328 quorum
603 5255 633 5311 st
652 5245 722 5310 illas
744 5255 774 5311 st
794 5247 873 5311 buno
896 5246 1075 5327 copemtcos
1098 5246 1169 5309 iacit
1190 5250 1351 5326 quiescere.
1395 5241 1562 5324 (inmollis
1582 5241 1697 5324 positis,
