4459 6275
512 778 575 839 'ida
975 765 1163 851 bonsideratio
1181 764 1402 824 observationum
1480 782 1482 786 ·

632 957 722 1045 Quid
750 957 794 1027 sit
822 953 1030 1044 praestitum
1059 955 1094 1023 iu
1124 951 1356 1025 collocatione
1385 954 1600 1042 epocharum
1629 955 1761 1026 blattis.

602 1126 675 1185 Cum
699 1130 813 1183 exstent
837 1123 1058 1182 observationes
1082 1119 1186 1179 Martis
1215 1141 1234 1180 a
1257 1121 1406 1181 veteribus
1429 1121 1549 1182 habitae
1578 1139 1637 1181 non
1660 1123 1764 1200 plures
1792 1141 1870 1200 qnam

513 1217 660 1292 quinque:
692 1229 752 1271 una
775 1211 910 1286 Dionysii
934 1225 1011 1267 anno
1035 1226 1063 1266 a.
1089 1207 1156 1267 Chr.
1181 1211 1253 1267 272.
1279 1207 1307 1266 1.
1334 1214 1382 1268 18.
1406 1208 1602 1281 dammare,
1633 1218 1667 1269 ut
1692 1211 1871 1270 Ptolemaeus

514 1304 557 1360 111
572 1299 773 1377 Hipparchum
798 1299 1018 1372 interpretatum
1042 1311 1116 1367 esse,
1140 1295 1270 1370 reliquae
1286 1304 1414 1372 quatuor
1436 1299 1527 1373 ipsius
1543 1297 1713 1358 Ptolemaei
1737 1316 1774 1357 ex
1796 1304 1872 1357 aunis

515 1388 582 1448 Chr.
610 1381 689 1459 iao,
725 1390 803 1457 135,
837 1390 914 1458 139,
946 1400 1069 1458 quarum
1093 1389 1151 1441 tres
1174 1385 1203 1440 in
1225 1384 1284 1441 situ
1307 1383 1412 1442 Martie
1434 1384 1615 1462 aoronycho,
1645 1395 1754 1461 quarta
1778 1390 1872 1445 tertiae

516 1476 649 1553 proxima
672 1477 747 1532 111111
771 1471 907 1544 triduum,
932 1469 1102 1530 confirmata
1126 1473 1215 1530 etiam
1239 1471 1445 1547 conjunctione
1469 1489 1534 1530 cum
1552 1472 1648 1531 Luna:
1679 1477 1805 1551 primum
1827 1473 1872 1532 de·

514 1559 853 1640 prehendi,·applieatis
883 1559 1216 1618 commensurationibus
1249 1559 1363 1617 orbium
1395 1558 1557 1631 hodiernis,
1592 1577 1652 1619 non
1677 1578 1768 1637 posse
1791 1565 1871 1621 teneri

515 1666 617 1710 omncs
641 1658 699 1707 tres
722 1645 903 1722 acronycbas
927 1645 964 1704 ad
987 1660 1125 1720 unguem,
1149 1647 1191 1703 uti
1213 1653 1282 1703 sunt
1306 1647 1334 1702 in
1359 1645 1533 1706 Ptolemaeo
1556 1650 1690 1706 numeris
1715 1667 1872 1726 expressas.

513 1743 769 1813 quantamcunque
792 1733 955 1792 libertatem
977 1749 1100 1807 usurpes
1123 1731 1239 1790 locandi
1263 1732 1413 1808 aphelium
1444 1742 1472 1792 ct
1500 1734 1748 1794 accommodandi
1772 1747 1872 1794 motum

515 1822 653 1883 medium.
699 1820 835 1881 Secunda
857 1838 923 1878 mea
946 1818 1093 1879 11111111
1116 1819 1296 1891 deliberare,
1320 1838 1389 1878 num
1413 1820 1579 1895 aequalitas
1605 1840 1748 1883 excessus
1772 1826 1801 1881 in
1823 1842 1873 1882 una

515 1910 705 1985 deiectusque
729 1912 757 1966 in
774 1906 875 1979 altera,
899 1924 976 1981 quae
992 1905 1149 1984 plurimum
1172 1908 1349 1966 abinvicem
1375 1906 1539 1986 discedunt,
1562 1911 1601 1966 sit
1621 1910 1872 1988 apprehendenda,

515 2015 591 2057 1111
614 1995 760 2055 mordicus
783 1994 949 2071 arripienda
966 2012 1032 2066 uua,
1058 2012 1134 2071 quae
1158 1996 1262 2053 ceteris
1284 1997 1389 2053 certior
1404 1995 1561 2054 videatur?
1609 1997 1690 2056 Dum
1707 2000 1789 2074 prius
1812 1998 1873 2056 illud

516 2092 607 2157 tento,
633 2083 818 2162 deprehendi,
843 2081 917 2141 duas
941 2081 1006 2140 illas
1029 2084 1124 2142 socias
1149 2098 1185 2139 ex
1204 2097 1281 2139 anno
1301 2087 1371 2154 139,
1396 2100 1518 2158 quarum
1541 2087 1692 2158 posterior
1716 2102 1784 2145 cum
1801 2085 1873 2143 Luna

515 2173 704 2247 conjunctum
727 2170 846 2230 exhibet
868 2167 1025 2246 planetam,
1050 2170 1105 2228 has
1129 2170 1218 2244 igitur
1241 2173 1270 2227 et
1294 2171 1368 2228 inter
1390 2186 1422 2229 ss
1446 2175 1611 2231 consentire
1638 2181 1669 2231 et
1693 2181 1823 2232 staturas
1844 2191 1874 2233 er

514 2276 574 2320 uua
605 2266 704 2334 parte,
736 2257 916 2316 deiecturum
948 2274 987 2316 sc.
1019 2258 1049 2315 in
1079 2258 1114 2314 iis
1146 2253 1301 2315 calculum.
1352 2254 1418 2316 Hoc
1449 2258 1606 2318 observato
1641 2260 1811 2319 consultius
1839 2269 1876 2319 est

515 2348 626 2420 visum,
651 2344 795 2405 calculum
819 2344 856 2403 ad
880 2344 933 2402 bas
957 2345 1031 2403 duas
1055 2343 1202 2403 adducere
1226 2347 1476 2422 quamproxime,
1500 2347 1543 2404 sic
1565 2353 1684 2420 tamen,
1716 2356 1749 2407 ut
1773 2356 1875 2407 11111-

515 2434 575 2493 1111
606 2431 771 2504 excedenti,
802 2449 838 2490 ex
867 2448 945 2490 anno
975 2448 1015 2491 sc.
1042 2438 1121 2503 130,
1151 2447 1254 2507 parum
1282 2429 1394 2507 aliquid
1426 2431 1628 2508 indulgeatur,
1665 2452 1728 2511 quo
1759 2445 1789 2494 ct
1821 2438 1876 2513 ipss

516 2519 631 2580 modica
661 2535 680 2577 1
710 2517 824 2589 1111111
853 2521 1041 2596 exprimatur.
1088 2516 1232 2594 Quartam
1263 2534 1333 2576 vero
1362 2536 1397 2579 ex
1430 2537 1457 2578 1.
1486 2520 1556 2578 135.
1591 2528 1738 2598 tanquam
1769 2526 1876 2581 unicam

516 2601 621 2687 passus
645 2624 709 2665 sum
733 2609 853 2682 evagari
876 2607 914 2665 ad
937 2613 1029 2666 totam
1051 2606 1111 2665 1111
1135 2604 1365 2681 magnitudinem
1390 2623 1566 2666 1111111111
1592 2616 1622 2667 ct
1645 2608 1768 2670 deiectu
1790 2613 1876 2668 mari-

515 2697 571 2755 mis
604 2696 808 2770 compositam.
855 2692 890 2752 Id
921 2695 962 2754 111
991 2693 1101 2752 iactum
1135 2700 1181 2751 111
1210 2693 1316 2769 partim
1346 2695 1434 2752 etiam
1467 2697 1497 2751 in
1526 2698 1654 2771 gratiam
1679 2697 1876 2774 Dionysiante

516 2783 674 2857 antiquas,
706 2789 737 2840 ut
761 2780 893 2840 calculus
915 2784 1003 2840 stiam
1028 2780 1087 2856 illi,
1111 2786 1255 2856 quantum
1276 2780 1339 2839 fleri
1363 2787 1464 2858 posset
1487 2782 1698 2859 probabiliter,
1725 2789 1877 2864 appropia·

517 2876 635 2948 quarct3
660 2869 695 2928 11
720 2886 779 2945 qua
797 2869 861 2944 jam
884 2866 978 2945 plura.

607 2956 707 3015 Tertio
737 2973 879 3031 namque,
910 2963 1122 3031 utramcnnque
1146 2956 1224 3014 vlam
1257 2970 1293 3012 ex
1316 2953 1402 3013 dictis
1434 2954 1614 3031 ingrederer,
1647 2961 1807 3035 apparuit,
1833 2976 1877 3035 per

517 3042 645 3123 epochas
668 3042 890 3102 aPtolemaicis
913 3043 1170 3103 observationibus
1194 3039 1393 3118 dependentes
1416 3048 1446 3101 ct
1467 3060 1518 3120 per
1539 3052 1637 3103 motus
1662 3045 1823 3105 admensus
1844 3045 1875 3104 ad

518 3132 658 3211 temporis
681 3131 870 3191 intervallum
899 3132 975 3191 inter
997 3130 1147 3209 'l'ycbonis
1177 3130 1354 3189 certissimas
1379 3129 1600 3192 observationes
1629 3141 1660 3191 et
1686 3133 1876 3195 Ptolemaicas

518 3219 626 3292 dietas,
655 3236 715 3278 non
744 3235 831 3296 posse
861 3222 952 3277 teneri
977 3220 1191 3296 Dionysianam
1224 3218 1474 3290 observationem,
1507 3222 1577 3294 qnin
1605 3223 1709 3296 potius
1738 3222 1875 3281 calculum

519 3316 651 3365 nostrum
675 3305 895 3365 transscendere
925 3308 988 3384 ejus
1011 3306 1108 3365 locum
1133 3307 1229 3382 spatio
1252 3308 1324 3364 satis
1348 3322 1471 3379 magno,
1502 3315 1533 3364 ut
1562 3308 1641 3383 quod
1668 3308 1752 3367 Mars
1778 3310 1875 3368 visibili

518 3402 602 3452 mota
627 3394 810 3452 confecturus
842 3395 879 3450 sit
902 3396 978 3453 intra
1001 3393 1138 3453 triduum.
1185 3393 1249 3451 Hac
1272 3392 1308 3450 de
1332 3411 1361 3451 rc
1385 3392 1503 3468 querela
1534 3404 1629 3453 exstat
1660 3399 1752 3454 etiam
1777 3401 1805 3453 in
1828 3398 1874 3454 tine

518 3481 585 3540 libri
609 3486 674 3552 mei,
700 3481 915 3560 Commentaria
938 3481 973 3541 de
996 3490 1078 3540 motu
1101 3480 1204 3539 stellae
1222 3481 1324 3538 Martis
1347 3482 1486 3557 inscripti.
1512 3488 1785 3546 (1’11.111.111.131
1808 3506 1848 3540 ‚ua

605 3568 671 3626 Hoc
702 3585 789 3643 super
818 3571 936 3643 negotio
967 3587 1073 3644 magna
1104 3570 1159 3626 suit
1191 3577 1253 3626 orta
1282 3570 1493 3641 cogitationum
1527 3586 1658 3627 mearum
1691 3573 1873 3646 perturbatio.

524 3655 711 3726 consiliorum
735 3657 874 3713 11111111.
922 3657 994 3715 Cum
1020 3658 1095 3714 enim
1120 3655 1258 3727 viderem,
1286 3655 1361 3713 hanc
1385 3657 1619 3713 observationem
1644 3661 1686 3715 ita
1711 3659 1827 3716 demum
1849 3676 1874 3714 se

522 3744 721 3822 praebituram
750 3743 876 3816 calculo,
908 3762 960 3819 per
993 3745 1216 3802 observationes
1240 3743 1434 3800 Ptolemaicas
1465 3761 1528 3801 sese
1551 3761 1669 3802 versum
1702 3747 1874 3804 ascendenti.

522 3834 546 3890 si
571 3849 605 3889 ex
632 3837 681 3888 18.
706 3829 775 3889 Jan.
806 3833 835 3885 in
863 3837 909 3890 15.
935 3832 998 3905 ejus
1031 3831 1105 3889 diem
1136 3838 1356 3904 transponatur,
1389 3833 1471 3907 coepi
1503 3829 1636 3890 dubitare
1673 3833 1709 3891 dc
1740 3834 1796 3891 hele
1824 3846 1874 3890 tam

520 3917 684 3975 Ptolemaei
708 3936 796 3994 quam
813 3918 971 3995 Hipparchi
997 3918 1054 3997 (cui
1078 3920 1128 3976 illc
1152 3926 1300 3994 acceptam
1326 3919 1380 3975 sert
1404 3918 1614 3975 ordinationem
1638 3922 1873 3978 observationum

522 4003 665 4082 veterum)
689 4008 716 4060 in
741 4006 916 4081 applicando
942 4006 988 4063 die
1011 4008 1120 4064 mensis
1144 4006 1283 4081 Aegyptii
1307 4006 1344 4062 nd
1369 4005 1444 4063 diem
1469 4012 1518 4065 95.
1543 4009 1652 4063 mensis
1677 4010 1874 4083 capricornio-

520 4094 566 4149 1111
590 4093 782 4168 Dionysiani,
815 4096 997 4168 suspicatus,
1030 4094 1090 4151 lieri
1113 4096 1245 4168 potuisse
1275 4100 1394 4167 propter
1418 4096 1513 4150 varias
1539 4111 1683 4152 antrorum
1717 4096 1873 4153 1111111111

521 4182 651 4254 antiquo,
676 4197 733 4236 non
758 4182 829 4237 satis
852 4181 926 4238 sorte
949 4184 1081 4255 cognitas
1105 4180 1276 4255 Hipparcho
1301 4181 1462 4250 recentiori,
1487 4189 1518 4237 ut
1542 4181 1731 4257 Hipparchus
1757 4184 1873 4239 triduum

521 4267 711 4325 aberraverit.
759 4267 958 4325 confirmabat
982 4271 1010 4323 in
1035 4268 1090 4326 hac
1114 4271 1251 4344 opinione
1277 4269 1450 4341 conjecturis
1474 4268 1553 4339 aliis,
1579 4269 1659 4343 quod
1684 4288 1724 4329 sc.
1744 4271 1873 4330 riderem.

522 4372 557 4411 ex
592 4355 829 4412 observationum
855 4356 1104 4431 Dionysiauarum
1128 4355 1215 4434 (quae
1246 4365 1312 4411 strat
1344 4358 1461 4412 ornnino
1488 4363 1521 4428 ῖς
1555 4373 1615 4412 nna
1648 4375 1689 4415 sc.
1721 4360 1751 4415 in
1780 4358 1874 4415 Mane.

520 4457 580 4498 una
602 4443 631 4498 in
655 4440 747 4512 Jove,
777 4445 910 4517 quinque
935 4446 962 4499 in
987 4442 1156 4520 Mercurio),
1186 4462 1220 4501 ex
1244 4442 1346 4500 harum
1372 4445 1489 4516 inquam
1514 4443 1618 4501 diebus
1642 4446 1671 4499 in
1696 4464 1797 4503 mense
1821 4446 1874 4519 ple·

520 4543 627 4603 rosque
651 4528 769 4603 quidem
793 4548 857 4588 esse
882 4530 1086 4589 denominatos
1118 4532 1155 4588 ab
1180 4531 1257 4587 illius
1281 4529 1388 4604 gradus
1418 4547 1552 4602 numero,
1586 4530 1624 4588 ad
1648 4549 1737 4605 quem
1762 4534 1873 4606 gradum

519 4613 602 4672 locus
618 4614 697 4673 Solis
714 4617 836 4688 medius,
861 4617 1068 4675 al'tolcmaeo
1092 4625 1287 4694 computatus,
1312 4620 1442 4692 proxime
1459 4618 1584 4686 1111111,
1609 4629 1637 4676 11
1661 4628 1759 4678 tamen
1776 4620 1874 4678 alicubi

519 4718 656 4761 numeros
687 4703 775 4761 hosce
800 4704 856 4761 diei
887 4707 915 4760 in
942 4713 1046 4763 mensc'
1072 4715 1100 4763 11
1128 4706 1236 4780 gradus
1260 4705 1338 4762 Solis
1370 4708 1396 4762 in
1422 4709 1505 4779 signo
1534 4705 1658 4763 multum
1689 4709 1727 4765 ab
1760 4709 1873 4765 inritam

519 4789 679 4849 discedere.
727 4792 762 4849 lit
792 4791 862 4848 illud
887 4792 1007 4867 quidem
1036 4792 1188 4851 redolebat
1219 4793 1388 4851 methodum
1413 4795 1480 4851 amri
1503 4791 1606 4850 solaris
1635 4797 1759 4870 tropici,
1793 4798 1874 4870 quia

520 4884 741 4953 parapegmate,
766 4878 844 4953 quod
869 4878 936 4936 addi
961 4879 1083 4952 solebat,
1108 4879 1326 4941 denominatur.
1350 4880 1406 4939 hoc
1431 4897 1518 4952 vero,
1545 4897 1609 4938 eum
1633 4882 1671 4939 ab
1695 4901 1774 4941 antro
1791 4882 1874 4939 lunari

521 4967 655 5022 excusari
680 4968 823 5039 nequiret,
847 4966 924 5024 unde
948 4970 1035 5041 igitur
1058 4968 1232 5039 accidisset,
1257 4969 1361 5041 conjici
1385 4985 1571 5042 nequaquam
1595 4977 1721 5042 poterat.
1769 4968 1872 5028 lndulsi

519 5056 618 5110 tamen
652 5050 834 5127 aliquamdiu
866 5056 995 5130 opinioni
1028 5053 1063 5113 de
1097 5073 1174 5113 anno
1214 5056 1320 5127 lunari,
1363 5058 1533 5131 praesertim
1565 5057 1641 5113 circa
1672 5056 1749 5116 hanc
1782 5057 1872 5115 llanis

520 5137 769 5199 observationem.
817 5140 887 5198 Vidi
911 5144 996 5212 enim,
1021 5145 1045 5199 si
1069 5159 1121 5219 pro
1149 5141 1280 5202 111111.
1309 5149 1542 5213 insumeretur,
1568 5140 1649 5199 illum
1675 5148 1795 5202 omniuo
1818 5161 1872 5200 esse

520 5223 708 5287 [11111121.
732 5227 799 5304 ejus
820 5230 941 5303 mensis,
973 5229 1057 5304 cujus
1080 5237 1228 5309 deperarent
1251 5234 1280 5288 in
1305 5230 1512 5307 Capricornum
1537 5229 1678 5289 incideret
1709 5243 1737 5292 et
1761 5236 1803 5293 sic
1825 5232 1872 5289 bet
