4459 6275
890 806 973 863 Liber
990 806 1122 877 emtus.
1156 805 1226 863 Pars
1241 806 1343 865 Prona.
1729 818 1792 881 m

436 983 550 1045 nullum
580 992 679 1047 umen
713 982 900 1044 intervallum
929 984 1064 1045 binonrm
1091 983 1274 1063 planetemm
1302 987 1425 1063 propius
1453 986 1576 1048 accedat
1603 988 1642 1049 ud
1671 990 1793 1051 alterius

436 1072 548 1149 tentae
577 1072 691 1134 orbium
720 1074 938 1151 proportiones,
974 1090 1063 1149 quern
1094 1090 1172 1149 qnae
1199 1071 1343 1135 merenas
1370 1076 1489 1150 optimis
1520 1077 1686 1137 rstionihus
1716 1079 1793 1139 binis

435 1158 564 1238 planetis
585 1160 641 1221 init
663 1158 821 1236 adscripta.

522 1244 616 1308 Vides
638 1248 724 1321 enlm,
748 1248 823 1307 sicut
845 1244 989 1306 Satumns
1012 1262 1102 1323 supro
1124 1244 1228 1307 habuit
1255 1248 1352 1309 minus
1375 1246 1466 1325 duplo
1489 1247 1525 1310 ds
1548 1249 1691 1313 diametro
1713 1253 1793 1314 orbis

435 1332 535 1409 Joris,
558 1342 589 1395 et
610 1333 713 1395 Venus
735 1334 869 1395 similiter
891 1336 987 1395 minus
1010 1332 1101 1411 duplo
1125 1332 1161 1393 de
1183 1332 1322 1395 Mercurii
1346 1334 1505 1409 dmmetro,
1528 1338 1642 1400 scillcet
1663 1341 1793 1418 quinque

435 1422 540 1483 urnas
561 1420 610 1483 rel
633 1430 700 1483 octo
730 1424 863 1498 quinne,
896 1424 940 1482 sic
970 1422 1058 1481 etiam
1090 1424 1119 1480 in
1143 1422 1219 1483 cubo
1242 1430 1271 1481 ct
1294 1422 1432 1485 octaedro
1459 1424 1586 1485 100000
1608 1444 1675 1487 esso
1697 1428 1793 1489 minus

435 1526 527 1586 qnam
549 1507 671 1589 duplum
693 1510 788 1587 ipsius
812 1509 927 1569 57735.
975 1507 1051 1569 llam
1072 1510 1097 1568 si
1122 1515 1180 1569 tres
1203 1510 1322 1587 qrrintsa
1346 1511 1502 1585 sumseris,
1527 1513 1635 1573 00000
1657 1514 1792 1588 habebis,

434 1598 478 1657 rin
512 1598 645 1675 quinque
676 1604 812 1669 octavae,
843 1596 1042 1657 1111102500
1066 1598 1197 1656 veniunt.
1250 1594 1376 1658 Rursum
1405 1601 1482 1659 sicat
1504 1596 1631 1660 Martius
1654 1602 1732 1661 orbis
1754 1600 1793 1662 sd

435 1684 548 1759 orbem,
572 1686 622 1760 qni
645 1692 775 1745 centrum
793 1682 921 1743 Telluris
937 1682 1027 1756 vehit,
1051 1683 1202 1744 minimam
1224 1684 1284 1743 iero
1306 1684 1410 1745 hahuit
1432 1690 1649 1762 proportionem
1672 1696 1702 1749 et
1717 1706 1793 1765 pene

434 1770 592 1849 meatem
620 1772 800 1849 proportioni
830 1770 909 1831 orbis
932 1769 1058 1831 Telluris
1087 1770 1126 1831 ed
1148 1770 1322 1847 Venerium,
1354 1775 1398 1831 sic
1422 1773 1505 1835 vides
1534 1777 1621 1835 etiem
1646 1778 1675 1833 in
1699 1774 1793 1835 dode·

434 1858 543 1919 enidro
566 1868 597 1921 et
620 1857 771 1921 ieosaddro
793 1860 943 1919 minimam
968 1875 1033 1918 esse
1057 1858 1170 1918 orbium
1204 1861 1436 1936 proportionem,
1466 1862 1579 1923 scilicet
1605 1864 1732 1923 100000
1754 1864 1792 1923 ad
1876 1920 1884 1943 ,

436 1948 554 2007 rotet.
614 1946 705 2007 Vides
732 1947 833 2019 tertio,
863 1948 939 2006 sieut
961 1943 1079 2023 Jupiter
1105 1945 1144 2007 ad
1166 1944 1292 2007 Martem
1313 1951 1473 2009 marimum
1495 1952 1647 2011 constitnit
1668 1967 1793 2027 propor-

434 2034 546 2095 tionem
569 2033 693 2109 orblum,
716 2035 850 2095 nimirum
874 2033 999 2110 triplum,
1023 2035 1172 2095 nicetium
1187 2036 1216 2093 in
1233 2033 1379 2095 tetra'e'dro
1395 2038 1604 2114 circumscripti
1620 2036 1793 2099 diametrum

434 2138 500 2183 ersa
524 2120 644 2200 triplum
665 2122 806 2198 lnscrlpti.

523 2208 559 2269 Si
581 2216 646 2269 tum
664 2227 762 2286 prope
783 2206 932 2267 accedunt
953 2207 1118 2267 mavelle
1133 2207 1177 2267 od
1188 2212 1402 2283 proportiones
1412 2211 1596 2287 Murenam,
1619 2230 1676 2271 cnr
1697 2216 1793 2290 ipitrrr

433 2304 571 2375 superat
591 2297 701 2374 eliqw
722 2293 949 2371 &semanimi
985 2289 1021 2375 1)
1044 2292 1123 2369 Quis
1144 2294 1245 2355 mnndi
1267 2296 1386 2357 mobilia
1409 2296 1586 2377 archetypos
1604 2309 1719 2360 consum
1733 2318 1792 2361 non

433 2392 549 2445 tantum
572 2401 609 2445 ex
632 2385 761 2461 quinque
784 2382 884 2460 liguris
907 2378 1103 2459 regularibus,
1136 2383 1245 2459 quibus
1266 2384 1411 2445 curricula
1431 2384 1615 2463 planetarum
1639 2395 1668 2446 et
1689 2404 1792 2449 curso·

432 2489 499 2533 rum
528 2488 667 2531 nummus
694 2470 898 2545 definirentur,
927 2468 981 2530 aed
1010 2470 1100 2529 etiam
1128 2487 1164 2531 ex
1195 2472 1433 2547 proportionibus
1462 2472 1652 2548 harmonicis,
1683 2475 1791 2551 quibus

434 2576 541 2621 eureus
562 2554 621 2637 ipsi
642 2558 680 2619 ad
704 2557 852 2636 quandem
871 2556 965 2617 veluti
987 2557 1117 2619 musica
1140 2558 1276 2619 coelestis
1298 2575 1352 2619 sen
1373 2568 1533 2621 concentus
1557 2560 1718 2622 harmonici
1738 2580 1792 2623 sar

435 2664 545 2707 vocum
567 2644 665 2709 ideam
688 2643 901 2723 attemperandi
923 2644 1048 2707 luerunt
1086 2643 1162 2704 Cum
1183 2652 1282 2706 sutem
1305 2653 1426 2708 ornatus
1448 2648 1503 2709 ists
1526 2652 1655 2709 musicus
1673 2648 1792 2710 deside·

434 2742 516 2797 rarat
545 2732 762 2795 distinctionem
790 2740 888 2794 motus
915 2734 944 2790 in
973 2749 1032 2793 nno
1055 2732 1190 2810 quolibet
1212 2731 1347 2810 planete,
1374 2732 1533 2797 tardissimi
1554 2756 1575 2797 a
1596 2736 1791 2811 uelocissimo,

437 2838 514 2898 quae
538 2819 686 2882 distinctio
709 2820 857 2899 perficitur
879 2821 1041 2881 variatione
1064 2818 1210 2881 intervelli
1235 2822 1309 2881 inter
1329 2821 1479 2899 planetam
1502 2831 1533 2883 et
1546 2821 1656 2895 Solem,
1680 2833 1709 2885 ot
1725 2840 1792 2885 cnm

437 2910 589 2985 quantitas
618 2926 673 2969 seu
699 2911 849 2987 proportio
879 2908 1049 2968 eurietionis
1077 2907 1167 2983 hujus
1197 2910 1226 2967 in
1254 2908 1322 2969 aliia
1350 2909 1476 2987 planetis
1500 2910 1560 2971 alia
1581 2914 1790 2987 requireretur:

436 2996 506 3059 hino
528 2999 724 3059 necessarim
745 2997 810 3071 init,
832 3001 865 3055 ut
886 2994 1049 3055 intervallis
1071 2997 1136 3055 istls
1157 2995 1340 3073 figuralibus,
1363 3014 1440 3074 quae
1461 2998 1636 3059 exhibentur
1657 2999 1791 3075 aligeris

436 3086 501 3146 alne
524 3085 688 3146 varhdone
710 3084 883 3158 uniformia,
913 3084 1064 3144 minimum
1086 3082 1200 3160 reliquid
1222 3083 1399 3148 adimeretur
1421 3094 1453 3146 ct
1473 3083 1602 3149 libertati
1623 3087 1791 3148 hermesias

435 3171 651 3251 relinqueretur
671 3171 710 3232 ad
732 3170 994 3249 repraesentandae
1015 3179 1148 3232 motuum
1170 3170 1347 3234 harmonias.

526 3262 561 3336 2)
583 3259 688 3338 Neque
717 3267 814 3330 temen
843 3258 978 3336 neglecte
1010 3259 1081 3333 tuit,
1111 3275 1151 3320 ne
1171 3260 1201 3320 in
1223 3260 1280 3322 bec
1302 3259 1420 3338 quidem
1442 3257 1520 3322 adeo
1541 3260 1658 3322 minuta
1678 3259 1790 3322 discre-

436 3349 548 3426 pantia,
571 3350 735 3426 proprietas
757 3345 915 3424 figurarum
938 3345 1123 3423 regularium.
1167 3345 1352 3408 sicutenim
1375 3347 1512 3410 tetraddrl
1535 3349 1653 3425 quidem
1676 3349 1790 3409 orbium

435 3435 587 3515 proportio
610 3441 656 3498 est
676 3433 824 3513 perlecta,
847 3433 904 3494 hoc
926 3443 972 3492 est
993 3433 1118 3498 effabilia
1140 3434 1326 3512 simpliciter,
1353 3436 1422 3496 cubi
1443 3444 1474 3498 et
1496 3436 1625 3498 ocraedn
1648 3437 1791 3513 semiper·

436 3524 541 3597 laena
563 3522 621 3584 hoc
643 3530 689 3584 ert
710 3521 841 3584 effabiles
863 3522 1006 3598 potentie,
1029 3520 1192 3582 insliahilas
1215 3521 1408 3600 longitndine,
1429 3533 1462 3583 at
1484 3521 1659 3606 dodocaddri
1681 3532 1711 3584 et
1727 3527 1791 3586 ico·

435 3609 534 3672 mddri
554 3609 644 3688 plane
666 3609 863 3688 imperiectae,
886 3608 943 3670 hoc
966 3616 1011 3669 ost
1033 3611 1150 3688 penitus
1171 3609 1354 3672 ineffabiles:
1376 3611 1420 3670 sic
1441 3611 1530 3672 etiam
1552 3609 1791 3673 nnaddricomrn

434 3697 622 3776 planetamm
643 3699 793 3776 proportio
815 3713 956 3774 pmqnarn
979 3704 1098 3771 erecte,
1121 3696 1180 3758 lroc
1200 3706 1246 3758 est
1267 3699 1297 3758 iu
1320 3699 1392 3774 ipsis
1414 3698 1474 3758 iere
1497 3697 1716 3759 intervallorum
1738 3718 1792 3760 ex·

434 3785 643 3860 tremitstlbna,
666 3786 796 3846 imitatur
818 3782 988 3861 figuralem
1011 3785 1180 3845 cubicorum
1203 3790 1233 3844 ct
1255 3784 1485 3846 octatidricornm
1507 3787 1710 3864 proportiones
1734 3789 1791 3846 mi·

436 3890 492 3934 nna
516 3880 619 3934 macte
642 3880 711 3932 sunt
732 3869 878 3950 figurales,
902 3873 974 3949 qnia
996 3879 1127 3932 extrema
1147 3869 1266 3946 quidem
1288 3871 1445 3932 intervallo
1468 3873 1506 3933 eh
1528 3875 1565 3933 iis
1588 3871 1736 3946 recedunt,
1758 3880 1791 3933 at

434 3959 609 4024 intermedie
632 3957 791 4038 quadrant3
814 3957 1090 4020 dodemcdncorum
1113 3974 1183 4018 vero
1206 3967 1237 4018 et
1258 3956 1502 4020 icosaiidrlcornnr
1524 3967 1586 4022 tota
1600 3958 1790 4036 spatisligu·

434 4047 511 4110 rste
534 4065 604 4109 suas
626 4049 830 4125 proportiones
853 4045 1057 4122 deseruerunt,
1075 4061 1246 4123 quenquam
1268 4043 1349 4105 nulla
1372 4046 1433 4105 alia
1449 4048 1569 4123 propius
1584 4053 1788 4123 assequentur.

435 4135 512 4198 sees
544 4138 638 4211 enim,
667 4142 700 4196 ut
729 4132 766 4196 de
788 4133 875 4197 Joris
898 4133 1054 4194 intervallo
1075 4133 1197 4193 minimo
1221 4131 1323 4194 Martis
1350 4131 1553 4210 longissimum
1582 4135 1622 4194 sit
1650 4151 1790 4212 perquam

434 4229 540 4284 exacte
567 4238 637 4301 pars
665 4224 765 4298 tertie,
797 4230 830 4283 nt
857 4223 887 4280 in
915 4219 1061 4282 tetraidro
1090 4220 1171 4282 orbis
1200 4221 1320 4282 interior
1347 4221 1514 4295 exterioris,
1544 4228 1577 4282 ut
1604 4222 1648 4283 sie
1674 4220 1791 4297 angulis

434 4309 574 4372 ubattdrl
603 4308 755 4372 collocatis
785 4310 814 4368 in
838 4309 908 4370 orbe
929 4307 1018 4370 Jcris
1040 4310 1161 4383 intimo,
1191 4307 1282 4387 plana
1303 4307 1478 4370 tebaidrics
1499 4315 1623 4385 negant
1644 4306 1791 4385 quodam·

436 4397 525 4458 modo
548 4399 650 4458 orbem
673 4397 777 4456 ldsrtls
801 4389 955 4476 extimum,
979 4413 1047 4458 ecce
1070 4399 1185 4471 iterum,
1208 4401 1241 4456 ut
1262 4396 1368 4472 positia
1390 4394 1508 4472 angulis
1530 4396 1598 4482 cubi
1621 4394 1739 4472 quidam
1760 4398 1790 4456 in

435 4484 565 4560 Saturni,
589 4483 721 4546 octaedri
737 4502 807 4544 vero
830 4488 859 4542 in
876 4485 999 4545 Veneris
1023 4482 1143 4544 orbibus
1165 4484 1283 4559 intimis,
1306 4482 1395 4561 plana
1410 4482 1568 4559 figurarum
1583 4485 1792 4560 immergantur

436 4571 556 4649 quidem
579 4571 610 4631 ln
626 4574 770 4649 regiones,
794 4571 959 4645 illuderis,
983 4573 1040 4632 ista
1055 4569 1202 4644 Mercurii,
1225 4587 1320 4648 neque
1335 4578 1432 4630 umen
1448 4577 1526 4631 totas
1540 4570 1608 4630 illas
1623 4578 1791 4631 1111111111-

435 4659 516 4734 deot,
539 4657 593 4720 sed
617 4676 710 4736 esque
734 4658 772 4719 ad
794 4658 906 4718 medias
930 4659 1043 4720 circiter
1065 4665 1236 4735 penetrent3
1258 4675 1326 4718 ecce
1348 4656 1484 4734 denique,
1507 4666 1539 4718 at
1554 4659 1659 4735 positis
1674 4659 1790 4735 angulis

435 4745 613 4810 dodecuiidri
636 4745 753 4825 quidem
775 4747 804 4806 in
823 4746 935 4820 Mortis,
959 4746 1102 4808 icosae'dri
1125 4763 1196 4808 vero
1220 4748 1251 4814 in
1266 4744 1392 4806 Telluris
1416 4745 1536 4806 orbibus
1558 4747 1677 4817 intimis,
1699 4746 1789 4823 plana

435 4834 595 4912 figurarum
617 4832 786 4896 unhetenus
807 4842 1003 4914 assequantur
1017 4833 1168 4910 subjectas
1181 4836 1326 4911 regiones,
1341 4832 1401 4893 -llle
1415 4830 1550 4907 Telluris,
1576 4835 1633 4892 ists
1648 4832 1788 4892 Veneris:
1874 4867 1880 4880 ·

435 4931 467 4983 ut
487 4924 606 4985 inierim
628 4929 726 4984 temen
748 4922 831 4982 nulle
852 4922 1037 5000 plenetarnm
1060 4920 1217 4982 interualla
1231 4922 1352 4999 propius
1366 4916 1509 4980 anement
1531 4917 1568 4982 ad
1591 4918 1693 4980 herem
1712 4919 1790 4996 dgn-

435 5027 533 5072 rarum
555 5011 760 5088 proportiones
784 5014 911 5070 omniunt
935 5011 1080 5068 minimos.
1125 5007 1202 5068 Vide
1225 5007 1262 5070 de
1284 5007 1330 5068 lris
1353 5005 1546 5068 Harmonices
1569 5025 1652 5068 meae
1674 5005 1727 5067 lib.
1750 5005 1789 5066 V.

435 5115 498 5177 erp.
517 5099 546 5160 9.
572 5114 655 5176 prop.
669 5099 720 5160 48.
746 5106 775 5158 et
798 5113 850 5175 per
871 5105 975 5171 totum,
999 5096 1050 5156 nbi
1064 5112 1173 5156 causeo
1194 5102 1406 5158 eruunturnon
1429 5103 1543 5156 tantem
1558 5101 1679 5156 crudae
1694 5110 1790 5169 qnan-

434 5187 528 5248 titatis
550 5188 772 5266 proportionum
794 5186 870 5248 inter
890 5185 991 5260 hlnos,
1014 5182 1068 5246 sed
1089 5184 1177 5246 etium
1200 5191 1393 5246 exhonorem
1416 5183 1646 5259 uniuscujusque
1667 5179 1791 5242 solitarii

435 5271 667 5340 nundinum

1508 5375 1548 5431 tt
1563 5369 1584 5410 θ
