4459 6275
752 781 836 838 Liber
855 781 1004 839 Secundus.
1041 783 1084 838 Do
1103 782 1225 852 Sphaera
1243 787 1271 839 et
1288 782 1398 839 circulis
1415 782 1483 852 ejus.
1557 794 1563 800 ·
1728 752 1791 850 'db

436 958 655 1035 aequatorem?
683 958 718 1019 la
749 960 965 1020 semicirculum
993 970 1022 1020 st
1044 961 1130 1036 signa
1152 961 1392 1036 septentrionalia
1413 978 1480 1035 sex,
1512 976 1588 1037 quaa
1617 962 1656 1021 ab
1678 968 1810 1038 aequa·'

435 1055 496 1106 tore
521 1045 671 1106 declinant
693 1055 723 1108 et
744 1046 917 1107 attolluntur
939 1050 968 1105 in
985 1049 1224 1124 septentrionem,
1248 1057 1280 1106 ut
1296 1049 1390 1121 Arics,
1414 1047 1539 1122 Taurus,
1562 1047 1689 1124 Gemini,
1713 1051 1792 1110 Cau·

439 1150 493 1207 cer,
520 1133 594 1208 Leo,
618 1133 720 1210 Virgo,
745 1137 825 1193 etin
848 1134 1051 1201 meridionalia
1074 1135 1206 1209 totidem,
1229 1153 1305 1212 quaa
1320 1137 1358 1196 ab
1381 1144 1542 1213 aequatore
1566 1135 1705 1214 depressa
1726 1147 1794 1197 sunt

436 1224 462 1279 ia
485 1219 650 1293 meridiem,
675 1228 707 1281 ut
722 1220 821 1294 Libra,
845 1221 992 1298 Scorpius,
1017 1222 1204 1298 Sagittarius,
1230 1221 1432 1299 Capricornus,
1457 1225 1615 1298 Aquarius,
1638 1223 1748 1284 Pisces.

522 1298 686 1384 ll’uruquid
711 1308 759 1366 bic
786 1309 923 1368 cauenda
953 1318 994 1368 est
1017 1311 1124 1386 aliqua
1146 1310 1331 1385 ambiguitas
1353 1314 1386 1369 ia
1408 1311 1529 1370 vocibus
1550 1318 1636 1388 sept,
1672 1312 1793 1373 uasta?

436 1393 572 1455 Omnino.
617 1395 694 1455 Nam
716 1397 805 1455 etiam
828 1395 963 1471 ecliptica
986 1405 1077 1456 totam
1108 1398 1263 1473 sphaeram
1294 1400 1324 1455 iu
1348 1397 1406 1456 duo
1438 1397 1543 1456 dividit
1566 1399 1791 1477 hemisphaeria,

436 1483 554 1541 boreale
578 1491 607 1542 et
630 1483 768 1554 australe,
792 1499 852 1559 quo
876 1491 963 1559 pacto
985 1487 1064 1561 prior
1086 1485 1287 1544 semicirculus
1310 1488 1487 1560 aequatoris,
1513 1502 1587 1544 unus
1611 1489 1741 1563 tropicus
1764 1494 1793 1547 at

437 1587 509 1634 unua
532 1567 645 1646 polaris
668 1569 813 1646 polusque
837 1570 972 1630 dicuutur
996 1570 1144 1645 boreales,
1168 1571 1364 1647 aquilonares,
1388 1574 1502 1646 arctici,
1525 1574 1656 1649 reliquus
1679 1591 1793 1650 aequa·

437 1661 507 1716 toris
530 1657 733 1717 semicirculus
756 1664 810 1718 etc.
835 1659 980 1718 australis.
1027 1659 1132 1734 ltaque
1155 1676 1214 1718 una
1236 1668 1266 1718 et
1287 1657 1390 1719 eadam
1415 1659 1514 1731 stella,
1538 1659 1576 1719 ad
1600 1665 1715 1736 signum
1737 1661 1795 1720 ali·

436 1744 514 1820 quod
537 1747 696 1822 pertinens,
719 1754 855 1820 respectu
877 1748 1047 1821 aequatoris
1070 1746 1175 1806 dicitur
1190 1746 1325 1820 borealis,
1350 1755 1484 1822 respectu
1506 1746 1659 1824 eclipticas
1675 1756 1792 1810 austra·

435 1830 478 1906 lia,
503 1839 534 1892 et
557 1832 700 1905 vicissim,
723 1834 748 1890 si
772 1835 831 1891 sita
852 1833 939 1893 luerit
962 1836 1036 1892 inter
1059 1833 1225 1909 eclipticam
1247 1842 1277 1893 et
1299 1842 1498 1909 aequatorem.
1800 1902 1802 1906 ,

522 1921 551 1977 2.
583 1916 644 1978 Dic
665 1918 884 1979 distinctionem
906 1924 1065 1995 εἰρηονυηι
1086 1939 1143 1995 per
1164 1922 1304 1980 colurum
1325 1922 1529 1983 solstitiorum.
1576 1920 1635 1981 Sex
1658 1921 1793 1982 dicuutur

436 2005 626 2067 ascendentia
655 2013 685 2065 et
712 2023 812 2066 eorum
841 2007 1041 2067 semicirculus
1069 2008 1244 2082 ascendens,
1274 2011 1304 2066 in
1335 2010 1442 2085 quibus
1464 2009 1517 2069 Sol
1545 2016 1574 2069 st
1596 2007 1733 2086 planetas
1757 2028 1793 2071 ex

436 2099 535 2152 austro
560 2096 589 2151 iu
613 2094 840 2169 septentrionem
864 2112 966 2154 versus
996 2095 1093 2154 zenitlr
1116 2103 1234 2155 nostrae
1257 2113 1348 2156 sonae
1374 2096 1550 2170 ascendunt,
1583 2107 1614 2156 ut
1638 2096 1795 2173 Capricor-

435 2198 496 2253 nus,
527 2179 687 2256 Aquarius,
710 2180 826 2254 Pisces,
851 2182 943 2255 Aries,
968 2181 1099 2255 Taurus,
1131 2181 1263 2257 Gemini;
1296 2182 1408 2258 reliqua
1430 2201 1481 2244 sex
1505 2201 1557 2245 seu
1582 2200 1682 2244 sorum
1705 2186 1795 2243 serni·

437 2266 562 2327 circulus
586 2269 738 2328 contrariis
762 2287 797 2327 ex
817 2273 913 2329 causis
936 2269 1071 2329 dicuntur
1088 2270 1303 2344 descendentia,
1328 2270 1450 2346 Cancer,
1475 2273 1543 2345 Leo,
1568 2272 1674 2348 Virgo,
1697 2271 1795 2346 Libra,

435 2354 584 2435 Scorpius,
606 2355 792 2432 Sagittarius.

517 2445 547 2503 3.
581 2441 738 2520 Quomodo
761 2444 960 2518 disiiapuiiur
975 2445 1111 2520 ecliptica
1134 2461 1203 2503 carm
1225 2447 1319 2521 signis
1339 2462 1394 2521 per
1416 2452 1580 2520 utrumque
1602 2447 1743 2506 colurum
1766 2455 1794 2506 et

434 2539 549 2608 puncta
571 2530 769 2589 cardinalia?
814 2529 847 2588 ln
871 2537 997 2605 quatuor
1019 2530 1214 2606 quadrantes,
1245 2538 1439 2607 congruentes
1461 2538 1586 2608 quatuor
1609 2536 1678 2593 anni
1700 2529 1795 2612 parti·

436 2620 499 2695 bus,
523 2636 544 2677 a
570 2618 679 2693 quibus
703 2617 936 2678 denominantur.

519 2703 664 2764 Vernalis
693 2712 774 2763 tunt:
806 2705 905 2778 Aries,
935 2705 1068 2779 Taurus,
1099 2704 1233 2779 Gemini,
1264 2708 1292 2762 in
1317 2706 1424 2781 quibus
1446 2704 1499 2765 Sol
1522 2706 1560 2766 ab
1584 2714 1743 2783 aequatore
1767 2709 1796 2766 iu

437 2793 554 2853 boream
578 2790 741 2868 ascendens
769 2809 821 2852 ver
842 2795 1010 2866 constituit,
1042 2801 1145 2869 estque
1168 2795 1279 2869 primus
1302 2792 1473 2870 quadrans.
1505 2792 1644 2854 Aestiva:
1675 2793 1795 2869 Cancer,

438 2879 508 2955 Leo,
533 2871 643 2956 Virgo,
678 2881 708 2937 in
731 2879 838 2955 quibus
860 2877 912 2939 Sol
935 2898 954 2939 a
977 2881 1192 2939 boreaversus
1225 2887 1414 2957 aequatorem
1443 2878 1623 2941 descendens
1654 2889 1796 2942 aestatem
1894 2906 1900 2917 ’

439 2966 541 3041 elficit3
565 2966 712 3026 secundus
735 2966 914 3043 quadrans·
939 2967 1145 3027 Autumnalia:
1169 2967 1268 3042 Libra,
1291 2967 1444 3044 Scorpius,
1468 2967 1654 3044 Sagittarius,
1677 2971 1706 3027 in
1730 2972 1798 3047 qui·

438 3055 489 3115 bus
512 3052 568 3115 Sol
590 3055 629 3114 ab
653 3064 812 3130 aequatore
835 3056 865 3112 in
889 3064 1020 3115 austrum
1053 3055 1235 3116 descendens
1264 3063 1436 3115 autumnum
1459 3055 1592 3129 conficit,
1621 3057 1671 3132 qui
1695 3058 1796 3117 tertius

438 3141 672 3219 quadransest.
716 3141 881 3204 Hicmalia:
916 3143 1124 3220 Capricornus,
1159 3144 1324 3219 Aquarius,
1355 3143 1470 3218 Pisces,
1495 3145 1524 3202 iu
1551 3146 1658 3220 quibus
1681 3144 1734 3204 Sol
1756 3147 1794 3206 ab

438 3239 533 3290 austro
558 3247 661 3290 sersus
683 3239 872 3308 aequatorem
893 3230 1008 3291 rediens
1031 3231 1156 3292 hismarn
1176 3233 1320 3292 emetitur.
1350 3230 1407 3290 Hic
1432 3239 1553 3309 quartus
1578 3240 1624 3291 cst
1638 3232 1796 3308 quadrans.

519 3322 550 3377 4.
583 3317 671 3394 Quas
693 3325 735 3377 eat
756 3326 870 3394 quarta
893 3317 1002 3377 diuiaio
1024 3327 1052 3376 ct
1074 3322 1142 3394 quia
1164 3321 1228 3392 ejas
1250 3317 1346 3377 mars?
1373 3318 1457 3379 Haec
1480 3320 1576 3395 magis
1599 3327 1643 3379 ast
1666 3319 1797 3381 astrolo-

436 3407 507 3481 gica.
554 3404 751 3465 Numerantur
774 3407 850 3464 enim
874 3406 902 3462 in
931 3404 1054 3466 zodiaco
1078 3414 1136 3466 trcs
1160 3403 1356 3482 quadranguli
1388 3413 1417 3467 ct
1447 3409 1475 3463 in
1509 3406 1642 3482 quolibet
1671 3413 1798 3483 quatuor

437 3495 518 3570 rigna
546 3509 600 3568 per
627 3493 780 3553 zodiacum
813 3497 842 3550 iu
870 3494 964 3552 forma
992 3495 1174 3571 tetragonica
1205 3493 1364 3571 disposita,
1399 3493 1481 3554 unde
1503 3509 1610 3554 noman
1634 3502 1679 3554 est
1701 3494 1797 3556 classi.

437 3578 533 3640 Serrit
556 3586 654 3641 umen
677 3579 957 3657 comprehendendis
980 3581 1109 3640 motibus
1135 3580 1213 3641 Solis
1237 3589 1266 3640 et
1288 3580 1401 3654 Lunae,
1426 3588 1459 3640 ut
1482 3583 1620 3656 remmus,
1644 3589 1799 3659 utrumque
1872 3643 1876 3650 ,

437 3665 579 3728 luminare
602 3676 681 3743 tuuc,
705 3685 772 3727 cum
796 3668 880 3728 Luna
902 3675 947 3728 cst
970 3667 1069 3741 bifida,
1093 3670 1124 3726 in
1148 3668 1281 3743 ejusdem
1305 3668 1499 3747 quadranguli
1523 3671 1615 3745 signis
1639 3687 1713 3730 essa.

440 3832 442 3836 Ι
520 3754 638 3818 Primus
668 3754 890 3832 quadrangulus
920 3762 966 3815 est
993 3757 1144 3831 signorum
1171 3755 1378 3831 cardinalium,
1409 3775 1427 3816 a
1459 3759 1575 3833 punctis
1599 3756 1799 3819 cardinalibus

436 3843 637 3920 inceptorum:
668 3844 767 3916 Aries,
802 3843 925 3916 Cancer,
955 3842 1060 3917 Libra,
1092 3843 1295 3919 Capricornus.
1341 3841 1425 3903 Haec
1454 3847 1539 3921 signa
1562 3846 1651 3904 etiam
1674 3844 1799 3904 mobilis

436 3928 572 3990 dicuntur
593 3930 632 3989 ab
658 3929 831 4005 astrologis,
866 3930 946 4006 quod
968 3930 1038 3990 Sola
1068 3932 1096 3988 in
1126 3933 1161 3988 iis
1190 3937 1326 3990 versante
1356 3933 1580 4008 tempestatibus
1612 3934 1701 3991 variis
1726 3949 1800 3991 aurs

434 4015 489 4077 lere
512 4015 664 4076 mutabilis
680 4034 745 4078 essa
761 4016 903 4077 credatur.
949 4016 1102 4078 Secundus
1118 4027 1163 4077 est
1185 4016 1350 4078 mediorum
1367 4019 1442 4079 inter
1465 4017 1626 4079 cardinalia
1649 4026 1679 4078 st
1701 4019 1798 4079 bicor·

435 4121 545 4180 porea:
568 4103 693 4179 Taurus,
718 4104 790 4177 Lco,
813 4104 961 4181 Scorpius,
987 4105 1144 4181 Aquarius.
1190 4106 1266 4168 Fixa
1287 4105 1441 4182 appellant
1457 4106 1609 4182 astrologi,
1634 4105 1713 4181 quod
1730 4105 1800 4165 Sols

436 4192 526 4250 iniis
551 4200 687 4252 versante
711 4200 900 4268 tempestates
923 4196 1137 4253 constantiores
1161 4193 1364 4270 utplurimum
1388 4192 1570 4256 censeantur.
1617 4192 1732 4253 Tertius
1755 4201 1800 4254 ast
1841 4245 1843 4250 .

438 4279 692 4357 bicorporeorum:
726 4287 759 4339 ut
783 4280 908 4354 Gemini,
933 4280 1034 4356 Virgo,
1060 4280 1247 4358 Sagittarius,
1271 4280 1383 4341 Pisces.
1428 4282 1494 4343 Hoc
1519 4298 1673 4342 commune
1694 4298 1800 4340 nomen

436 4375 468 4426 ct
490 4374 520 4428 et
543 4384 628 4426 suurn
654 4367 807 4444 quodlibet
829 4371 932 4428 sortita
947 4376 1017 4427 suut
1038 4386 1057 4427 a
1080 4368 1364 4443 constellationibus,
1389 4386 1464 4445 quaa
1479 4370 1509 4426 in
1531 4369 1577 4429 his
1592 4367 1802 4430 dodecatemo·
1851 4365 1854 4376 '

436 4455 484 4513 riis
508 4453 581 4513 olim
603 4454 731 4529 luerunt,
753 4472 827 4530 quas
850 4455 983 4515 hominos
1006 4457 1120 4532 antiqui
1144 4464 1212 4535 sunt
1236 4459 1387 4533 imaginati
1407 4457 1584 4533 bicorpores,
1607 4454 1799 4534 Sagittarium

439 4560 473 4601 ex
498 4542 640 4601 semiviro
664 4549 693 4601 ct
716 4544 868 4618 semisque
892 4546 1094 4620 compositum,
1119 4543 1220 4604 Pisces
1236 4551 1265 4604 ct
1281 4543 1432 4605 Genrellos
1451 4545 1626 4620 geminatos,
1649 4543 1802 4623 Virginem

437 4646 515 4704 vero,
540 4627 606 4688 loco
629 4627 751 4689 alterius
775 4633 913 4707 corporis,
938 4648 1003 4689 oum
1026 4630 1177 4706 manipulo
1194 4634 1304 4708 spicea.
1351 4631 1500 4709 Astrologi
1519 4633 1738 4709 comparatione
1761 4631 1799 4693 ad

436 4714 494 4777 fixa
519 4722 550 4775 et
572 4715 696 4775 mobilia
718 4718 870 4793 appellant
893 4719 950 4776 ista
973 4720 1149 4778 communia.

520 4805 549 4863 5.
575 4802 636 4862 Dic
649 4806 792 4878 quintam
808 4805 1037 4865 distinctionem.
1073 4805 1158 4867 Haec
1174 4823 1288 4866 rursum
1304 4813 1348 4866 est
1364 4809 1459 4882 magis
1474 4806 1663 4882 astrologica,
1687 4808 1796 4885 quippe

436 4891 464 4949 in
494 4908 555 4967 qua
587 4889 744 4967 disciplina
773 4900 962 4952 numerantur
991 4899 1117 4969 quatuor
1147 4895 1261 4970 trigoni·
1287 4901 1316 4953 at
1347 4896 1376 4952 iu
1412 4894 1545 4969 quolibet
1574 4896 1630 4954 tria
1661 4896 1747 4971 signa
1770 4897 1800 4952 in

441 4978 535 5039 forma
557 4979 698 5055 trianguli
721 4997 773 5058 per
795 4980 950 5041 zodiacum
974 4981 1131 5058 disposita,
1162 4981 1239 5041 unda
1262 4997 1368 5041 nomeu
1392 4981 1483 5042 habet
1505 4982 1623 5056 classis,
1647 4980 1802 5058 triplicitas

439 5083 490 5127 reu
513 5066 690 5144 triangulus.
1685 5108 1690 5116 -

523 5154 707 5217 Monstratur
736 5162 835 5216 tamen
865 5154 941 5215 haec
971 5153 1079 5213 divisio
1109 5156 1280 5216 amotibus
1303 5154 1423 5216 Saturni
1452 5164 1482 5217 et
1503 5154 1607 5229 Jovis,
1641 5172 1802 5233 eorumque

439 5243 645 5322 congressibus
670 5247 810 5304 vicesimo
834 5259 953 5319 quoque
977 5259 1074 5317 anno,
1097 5244 1149 5319 qui
1171 5243 1246 5304 liunt
1269 5246 1298 5303 in
1320 5245 1408 5302 unius
1432 5243 1535 5304 classis
1558 5246 1650 5320 signis
1673 5260 1725 5322 per
1747 5262 1802 5304 au-

440 5347 492 5392 nos
514 5333 576 5393 iere
600 5330 752 5393 ducentos.
784 5334 870 5391 Auno
894 5333 972 5392 euim
999 5331 1081 5394 1603
1105 5331 1260 5394 coiverunt
1283 5333 1312 5391 in
1328 5330 1499 5409 Sagittario,
1522 5347 1600 5392 anno
1623 5332 1706 5393 toas
1729 5346 1803 5395 cou-
