4459 6275
508 792 571 853 tte
797 774 806 798 ‘
1015 756 1367 858 spinne'toronomne

507 980 601 1031 torem
624 964 769 1040 incidant,
800 968 830 1024 in
852 966 1026 1026 rectitudine
1047 966 1101 1027 ilia
1122 973 1268 1044 perstant,
1295 965 1448 1028 tendentes
1470 981 1564 1043 usqae
1586 966 1616 1024 iu
1639 967 1800 1042 euticem,
1829 974 1864 1027 ut

507 1059 557 1136 qui
582 1059 611 1114 in
633 1056 770 1117 hocsitu
792 1053 935 1130 sphaeras
957 1057 988 1112 in
1010 1063 1200 1130 aequaiorem
1222 1054 1341 1129 incidit,
1372 1054 1486 1131 reliqua
1508 1052 1657 1116 destinant
1679 1054 1719 1115 ad
1744 1054 1799 1116 illa
1819 1054 1864 1115 la·

507 1157 579 1218 tera,
603 1140 681 1202 unde
704 1148 792 1213 stant
814 1143 920 1217 partim
942 1140 980 1200 ad
1004 1140 1145 1217 dextram,
1167 1145 1274 1219 partim
1295 1141 1334 1202 ad
1355 1142 1512 1201 sinistram.

585 1231 623 1289 -3,
650 1229 736 1306 Quas
758 1231 892 1287 venetos
913 1236 955 1286 ost
967 1229 1102 1288 cidnum
1123 1248 1179 1305 per
1199 1230 1344 1305 sphaeras
1366 1231 1530 1290 orientium
1552 1236 1581 1286 st
1600 1245 1667 1289 noa
1687 1231 1865 1304 orimiitsrt,

508 1328 538 1379 ei
559 1316 709 1397 quomodo
731 1315 787 1373 illo
810 1333 847 1374 ce
869 1317 1080 1376 convolutione
1106 1317 1234 1376 Telluris
1256 1320 1338 1376 circo
1359 1315 1471 1376 worn?
1505 1315 1540 1373 ln
1562 1315 1711 1390 parallelis
1733 1315 1867 1394 sphser‘u

508 1402 582 1467 nihil
605 1402 721 1476 occidit,
744 1401 796 1461 sed
819 1419 894 1461 unns
917 1406 1047 1462 semissis
1071 1407 1215 1463 exercitus
1238 1403 1373 1465 eoelestis
1396 1421 1433 1463 ex
1454 1402 1675 1479 septentrionali
1696 1402 1771 1481 polo
1792 1402 1867 1464 Ται-

508 1512 560 1554 rae
587 1498 729 1571 perpetuo
758 1491 898 1563 cernitur,
933 1491 962 1546 in
996 1490 1119 1550 australi
1141 1491 1210 1568 polo
1240 1491 1327 1563 latet,
1361 1490 1491 1567 reliquus
1519 1492 1649 1549 semissis
1676 1492 1807 1551 cernitur
1831 1506 1868 1551 ox

509 1579 631 1641 australi
654 1579 761 1638 Terrae
783 1577 867 1653 polo,
898 1575 970 1636 latei
992 1579 1022 1636 in
1045 1578 1284 1656 septentrionali;
1316 1594 1391 1654 qnae
1421 1593 1492 1637 varo
1521 1576 1626 1637 stellae
1646 1579 1724 1639 sitae
1745 1584 1818 1639 aaut
1837 1580 1867 1637 in

509 1676 683 1745 aequators,
712 1671 854 1741 perpetuo
882 1663 1005 1723 haerent
1033 1674 1062 1725 et
1095 1664 1254 1725 volvuntur
1276 1667 1306 1723 in
1336 1666 1487 1724 horizonte
1515 1662 1668 1738 rationali,
1697 1666 1758 1725 nisi
1787 1664 1867 1743 qnod

509 1757 642 1816 retractio
669 1751 736 1810 illas
759 1750 891 1811 nonnihil
914 1751 1032 1810 attollit.
1078 1752 1210 1812 Horizon
1241 1754 1318 1812 enim
1339 1768 1393 1813 scu
1416 1752 1514 1811 tiniior
1534 1754 1617 1811 visus
1639 1752 1781 1813 coincidit

510 1849 678 1919 aequatoro,
702 1837 843 1897 mundum
867 1841 897 1896 in
920 1839 1138 1917 hemisphaeria
1161 1840 1231 1919 dno,
1254 1839 1480 1916 septentrionale
1503 1845 1534 1899 et
1554 1838 1692 1914 anstmlc,
1714 1848 1844 1901 semu.

594 1927 628 1987 In
663 1925 790 2003 sphaera
817 1935 897 1985 recta
927 1925 1025 1986 sidera
1054 1929 1152 1986 omnia
1180 1931 1311 1996 oriuntur¹
1339 1936 1369 1987 et
1399 1925 1536 1987 occidunt
1562 1928 1651 1985 nnius
1678 1925 1739 1987 dici
1759 1928 1866 2007 spatio.

508 2018 639 2077 Horizon
662 2016 741 2073 enim
762 2020 844 2073 secat
866 2012 1022 2089 sphaeram
1045 2023 1074 2073 et
1095 2017 1139 2075 sic
1161 2032 1262 2074 omncs
1284 2014 1441 2091 parallelos
1456 2030 1508 2091 per
1530 2030 1615 2073 axem
1638 2020 1670 2074 et
1690 2012 1795 2093 polosp
1817 2016 1866 2091 qrrl

509 2122 575 2166 cnm
597 2102 768 2164 resolvatur
800 2117 865 2158 curn
888 2098 978 2176 globo
1001 2101 1127 2161 Telluris
1150 2104 1226 2162 intra
1250 2104 1292 2160 at
1314 2102 1418 2175 horas,
1452 2118 1554 2160 omnes
1582 2102 1672 2177 igitar
1693 2102 1866 2162 circulorum

507 2198 608 2270 partes
632 2192 708 2248 inira
730 2204 818 2246 nnam
840 2187 917 2245 diem
946 2188 1038 2248 altero
1060 2192 1106 2248 sui
1129 2187 1312 2250 semicirculo
1336 2191 1408 2265 tegit
1430 2190 1617 2263 vicissimque
1645 2191 1755 2266 retegit
1776 2190 1866 2250 seml-

510 2278 620 2341 circnlo
644 2275 773 2350 reliquo:
797 2272 903 2351 quodsi
925 2275 1043 2351 quando
1065 2276 1152 2336 stella
1175 2280 1203 2336 in
1227 2279 1321 2353 ipsrrrn
1343 2275 1444 2353 polum
1467 2275 1582 2348 incidet,
1606 2274 1657 2336 illa
1671 2278 1867 2354 conspicietur

511 2375 574 2426 toto
596 2382 672 2424 anno
697 2372 726 2421 ct
750 2363 884 2421 omuibus
906 2365 1000 2423 noctis
1021 2363 1100 2423 horis
1124 2366 1153 2421 in
1177 2364 1280 2425 eodem
1303 2363 1462 2423 horizontis
1483 2363 1558 2423 ioco.

505 2470 509 2479 ·
597 2452 631 2510 In
654 2449 786 2528 sphaeris
809 2449 946 2525 obliquis,
970 2468 1035 2510 curn
1058 2459 1200 2528 quantum
1223 2459 1324 2511 vertex
1346 2468 1399 2511 sen
1421 2449 1519 2510 zenith
1542 2448 1671 2510 declinat
1689 2450 1730 2511 ab
1754 2468 1864 2529 eoqua-

511 2551 584 2614 iore,
608 2546 720 2598 tantum
744 2539 832 2596 etianr
855 2534 973 2596 horizon
986 2540 1121 2599 subsidat
1144 2540 1218 2599 inira
1238 2538 1338 2615 polnnr
1360 2556 1450 2597 nnurn
1473 2555 1508 2597 ex
1524 2554 1583 2597 una
1603 2537 1697 2614 plaga
1711 2538 1869 2601 “cendat-

513 2644 571 2705 que
599 2642 688 2702 supra
717 2623 861 2702 reliquum
891 2644 926 2684 ex
958 2625 1066 2701 altera,
1097 2643 1197 2686 ornnes
1227 2628 1315 2702 igitur
1336 2625 1453 2699 stellae,
1483 2624 1766 2701 comprehensoria
1789 2644 1868 2689 eom·

511 2716 599 2793 plexu
624 2712 741 2786 circelli,
766 2728 852 2789 quem
876 2712 1014 2772 describit
1036 2713 1157 2774 horizon
1179 2715 1257 2773 circa
1278 2713 1378 2790 polum
1401 2714 1580 2790 superiorem
1599 2720 1709 2789 puncto
1733 2716 1783 2774 oui
1806 2730 1868 2774 am·

513 2805 591 2862 bitus
614 2803 758 2878 prorinro,
781 2808 924 2877 apparent
945 2808 1086 2878 perpetuo
1099 2809 1130 2859 nt
1152 2804 1182 2859 in
1198 2801 1341 2879 parallelo
1354 2800 1489 2878 sphaera,
1514 2816 1614 2859 omnes
1636 2801 1715 2860 inira
1729 2802 1868 2862 clrorrlnm

513 2893 690 2967 oppositum,
714 2903 802 2963 quern
825 2887 953 2948 delineat
974 2887 1095 2947 horizon
1107 2891 1184 2949 circa
1206 2888 1306 2966 poium
1329 2889 1502 2960 interiorem,
1525 2887 1619 2947 latent
1639 2904 1707 2947 cunr
1730 2891 1799 2967 ipso
1820 2888 1869 2951 illo

512 2977 592 3056 polo,
616 2985 646 3036 et
668 2975 781 3049 stellae,
805 2993 857 3052 per
880 2993 954 3051 quas
977 2976 1169 3035 traducuntur
1190 2975 1221 3034 hi
1244 2975 1357 3050 circuli,
1382 2973 1472 3035 semel
1495 2975 1524 3032 in
1548 2974 1595 3036 dle
1617 2973 1802 3038 horizontem
1823 2985 1868 3037 rt·

512 3067 630 3143 tingunt
656 3065 814 3140 statimqne
844 3080 876 3122 sc
905 3061 953 3122 vcl
976 3063 1104 3123 condunt
1133 3065 1235 3123 iterum
1258 3062 1306 3123 vel
1330 3065 1358 3120 in
1382 3060 1473 3122 altum
1496 3063 1650 3141 recipiunt.
1695 3061 1738 3122 Hi
1761 3063 1869 3138 eremit,

514 3162 547 3212 ni
578 3152 653 3211 libro
681 3150 810 3210 seeundo
840 3150 963 3225 dictum,
991 3155 1020 3210 in
1049 3151 1224 3228 quibusdam
1252 3151 1385 3228 sphaeris
1413 3153 1610 3228 exprimuntur
1632 3158 1662 3211 ei
1684 3151 1870 3230 appellantur

513 3242 630 3299 nominc
654 3240 753 3298 arctici
777 3244 806 3298 et
828 3240 988 3298 antarctici.
1033 3238 1144 3300 Stellae
1167 3255 1237 3299 vcro
1261 3242 1334 3299 inter
1356 3238 1411 3298 hos
1433 3236 1508 3297 dnos
1531 3238 1655 3298 circulos
1677 3240 1869 3302 intorrnedire

514 3345 615 3388 ornnes
648 3328 779 3385 oriuntur
810 3334 839 3385 et
861 3326 1011 3400 occidunt,
1043 3333 1076 3385 ut
1098 3329 1127 3383 in
1150 3326 1274 3404 sphaera
1296 3333 1390 3399 recia,
1421 3327 1570 3402 proximae
1600 3324 1719 3402 quidem
1742 3326 1790 3386 his
1812 3329 1869 3388 clr-

514 3414 587 3476 culis
611 3422 640 3473 ei
663 3413 732 3491 polo
748 3415 907 3491 conspicuo
928 3421 1038 3490 puncta
1059 3414 1216 3473 horizontis
1241 3417 1314 3475 inter
1333 3431 1365 3474 se
1387 3413 1475 3473 valdo
1493 3413 1589 3473 vicina
1610 3415 1727 3488 signant
1749 3414 1869 3475 oriendo

512 3509 548 3561 et*
566 3500 740 3561 occidendo:
765 3504 813 3559 vix
837 3503 913 3560 enirn
931 3502 979 3559 nbi
995 3518 1059 3561 sese
1082 3501 1282 3574 condiderunt,
1306 3518 1418 3561 rursum
1442 3501 1581 3573 oriuntur,
1605 3503 1690 3576 qnasi
1713 3500 1820 3562 eodem
1842 3505 1869 3562 in

512 3590 579 3649 loeo
613 3589 668 3646 sub
695 3588 778 3663 p0103
811 3590 980 3648 remotiores
1008 3592 1126 3665 signant
1153 3590 1220 3648 loca
1249 3589 1436 3662 distantiora,
1466 3605 1502 3648 ex
1532 3586 1635 3648 eadem
1657 3596 1758 3649 tamen
1781 3584 1871 3668 plaga

514 3678 689 3753 eorrspicua,
723 3675 875 3751 usquead
902 3676 982 3749 ilias,
1014 3692 1090 3751 quae
1112 3678 1142 3733 in
1166 3684 1354 3751 aequationem
1377 3675 1525 3748 incidunt,
1555 3693 1654 3735 earnm
1686 3677 1767 3736 enim
1791 3685 1870 3738 orius

513 3766 551 3822 ab
576 3779 681 3822 occasu
706 3762 794 3821 distat
810 3765 922 3838 integro
945 3762 1126 3822 semicirculo
1142 3764 1311 3823 horizontis.
1356 3764 1475 3823 Directa
1497 3764 1572 3822 enirn
1589 3762 1704 3840 dioptra
1727 3765 1757 3822 in
1774 3767 1870 3825 orien-

513 3843 571 3911 teur
601 3859 631 3909 et
658 3850 717 3908 fixa
744 3852 773 3906 in
797 3868 832 3908 eo
855 3853 926 3921 sitn,
960 3850 1093 3910 occidens
1117 3869 1169 3927 per
1191 3850 1313 3910 eundem
1337 3869 1372 3910 ex
1395 3853 1540 3911 contrario
1560 3858 1710 3924 cernetur,
1744 3868 1813 3912 curn
1833 3854 1870 3912 rii

513 3938 618 3998 oculus
641 3944 770 3996 centrum
793 3938 960 3996 horizontis.
1007 3938 1119 3997 Harum
1143 3940 1231 4015 igitur
1247 3946 1326 3997 ortus
1350 3947 1379 3997 ct
1395 3943 1517 3998 occasus
1540 3936 1607 3998 loca
1628 3938 1716 3997 simul
1740 3954 1802 3999 true
1824 3942 1870 3999 ln·

513 4030 589 4085 irritu
614 4025 744 4101 conspici
768 4041 824 4082 non
847 4034 979 4101 possunt.
1356 4035 1361 4050 “

601 4112 711 4171 Stellae
736 4111 811 4169 alirn
834 4119 1021 4185 aequatorem
1045 4113 1128 4184 sitae,
1152 4113 1247 4171 minus
1273 4122 1378 4187 tamen,
1406 4129 1494 4188 quarn
1518 4109 1608 4171 distat
1631 4119 1731 4172 vertex
1755 4114 1796 4173 ab
1811 4113 1871 4189 itio,

510 4202 572 4275 jam
596 4199 706 4257 habent
727 4199 793 4257 loca
816 4206 896 4257 ortus
912 4216 1091 4273 occasusque
1116 4202 1161 4257 sni
1178 4202 1206 4257 in
1229 4200 1317 4277 plaga
1340 4199 1469 4260 rneridiei
1493 4206 1625 4276 utraque,
1648 4201 1869 4275 nonobstante,

515 4285 593 4361 quod
618 4288 698 4360 ipsae
723 4285 884 4344 altissimae
900 4288 1117 4364 conspiciuntur
1140 4288 1168 4343 in
1186 4290 1391 4364 septentrionis
1414 4285 1511 4364 plaga.
1557 4286 1665 4346 Circuii
1688 4304 1717 4346 n.
1742 4291 1871 4365 ipsarum

516 4375 567 4430 toti
599 4372 673 4431 nitra
701 4381 887 4448 aequatorem
910 4381 994 4448 sunt,
1026 4391 1114 4449 quare
1144 4382 1173 4433 et
1195 4376 1339 4435 scetioncs
1363 4391 1462 4435 eornrn
1486 4374 1562 4432 ultra
1584 4376 1730 4452 sectiones
1757 4393 1871 4454 aequa·

515 4461 586 4518 toris
617 4477 681 4517 enm
713 4455 871 4519 horizonte.
918 4460 989 4520 lndc
1021 4478 1079 4537 quo
1107 4463 1200 4538 tnagis
1229 4462 1333 4522 stellae
1363 4463 1401 4522 ab
1431 4469 1589 4538 acquaiore
1613 4462 1786 4542 distiterini,
1817 4465 1872 4525 boc

514 4541 633 4623 propina
658 4549 685 4603 in
709 4548 797 4624 pingo
821 4547 949 4608 meridiei
973 4555 1079 4609 coenat
1106 4559 1214 4627 puncta
1245 4557 1324 4608 ortus
1355 4557 1384 4609 et
1407 4565 1529 4609 occasus
1553 4548 1729 4625 tandemque
1755 4551 1870 4613 videbis

515 4633 616 4692 stellas
637 4633 762 4710 aliquae,
787 4637 836 4694 ubi
860 4637 909 4694 vix
933 4639 1107 4711 onrerserint,
1132 4653 1244 4696 rursum
1267 4654 1332 4698 sese
1356 4636 1490 4709 condere,
1515 4637 1600 4711 <tunsi
1623 4635 1727 4696 eodem
1752 4641 1783 4697 iu
1804 4639 1869 4700 loco

514 4722 674 4780 horizontis
698 4739 799 4781 versus
823 4723 940 4800 plagam
963 4723 1040 4784 Solis
1065 4723 1227 4784 meridiani.

604 4807 687 4866 n'mn
717 4812 774 4866 irio
803 4812 930 4886 sinpnlis
957 4812 1091 4871 noctibas
1118 4814 1223 4872 omnio
1252 4811 1344 4869 amul
1374 4817 1541 4885 opponent,
1577 4813 1610 4868 in
1641 4827 1700 4870 ruo
1730 4812 1870 4890 quodque

514 4896 620 4955 stello?
651 4894 787 4970 Minimc3
819 4900 888 4973 quin
912 4898 1009 4976 potius
1032 4898 1133 4957 lrarurn
1157 4917 1251 4958 rerunr
1275 4898 1442 4957 observatio
1466 4906 1580 4974 ternpus
1603 4899 1724 4974 requirit
1747 4907 1778 4961 et
1801 4899 1870 4960 dili·

515 4985 644 5056 pontiam
675 4990 703 5041 et
731 4999 840 5042 moram
871 4986 900 5041 in
931 5003 988 5044 uno
1012 4986 1086 5045 loeo.
1133 4986 1209 5046 liare
1233 4987 1308 5045 eninr
1331 4984 1417 5044 stella
1440 5003 1499 5044 rrrrn
1521 4993 1550 5043 et
1572 4984 1676 5045 eadem
1700 4987 1778 5048 intra
1800 5005 1870 5066 sps·

516 5072 588 5129 tinrn
612 5070 698 5128 nnius
721 5072 814 5129 noetis
837 5071 921 5130 sirnul
946 5083 974 5132 et
997 5074 1092 5130 oriens
1116 5076 1244 5149 conspici
1267 5080 1363 5151 potest
1387 5079 1415 5131 et
1439 5070 1587 5145 occidens,
1612 5082 1768 5150 propterca
1791 5075 1870 5152 qnod

517 5157 545 5214 in
569 5157 718 5234 plerisque
740 5156 833 5217 stellis
855 5159 1025 5219 alterutrum
1047 5160 1158 5234 horum,
1183 5161 1230 5220 vel
1254 5168 1347 5219 ortum
1371 5159 1418 5218 vel
1443 5176 1587 5234 nemum,
1611 5160 1661 5219 lux
1685 5160 1746 5223 dict
1769 5161 1869 5226 oecul-

517 5249 559 5302 tet
580 5259 675 5322 eoque
698 5244 895 5326 exspectanda
915 5250 954 5309 stt
976 5245 1039 5307 dies
1061 5245 1134 5321 siis,
1158 5262 1224 5308 cum
1246 5247 1276 5308 id
1299 5250 1328 5308 ln
1350 5252 1466 5309 noctem
1487 5250 1576 5310 etism
1599 5246 1712 5309 incidit.
