4459 6275
434 584 502 647 ΞΜ
934 579 1079 652 limana
1096 578 1290 638 temnamus

433 771 517 827 mear
543 755 1511 829 mammaemammetiuadcoevitnrioempotim,
1536 758 1795 831 mm)

310 826 317 840 '
435 839 484 899 Ita
505 836 613 900 Graeci
635 837 787 917 appellant
807 835 943 916 iasseiqs
963 855 1022 898 non
1045 834 1202 917 dmolqs,
1225 841 1295 899 item
1311 861 1410 918 qums,
1433 848 1464 900 et
1477 853 1583 918 sponse
1596 856 1651 901 seu
1670 837 1795 917 deens-

433 948 488 1001 pos
508 943 562 1003 pro
584 932 673 989 dnm.
716 924 803 985 Hanc
824 929 952 1002 speciem
974 932 1054 986 onus
1070 934 1098 986 st
1114 943 1236 987 occasus
1253 936 1326 1004 puto
1347 926 1471 1006 speciali
1485 929 1604 988 nomine
1623 926 1695 987 olim
1718 932 1794 1006 poi·

433 1017 521 1074 ticam
542 1010 713 1094 (ammissa)
742 1013 799 1073 dici
821 1010 955 1086 solitam,
988 1017 1073 1090 qnasi
1101 1014 1217 1089 fictam3
1248 1015 1387 1092 eoquod
1418 1031 1476 1073 non
1499 1032 1568 1077 vers
1591 1016 1725 1075 oriantur
1745 1014 1795 1076 val

434 1101 581 1175 occidant,
603 1100 655 1161 sed
678 1107 790 1159 tantum
813 1109 975 1179 appareant
996 1103 1064 1160 oriri
1088 1102 1135 1162 vel
1158 1101 1301 1163 occidere.

524 1187 607 1266 Quid
626 1207 699 1264 erqo
718 1188 769 1263 piet
790 1188 827 1246 de
847 1190 933 1264 culpi
955 1197 1027 1249 orta
1047 1192 1175 1249 coemico
1195 1197 1224 1247 et
1244 1207 1353 1249 occnan
1368 1189 1562 1266 ooeonycbu?
1583 1189 1699 1249 Censeo
1721 1207 1793 1268 spc-

434 1277 493 1337 cies
517 1275 598 1347 illas,
630 1284 664 1335 nt
685 1275 792 1351 vulgus
815 1274 881 1335 illas
904 1275 1018 1349 delinit,
1051 1277 1137 1336 aliter
1156 1275 1366 1354 appellandas,
1388 1279 1414 1335 si
1436 1277 1524 1337 modo
1547 1275 1631 1336 locus
1655 1279 1692 1335 iis
1713 1276 1793 1337 ullus

434 1366 463 1423 in
494 1362 550 1424 lrac
579 1369 661 1441 parte
689 1362 838 1423 doctrinae
866 1361 1050 1439 relinquitur.
1093 1362 1179 1424 Certe
1210 1366 1316 1440 po‘dtici
1347 1381 1406 1424 non
1434 1374 1517 1436 sunt,
1548 1366 1671 1424 notione
1702 1364 1793 1441 nnjm

434 1452 516 1511 vocis
539 1450 669 1527 vulgari;
692 1467 760 1510 nam
783 1453 832 1526 qni
855 1455 961 1526 po‘e'tae
984 1454 1019 1509 iis
1043 1457 1201 1523 uterentur,
1224 1468 1291 1511 cnm
1312 1468 1371 1511 non
1394 1451 1625 1527 conspicantur?
1649 1452 1796 1511 vitantur

433 1541 533 1616 potins
562 1540 749 1599 astronomici
781 1547 979 1615 vocanturque
1007 1545 1088 1598 ortus
1116 1548 1146 1598 et
1172 1556 1294 1599 occasus
1324 1556 1390 1599 curn
1412 1538 1498 1613 Sole3
1528 1538 1643 1597 Plinius
1670 1548 1792 1601 exortus

434 1628 593 1687 matutinos
616 1642 797 1700 occasusque
821 1627 1002 1701 vespertinos
1024 1624 1173 1704 appellare
1196 1624 1325 1698 videtur,
1348 1626 1417 1685 lieet
1439 1626 1544 1686 codem
1563 1626 1682 1686 nomine
1704 1628 1795 1687 etlanr

434 1714 539 1774 lreliaci
571 1714 701 1772 veniant.
747 1713 824 1788 Ergo
857 1730 909 1789 pro
937 1722 1018 1786 ortu,
1054 1730 1142 1789 quern
1174 1723 1281 1773 vocant
1304 1710 1479 1785 cosnricom,
1521 1721 1672 1790 exspectet
1704 1718 1796 1790 poeta

436 1809 531 1861 ortum
554 1800 701 1861 bellacum
723 1803 854 1878 proxime
878 1800 1106 1873 minurientem,
1136 1817 1189 1877 pro
1218 1817 1324 1860 occasu
1353 1800 1436 1877 vulgi
1459 1801 1641 1879 acronyclro,
1670 1800 1729 1861 boc
1750 1808 1795 1862 cst

435 1906 501 1949 cum
523 1886 674 1948 occidente
697 1886 775 1960 Sole,
800 1897 995 1965 praeoccupet
1016 1904 1153 1947 occasum
1174 1887 1319 1948 balianum
1343 1889 1516 1966 proximum.

521 1976 583 2035 Dic
604 1992 713 2034 canace
727 1993 784 2037 cur
805 1992 923 2035 meos
944 1993 995 2034 cos
1015 1980 1124 2050 species
1145 1974 1387 2052 capunqendua?
1414 1975 1512 2036 Primo
1535 1992 1587 2053 pro
1610 1991 1658 2034 me
1678 1974 1796 2035 faciunt

435 2065 573 2136 nomina,
602 2058 698 2122 noctis
728 2064 804 2123 enirn
834 2079 892 2121 non
922 2079 1012 2123 unum
1035 2071 1164 2137 tantum,
1195 2071 1228 2123 nt
1250 2063 1340 2140 vulgo
1364 2064 1413 2122 bic
1434 2071 1530 2137 tanet,
1555 2060 1608 2121 sed
1636 2060 1698 2122 duo
1725 2072 1794 2123 sunt

434 2149 521 2231 ιἀρα,
546 2145 719 2229 principium
742 2158 772 2210 et
794 2149 868 2222 linis,
891 2157 920 2209 et
941 2150 1130 2210 Ptolemaeus
1151 2150 1286 2227 planetas
1311 2160 1398 2210 vocat
1412 2149 1594 2228 aoronyelros
1617 2158 1681 2209 tota
1696 2158 1793 2223 nome,

435 2256 475 2299 sc
499 2248 560 2299 tam
582 2239 612 2297 in
633 2239 777 2315 principio
801 2238 936 2310 orientes,
959 2254 1047 2314 quam
1069 2240 1099 2296 in
1122 2239 1187 2314 ejus
1209 2238 1266 2298 tine
1290 2237 1468 2299 occldentes.
1513 2237 1697 2314 videturque
1719 2254 1794 2299 con-

435 2325 533 2386 silium
556 2325 630 2402 ejus,
654 2326 705 2401 qui
727 2324 784 2384 hoc
805 2341 912 2386 nornen
934 2326 1125 2401 excogitavit,
1147 2326 1203 2385 boc
1217 2326 1315 2397 luisse,
1339 2332 1371 2384 ot
1391 2325 1565 2398 ostenderet,
1589 2324 1708 2385 stellam
1724 2334 1795 2387 tunc

435 2416 499 2491 pati
520 2414 665 2474 contraria
685 2410 759 2485 Soli,
782 2413 850 2471 oriri
873 2429 913 2472 sc.
939 2414 968 2470 in
991 2414 1135 2491 principio
1157 2414 1270 2486 noctis,
1300 2430 1366 2472 cum
1388 2412 1441 2475 Sol
1464 2415 1573 2473 oriatur
1595 2414 1625 2471 in
1647 2414 1793 2490 principio

435 2499 510 2574 diei,
533 2517 625 2577 qnare
647 2506 678 2560 et
699 2499 844 2577 occidere,
867 2517 933 2561 cnm
955 2498 1007 2559 Sol
1031 2502 1130 2559 oritur.
1176 2500 1302 2560 Cosmici
1326 2518 1395 2561 vero
1418 2517 1477 2560 vox
1500 2498 1571 2576 qnid
1593 2497 1676 2559 alind
1696 2508 1793 2573 sonat,

436 2606 523 2665 qnam
548 2589 577 2647 id
594 2586 675 2664 quod
692 2586 756 2648 Soli
778 2589 945 2664 opponitur,
968 2604 1033 2647 cum
1049 2589 1209 2664 quaeritur,
1232 2588 1316 2664 cujus
1330 2596 1464 2666 respectu
1478 2586 1561 2647 sidus
1583 2587 1696 2648 oriatur
1712 2590 1794 2665 occi·

435 2677 554 2752 datque,
577 2674 655 2735 Solis
676 2693 714 2734 an
736 2675 847 2749 mundi,
870 2674 959 2735 idest
981 2673 1142 2734 horizontis
1156 2674 1317 2735 mundani?
1340 2675 1456 2735 Deinde
1478 2677 1508 2733 in
1523 2676 1691 2751 praecipuis
1713 2673 1794 2735 side-

435 2765 534 2833 ribus,
565 2780 641 2838 quae
663 2763 776 2823 scilicet
796 2764 825 2821 in
848 2762 1002 2823 zodiacum
1025 2762 1170 2829 incidunt,
1196 2763 1290 2838 iuncti
1313 2771 1383 2822 eunt
1404 2764 1518 2822 ratione
1548 2764 1689 2840 temporis
1712 2770 1794 2822 ortus

436 2853 619 2930 vespertinus
642 2856 671 2908 et
693 2867 816 2910 occasus
838 2851 1012 2922 matutinus,
1042 2866 1092 2908 cnr
1114 2867 1184 2925 ergo
1207 2849 1454 2925 distinguerentur
1476 2851 1535 2909 ista
1556 2850 1793 2925 cognominibus,

435 2946 468 2999 nt
490 2937 541 2999 illc
563 2937 757 3014 acronychns,
780 2935 828 2997 hic
850 2939 995 2998 cosmicus
1018 2935 1183 2997 diceretur?
1215 2936 1327 2999 Eadem
1349 2948 1394 2997 cst
1415 2939 1491 2997 ratio
1515 2954 1580 2995 curn
1604 2946 1670 2997 ortu
1692 2944 1794 2997 matu-

436 3030 499 3087 tino
521 3034 551 3086 et
573 3042 680 3085 occasu
703 3025 885 3103 vespertino:
916 3042 967 3085 cur
989 3022 1093 3085 eodem
1116 3024 1163 3084 dle
1186 3024 1319 3085 dictitare
1350 3034 1446 3085 ortum
1469 3027 1629 3084 cosmicum
1651 3033 1682 3085 et
1704 3040 1794 3086 occa·

437 3133 502 3175 snm
525 3111 710 3190 acronycbon
734 3110 866 3190 ejusdem
887 3112 991 3173 sideris
1013 3112 1255 3173 consuescerem?
1277 3113 1377 3173 Tertio
1400 3120 1495 3173 ortum
1518 3120 1549 3173 et
1563 3128 1703 3172 occasum
1726 3128 1794 3174 cunt

437 3201 508 3264 Sole
529 3203 718 3262 circumstant
740 3199 912 3279 plerumque
935 3204 1058 3261 emersio
1081 3209 1112 3260 et
1133 3200 1309 3278 occultatio,
1332 3198 1404 3277 quid
1425 3218 1500 3276 opns
1522 3209 1567 3260 est
1589 3211 1724 3278 tempora
1739 3217 1795 3259 an-

435 3299 524 3366 gusta
543 3286 724 3365 distinguere
748 3288 844 3348 ndbnc
865 3289 1003 3349 subtilius
1025 3296 1055 3347 et
1077 3289 1229 3365 operosius
1252 3307 1302 3365 per
1325 3291 1397 3348 istos
1420 3295 1501 3347 ortus
1518 3289 1665 3348 cosmieos
1688 3296 1719 3348 et
1741 3305 1795 3348 oc·

438 3395 524 3437 casus
546 3373 640 3454 (vulgi
664 3371 764 3455 sensu)
786 3375 989 3455 acronychos?
1013 3376 1148 3450 Denique
1170 3393 1245 3451 quos
1267 3376 1398 3436 heliacus
1413 3375 1605 3454 appellamus,
1630 3379 1651 3433 ii
1666 3392 1793 3436 cernun-

437 3476 492 3537 tur,
517 3480 592 3541 qnos
615 3480 669 3538 ego
693 3464 873 3541 acronychos
896 3464 1030 3540 appello,
1054 3471 1210 3521 cernuntur
1232 3470 1260 3521 et
1284 3466 1354 3539 ipsi3
1378 3466 1440 3540 apti
1462 3473 1532 3521 sunt
1553 3462 1709 3536 agricolis,
1731 3481 1795 3524 mc

438 3552 519 3624 dicis,
542 3551 697 3624 historicis,
720 3556 815 3628 poetis
839 3551 876 3611 ad
893 3550 1102 3628 descriptiones
1127 3551 1264 3626 vulgares
1287 3561 1465 3628 temporum;
1488 3559 1518 3608 at
1541 3550 1583 3607 illi
1605 3553 1696 3627 spurii
1714 3561 1794 3610 ortua

438 3651 467 3701 et
490 3656 612 3700 occasus
635 3656 701 3697 cum
717 3638 796 3710 Sole,
820 3656 943 3715 quorurn
968 3639 1033 3697 illos
1058 3640 1185 3708 coemici,
1210 3638 1264 3696 bos
1286 3638 1444 3714 acronychi
1467 3639 1584 3697 nominc
1599 3637 1792 3715 locupletant,

412 3719 414 3724 ’
439 3743 625 3805 nequaqnam
647 3735 818 3800 cernuntur,
842 3743 895 3786 nec
917 3745 953 3786 ex
976 3727 1059 3785 coelo
1082 3724 1134 3784 sed
1157 3743 1193 3785 er
1216 3725 1298 3784 libris
1321 3734 1552 3785 astronomorum
1576 3725 1694 3800 petendi
1716 3735 1795 3800 sunt,

439 3834 493 3876 nec
515 3815 572 3874 nisi
595 3814 633 3872 ab
657 3817 699 3876 iis.
724 3816 775 3890 qui
798 3817 1006 3873 astronomiam
1021 3812 1193 3874 didicerunt.
1217 3821 1425 3888 agnoscuntur.
1473 3813 1577 3887 ltaque
1600 3812 1715 3872 nullum
1738 3829 1795 3890 ego

438 3904 540 3963 notavi
562 3902 718 3978 probatum
740 3904 918 3977 scriptorem,
942 3903 992 3978 qni
1015 3901 1062 3959 his
1084 3911 1163 3959 esset
1186 3918 1257 3959 usus
1279 3902 1445 3959 nominibus
1469 3900 1549 3975 vulgi
1572 3917 1681 3970 sensu,
1705 3909 1737 3960 nt
1758 3919 1795 3960 nc

437 3991 523 4052 rebus
546 3988 664 4065 quidem
687 3988 726 4048 ad
750 3988 886 4064 vulgares
909 3988 1137 4064 descriptionem
1169 3997 1271 4048 eontra
1291 3988 1405 4046 Plinius
1433 3987 1557 4063 aliique,
1589 4005 1656 4046 cum
1679 3990 1709 4046 in
1741 3986 1795 4048 de-

437 4079 593 4152 scriptione
623 4085 784 4152 temporum
814 4076 859 4134 lris
889 4078 1085 4151 incorrepicuis
1108 4077 1257 4134 exortibus
1281 4087 1310 4133 et
1332 4076 1486 4134 occasibus
1515 4083 1650 4146 utuntur,
1683 4084 1713 4134 et
1735 4075 1797 4136 alia

362 4221 365 4226 .
438 4171 551 4241 ponunt
578 4165 710 4235 nomina,
742 4175 774 4222 ut
797 4163 992 4240 praedictum,
1023 4171 1053 4221 et
1075 4161 1134 4221 ulio
1157 4163 1215 4221 line
1238 4165 1362 4232 iaciunt,
1394 4180 1451 4220 non
1475 4173 1508 4221 ut
1530 4162 1698 4223 describant
1720 4171 1795 4222 tern-

438 4268 511 4328 pore
532 4252 610 4309 notis
632 4246 818 4326 vulgaribus,
842 4248 895 4309 sed
918 4259 950 4308 ut
973 4267 1078 4310 musas
1100 4260 1328 4310 commemorent
1349 4255 1554 4326 tempestatum
1575 4251 1737 4322 abstrusas,
1759 4269 1796 4310 aa

438 4336 599 4414 astrologia
621 4341 742 4414 petitas.

528 4432 643 4509 Quibus
673 4434 732 4502 diei
753 4434 893 4510 ,var-uba·
922 4433 1061 4492 induunt
1082 4441 1168 4490 ortua
1197 4439 1225 4490 ct
1246 4449 1368 4491 occonis
1390 4431 1497 4490 deliaci
1505 4432 1522 4489 Ρ
1551 4433 1645 4491 Fixne
1668 4449 1794 4510 semper,

437 4524 574 4600 planetae
597 4521 767 4599 plerumque
790 4538 874 4580 mane
898 4523 1049 4581 emersisse
1073 4538 1089 4580 e
1111 4520 1189 4578 Solis
1212 4518 1315 4584 radiis,
1347 4520 1461 4596 vesperi
1485 4537 1555 4578 vero
1578 4516 1713 4595 ejusdem
1733 4521 1796 4596 jana

438 4611 562 4670 demersi
584 4608 675 4666 radiis
697 4608 806 4667 conditi
830 4607 992 4685 diparuisse
1015 4605 1283 4684 deprehenduntur,
1313 4614 1345 4665 ut
1366 4608 1409 4664 sic
1432 4607 1460 4662 in
1490 4617 1571 4666 ortus
1594 4606 1685 4682 plaga
1707 4625 1795 4686 spec-

439 4705 535 4758 tentur
557 4705 755 4771 emergentes,
786 4696 815 4752 in
844 4713 950 4754 occasu
980 4697 1151 4753 amittantur
1178 4693 1287 4753 conditi
1316 4695 1372 4753 sub
1401 4692 1507 4752 radios.
1556 4695 1666 4770 Excipe
1696 4705 1793 4756 umen

443 4787 473 4854 ll
497 4784 610 4844 Lunam
632 4799 755 4858 semper,
780 4781 955 4841 Mercurium
978 4797 1047 4840 vero
1071 4792 1099 4840 et
1123 4781 1265 4841 l'enerem
1288 4791 1371 4840 tunc.
1393 4780 1521 4855 quando,
1547 4791 1577 4840 nt
1593 4782 1688 4850 Luna,
1713 4781 1797 4842 velo-

439 4875 531 4932 ciores
565 4879 633 4928 suut
663 4870 727 4944 ipso
756 4868 825 4928 Sole
857 4876 885 4928 et
915 4868 1031 4927 directi:
1073 4876 1141 4927 tunc
1169 4872 1245 4928 enirn
1276 4881 1320 4943 ,ut
1352 4868 1450 4926 Lunai
1484 4871 1598 4946 vesperi
1629 4869 1796 4947 deprehen-

439 4958 547 5018 duntnr
569 4958 721 5017 emersisse
737 4959 765 5014 in
790 4972 905 5028 occasu,
929 4974 1013 5015 mane
1029 4956 1205 5031 dispansissc
1229 4961 1257 5013 in
1279 4965 1353 5026 ortu,
1377 4955 1487 5014 conditi
1509 4958 1564 5016 snb
1580 4956 1662 5015 Solis
1685 4956 1795 5017 radies.

440 5045 476 5101 il
495 5043 588 5106 dubet
610 5046 698 5105 etiam
729 5042 867 5120 analogia
896 5047 1028 5122 excipere
1051 5042 1161 5119 aliquid
1186 5047 1260 5104 intra
1283 5043 1396 5119 polarcs
1426 5061 1478 5105 seu
1502 5046 1530 5102 in
1559 5046 1644 5103 nonis
1666 5044 1795 5123 trigidis3
