4459 6275
445 769 486 828 94
749 790 751 797 ·
1007 766 1120 838 Kepleri
1138 767 1234 825 Sardio

447 958 539 1002 cornu
565 943 665 1002 Lunae
692 942 822 1003 annuale
852 949 989 1020 apparuit
1019 949 1049 1004 iu
1078 947 1156 1007 linea
1188 956 1284 1016 recta,
1316 965 1393 1023 quae
1423 966 1459 1027 ex
1482 945 1604 1006 australi
1626 947 1734 1006 trontia
1756 963 1813 1023 per

442 1030 569 1088 mediam
600 1031 702 1088 frontis
733 1029 857 1088 ducitur.
909 1033 1046 1091 Centrum
1079 1052 1151 1094 vero
1180 1030 1222 1114 Q)
1251 1034 1470 1110 relinquebatur
1498 1035 1538 1093 ab
1569 1034 1627 1093 bac
1657 1041 1739 1094 recta
1769 1033 1811 1092 ad

442 1124 555 1190 ortom3
587 1126 616 1177 et
639 1125 751 1176 tautum
774 1116 904 1178 distabat
926 1139 946 1179 a
968 1120 1084 1186 media.
1114 1132 1257 1196 quantum
1279 1121 1376 1181 media
1398 1123 1436 1181 ab
1460 1119 1600 1193 australi,
1629 1122 1811 1180 canebatur

440 1212 539 1265 autem
563 1207 671 1264 teriase
693 1205 842 1264 borealem
865 1206 976 1281 lroutia,
1001 1208 1052 1267 illa
1078 1211 1155 1268 enim
1176 1211 1312 1284 rruepiam
1329 1210 1501 1284 comparuit.
1546 1206 1660 1268 Stellae
1674 1208 1810 1284 quidem,

442 1309 518 1368 quaa
546 1300 623 1353 tecta
646 1309 711 1351 eane
734 1292 855 1369 dieitur,
885 1293 967 1354 locus
992 1296 1047 1354 snit
1071 1291 1106 1354 60
1132 1291 1226 1375 180130
1252 1298 1308 1373 nir
1343 1296 1393 1354 lat,
1427 1295 1515 1354 bodie
1544 1294 1577 1354 10
1600 1296 1632 1354 50
1655 1295 1720 1357 bor.
1767 1296 1811 1355 At

411 1455 415 1464 .
441 1381 558 1455 puncti,
592 1377 672 1460 quod
702 1381 732 1438 iu
755 1378 833 1439 linea
855 1397 907 1455 per
930 1383 960 1440 3.
984 1391 1013 1441 et
1036 1386 1064 1440 2.
1094 1383 1197 1441 icontie
1228 1381 1331 1441 eodem
1355 1382 1509 1441 intervallo
1539 1401 1559 1441 a
1582 1384 1611 1439 2.
1635 1389 1810 1444 remoretur

442 1469 472 1524 iu
496 1467 623 1539 boream,
651 1465 734 1526 locun
757 1476 819 1526 erat
842 1469 870 1524 iu
896 1466 931 1526 50
956 1465 1035 1548 15οβ3
1061 1471 1100 1547 ut
1121 1487 1188 1529 eum
1211 1469 1262 1527 lat.
1290 1474 1316 1529 1.
1341 1472 1383 1528 34
1406 1472 1467 1529 bor.
1513 1468 1584 1528 Janr
1607 1478 1741 1552 centrum
1763 1465 1809 1551 Q)

441 1553 548 1613 dicitur
570 1554 610 1613 ab
634 1553 690 1613 bac
712 1554 791 1613 linea
815 1555 905 1616 iuiaae
928 1555 1110 1627 orientalior‚
1141 1573 1200 1614 uon
1222 1554 1289 1632 plna
1313 1565 1425 1627 tamen,
1455 1573 1543 1631 quam
1567 1563 1601 1614 ut
1622 1556 1690 1630 ejua
1713 1574 1809 1616 cornu

440 1650 531 1700 anatr.
555 1639 652 1700 adbuc
682 1643 710 1698 iu
742 1641 798 1699 bac
828 1644 893 1717 ipaa
922 1642 1001 1703 linea
1028 1654 1124 1702 esaet:
1155 1643 1210 1702 luit
1237 1646 1325 1719 igitur
1353 1653 1482 1703 centrum
1515 1645 1544 1700 in
1569 1640 1604 1700 50
1627 1637 1725 1723 200150
1747 1645 1806 1722 'nb

440 1744 493 1788 nec
518 1746 585 1787 rere
609 1730 682 1786 texit
699 1727 782 1786 Luna
806 1728 951 1788 borealem
977 1731 1089 1802 frontis,
1113 1729 1166 1789 scd
1190 1730 1360 1789 obscuravit
1381 1729 1477 1792 debile
1496 1729 1594 1789 lamen
1609 1729 1677 1804 ajat
1699 1729 1808 1806 aplau-

441 1815 510 1875 dore
541 1831 606 1874 auo.
653 1816 744 1890 utqui
776 1825 912 1892 computo
943 1817 1023 1878 borio
1053 1818 1091 1876 ab
1122 1834 1228 1877 occasu
1257 1819 1305 1876 10.
1330 1819 1382 1876 to‘
1412 1819 1528 1892 aequin.
1561 1825 1591 1875 et
1620 1819 1665 1875 aic
1694 1817 1806 1879 mli·

439 1906 558 1978 aequin.
589 1900 741 1961 desinente
775 1912 905 1962 centrum
928 1903 1029 1964 Lunae
1059 1904 1215 1963 visibiliter
1246 1905 1274 1961 in
1298 1905 1326 1962 5.
1352 1899 1436 1985 20¹).²
1464 1907 1502 1981 1η
1532 1919 1598 1963 cum
1628 1902 1681 1964 lat
1709 1907 1738 1964 l.
1763 1906 1807 1963 at

440 1991 517 2063 bor„
541 1988 621 2064 quod
643 1989 718 2048 aatia
741 1993 903 2065 propinque
925 1987 1040 2051 aceedit
1062 1990 1101 2049 ad
1127 1990 1159 2051 1⁰
1182 1993 1245 2060 34‘,
1268 2008 1366 2050 crassa
1387 1993 1592 2050 aestimatione
1606 1989 1806 2067 aequalitatis

440 2075 586 2137 interualli
616 2077 715 2133 uiuam
745 2076 939 2136 latitudinem.
985 2080 1025 2137 ut
1046 2081 1071 2136 ai
1102 2077 1254 2153 eclipticae
1277 2077 1437 2152 obliquitas
1465 2077 1570 2136 luisset
1598 2079 1671 2137 olirn
1693 2079 1804 2155 major,

440 2165 534 2240 major
556 2165 646 2223 etiam
670 2165 774 2221 luiaaet
795 2163 957 2223 borealium
980 2164 1130 2225 stellarum
1153 2166 1255 2222 frontis
1274 2168 1312 2242 up
1336 2163 1470 2224 latitudo.
1516 2165 1688 2224 Toleraaaet
1702 2175 1804 2227 tamen

441 2253 529 2313 etiarn
554 2253 648 2328 prima
669 2250 773 2309 barum
796 2253 1034 2311 observationum
1057 2250 1240 2311 latitudinem
1272 2251 1398 2310 borealia
1420 2251 1523 2311 irontra
1553 2251 1624 2310 olrm
1648 2255 1680 2309 ι’
1704 2253 1808 2328 majo·

439 2355 509 2413 rem,
533 2348 562 2398 et
586 2338 643 2397 boc
665 2340 707 2397 aie
729 2340 802 2398 aatia
823 2337 987 2414 acqualiter
1019 2342 1047 2398 in
1070 2339 1160 2415 Spica
1182 2337 1339 2398 australem
1363 2340 1502 2398 minorem
1530 2347 1559 2397 et
1582 2338 1697 2399 boreali
1720 2341 1807 2401 iron-

440 2429 487 2487 tia.
532 2423 709 2502 Suppeditat
741 2442 809 2487 vero
842 2435 871 2486 et
897 2425 1086 2487 Ptolemaeus
1116 2426 1202 2484 nobie
1235 2436 1438 2501 argumentum
1470 2425 1558 2500 bajus
1593 2429 1634 2486 rei
1669 2443 1706 2486 ex
1738 2428 1806 2487 ania

439 2512 707 2573 obseruationibus⁴
754 2516 839 2573 ‹tuuo
861 2516 938 2572 enim
961 2521 1048 2578 (amu
1066 2512 1174 2572 Christi
1197 2513 1385 2573 Ptolemaeus
1408 2514 1578 2573 observavit
1594 2513 1713 2573 innam
1735 2513 1806 2575 cul·

439 2604 598 2660 minantem
633 2601 661 2658 iu
691 2600 728 2672 [l
761 2603 790 2658 iu
817 2603 869 2673 Π,
904 2597 947 2679 Θ
978 2599 1128 2659 occidente
1164 2602 1192 2658 iu
1229 2602 1282 2676 i(-
1325 2599 1502 2676 Comparate
1535 2618 1606 2660 roro
1639 2600 1806 2661 altitudine

440 2688 542 2749 unae
566 2690 723 2747 obseruata
747 2705 812 2747 curu
834 2689 991 2763 aoppoaita
1012 2686 1166 2746 altitudine
1189 2686 1340 2763 eclipticae
1362 2691 1471 2762 puncti,
1496 2690 1618 2747 inventa
1642 2688 1806 2750 videbatur

439 2776 490 2835 lat
520 2785 596 2851 sept.
622 2774 724 2834 Lurrae
756 2777 785 2832 iu
814 2775 908 2834 limite
941 2776 1030 2833 boreo
1060 2777 1205 2832 comantis
1237 2771 1272 2832 50
1302 2775 1375 2832 uibil
1406 2775 1536 2833 ulterius.
1582 2776 1675 2851 Atqui
1708 2773 1803 2836 bodie

440 2863 527 2921 Luna
555 2865 583 2919 iu
611 2861 703 2920 limite
726 2862 816 2921 bor-eo
848 2861 935 2920 simul
963 2870 993 2919 et
1024 2862 1052 2917 iu
1076 2865 1207 2920 austrino
1231 2878 1351 2920 vernaus
1373 2861 1559 2920 latitudinem
1588 2865 1618 2921 iu
1642 2872 1806 2940 auumque

438 2949 631 3011 lanstanet
655 2950 689 3005 5⁰
716 2950 773 3008 18⁴.
819 2948 851 3007 Si
874 2966 945 3024 ergo
969 2947 1171 3020 concedimus,
1201 2965 1318 3006 manere
1348 2948 1568 3008 inclinationem
1592 2950 1675 3009 orbb
1699 2950 1806 3009 Lanae

438 3036 477 3097 ad
511 3037 612 3094 orbem
631 3023 714 3093 'Solis
744 3045 926 3095 constantem
958 3043 989 3094 et
1015 3035 1108 3095 luisse
1140 3043 1218 3095 recte
1251 3035 1435 3093 obaerratam
1468 3034 1656 3096 latitudinem
1687 3037 1805 3110 Lanae,

439 3132 555 3202 oportet
587 3121 752 3198 eclipticam
782 3124 812 3180 iu
838 3125 874 3197 [1
909 3123 1000 3182 luisao
1035 3131 1103 3182 tunc
1130 3124 1180 3181 18¹
1202 3121 1396 3193 humiliorem,
1428 3131 1459 3182 et
1491 3125 1534 3183 aie
1562 3125 1706 3184 minorem
1739 3125 1808 3203 ejaa

438 3210 666 3272 declinationem
680 3212 719 3269 ab
735 3220 905 3286 aequatore.
952 3209 1028 3268 l'ide
1047 3210 1099 3287 Ep.
1119 3211 1195 3269 Aetr.
1212 3209 1283 3287 Cop.
1299 3210 1318 3268 i.
1337 3212 1400 3270 930
1415 3229 1450 3269 cx
1465 3219 1545 3270 tomo
1561 3212 1584 3271 l
1603 3211 1693 3289 Prog.
1710 3213 1730 3272 t
1750 3217 1806 3274 at.

804 3390 1057 3478 Argumentum
1088 3408 1132 3458 ex
1161 3389 1294 3459 tlreoria
1322 3388 1428 3460 loris.

525 3557 627 3616 Nodos
653 3552 688 3636 ll
724 3557 935 3618 al'tolemaeo
958 3559 1076 3634 ponitur
1104 3558 1133 3614 iu
1160 3552 1193 3613 1⁰
1213 3553 1272 3636 ζα,
1302 3556 1389 3615 bodie
1413 3567 1458 3616 eat
1479 3560 1509 3615 in
1534 3554 1614 3637 5¹,.‚⁰
1636 3558 1699 3641 ξος
1732 3579 1804 3622 cam

438 3662 509 3721 ergo
533 3644 738 3720 progrediatur
765 3655 844 3704 motu
874 3644 1054 3715 leutisaimo‚
1085 3644 1140 3701 luit
1163 3645 1250 3708 initur
1280 3654 1310 3701 et
1333 3645 1396 3702 too
1425 3655 1494 3703 aute
1516 3645 1724 3707 Ptolemaeum
1747 3652 1806 3708 aab

438 3733 584 3808 lliouyrio
609 3736 637 3790 in
661 3736 803 3808 principio
826 3729 867 3812 eje
891 3747 920 3791 et
945 3735 1009 3791 500
1031 3733 1117 3789 anuis
1139 3741 1207 3788 ante
1230 3729 1431 3790 Ptolemaeum
1461 3745 1513 3791 aut
1537 3736 1565 3791 in
1589 3737 1736 3812 principio
1762 3732 1805 3816 Co

437 3832 487 3879 ant
512 3824 540 3878 in
564 3820 621 3879 tine
649 3822 696 3892 [l.
742 3819 861 3897 Jupiter
884 3822 972 3894 igitur
995 3830 1076 3877 motu
1100 3819 1261 3875 ecoerrtrieo
1284 3818 1339 3876 aab
1358 3818 1501 3894 Dionysio
1526 3838 1648 3880 cernane
1672 3824 1703 3879 in
1721 3819 1759 3880 i·
1774 3827 1829 3881 4‘'

437 3904 477 3987 a}
501 3912 554 3966 erit
579 3910 711 3983 proxime
734 3907 914 3982 eclipticam.
945 3907 1073 3966 seilicet.
1097 3906 1193 3978 posito
1217 3904 1294 3961 uodo
1318 3916 1437 3980 propter
1458 3919 1630 3981 sequentem
1654 3910 1806 3970 obaerva·

436 3999 546 4054 tionem
574 4009 602 4054 et
627 4004 746 4071 propter
768 3996 844 4053 alias
867 4011 973 4052 causas
1003 3995 1032 4049 iu
1057 3987 1089 4049 3¹
1106 3988 1137 4070 ,⁰
1160 3987 1219 4070 ajo
1248 3994 1304 4050 erit
1324 3987 1364 4076 ll
1391 4010 1448 4051 non
1478 3993 1554 4053 nitra
1577 3992 1656 4075 4¹5
1677 4009 1807 4075 aepteu·

436 4081 586 4141 trionalior
608 4102 655 4143 ea.
702 4084 740 4140 At
763 4083 909 4144 scribitur.
933 4098 999 4139 enm
1022 4082 1050 4135 iu
1077 4079 1111 4133 i⁰
1135 4080 1165 4134 4‘
1189 4075 1229 4158 §a
1256 4091 1418 4137 uersaretur
1441 4081 1572 4150 circiter,
1596 4086 1708 4142 teniaae
1730 4084 1809 4146 atal-

434 4168 494 4227 lam
519 4172 548 4225 iu
573 4170 696 4232 t'anero.
721 4173 767 4228 cui
790 4186 897 4227 nomen
921 4179 965 4226 est
989 4164 1099 4225 Asello.
1124 4170 1230 4229 tblaaa.
1249 4171 1293 4219 nt
1312 4174 1349 4228 :bl
1390 4166 1419 4224 ls
1444 4186 1513 4225 vero
1529 4167 1619 4229 bodie
1634 4170 1728 4230 babet
1752 4171 1808 4231 lar.

434 4267 523 4314 auctr.
549 4259 579 4312 ti.
603 4258 630 4311 t·
662 4258 701 4315 ab
724 4257 861 4331 ecliptica
891 4256 984 4313 etsie
1008 4254 1062 4311 luit
1093 4254 1123 4307 in
1150 4252 1370 4326 propinquitate
1399 4255 1422 4324 Il
1447 4251 1480 4311 80
1500 4262 1540 4333 2¹,
1565 4256 1646 4331 qnod
1669 4268 1718 4316 eat
1749 4258 1809 4318 do·

434 4341 522 4402 duna
553 4343 590 4402 de
613 4342 756 4402 diametro
782 4343 898 4401 Lanae:
930 4352 960 4399 at
989 4338 1151 4400 secundum
1182 4336 1387 4411 obliquitatem
1411 4338 1622 4401 Ptolemaicam
1645 4344 1808 4416 babainet

434 4427 485 4486 lat
510 4432 559 4486 25·
589 4445 679 4488 ausu.
710 4445 738 4489 et
766 4435 808 4488 sic
841 4428 994 4485 distitisset
1025 4420 1080 4484 :¹⁹¹
1100 4433 1121 4504 ,⁴
1151 4444 1169 4483 a
1197 4423 1284 4483 atella
1306 4423 1408 4486 dorio.
1442 4428 1502 4485 iere
1531 4429 1702 4508 quadruplo
1735 4433 1807 4509 plna

434 4533 523 4590 quam
546 4518 604 4576 ibi:
629 4521 728 4593 itaque
745 4534 933 4593 nequaquam
954 4517 997 4572 alc
1013 4532 1078 4573 earn
1094 4513 1290 4580 obacuraaeet,
1314 4525 1345 4569 ut
1361 4516 1468 4571 texisse
1486 4515 1646 4578 rideretur.
1688 4519 1807 4580 Eodem

433 4601 522 4660 modo
544 4605 599 4662 aab
624 4606 781 4664 Arietatele
809 4607 908 4679 posito
931 4601 1008 4660 uodo
1040 4595 1174 4676 513οΛ0
1198 4595 1237 4678 {a
1262 4609 1293 4656 nt
1316 4602 1397 4673 priua
1429 4613 1459 4659 et
1488 4617 1607 4679 propter
1637 4604 1722 4665 illam
1746 4610 1807 4668 ob·

433 4692 639 4750 menonem.
675 4687 701 4769 04·
728 4695 756 4748 in
785 4687 884 4769 15οι,0
910 4691 946 4762 [1
972 4704 1092 4746 reraana
1115 4696 1197 4743 mota
1219 4689 1381 4745 ececntrieo
1403 4690 1456 4746 crit
1481 4707 1508 4750 e.
1532 4693 1583 4748 550
1608 4695 1639 4749 in
1662 4704 1806 4753 anstrum

432 4776 589 4834 inclinatu
616 4780 655 4837 ab
678 4780 822 4853 eebpciea
871 4779 910 4834 At
933 4778 972 4833 ibi
1005 4790 1126 4832 remam
1155 4789 1215 4830 uon
1237 4772 1324 4847 longe
1347 4776 1444 4848 potuit
1474 4778 1580 4837 abesae
1612 4779 1748 4840 aatella
1774 4784 1806 4842 in

435 4875 535 4922 ventre
562 4865 611 4936 ss.
656 4864 797 4923 Scibitar
819 4866 898 4922 enim
920 4864 959 4921 ab
981 4859 1152 4920 Aristotele.
1176 4860 1222 4917 bis
1244 4862 1352 4919 texime
1376 4862 1525 4936 quandam
1548 4864 1667 4924 atellam
1692 4870 1724 4924 in
1753 4872 1805 4943 Π,

433 4967 488 5009 aaa
510 4965 608 5025 potest
630 4950 691 5010 alla
711 4970 776 5011 eane
799 4950 897 5020 atella,
922 4966 1011 5024 qaam
1035 4946 1108 5005 haee
1132 4948 1205 5021 ipaa.
1250 4946 1309 5005 Sed
1333 4946 1384 5004 illa
1405 4950 1492 5009 atella
1516 4952 1607 5011 babet
1629 4952 1723 5013 boote
1748 4955 1805 5017 lat.

438 5041 486 5096 Μ’
511 5051 615 5100 aaatr..
638 5037 710 5096 οι·-
732 5040 884 5097 ὶώιιὶψι
907 5036 957 5093 lat.
976 5037 1028 5092 35⁴
1052 5043 1144 5090 armtr.
1191 5033 1296 5091 l'eriua
1317 5045 1416 5093 autem
1439 5049 1483 5095 eat
1507 5037 1593 5108 iliad,
1615 5058 1709 5115 quarn
1732 5041 1804 5103 boe.

433 5122 565 5186 manta
587 5124 666 5200 qaae
692 5122 720 5204 ll
747 5125 868 5185 eaedem
891 5122 988 5181 aeliane
1000 5120 1088 5179 bodie
1103 5118 1194 5177 babet
1209 5119 1379 5180 hermines
1393 5126 1546 5196 mariun,
1569 5144 1647 5201 quaa
1662 5128 1802 5204 prodidit

433 5207 805 5286 Metto
838 5207 940 5292 ΟΡ
969 5223 1047 5270 Μ-
1076 5202 1462 5286 bOff'mmttodm
1492 5217 1676 5275 emeda·
1705 5216 1804 5278 bodie
