4459 6275
684 794 727 851 De
744 792 817 850 Auni
834 792 992 863 numerate
1008 798 1038 853 ai
1054 793 1297 866 aequmeeoum
1314 794 1514 854 Praecessione.
1613 788 1616 793 ⁴
1741 802 1783 863 ⁹9

429 972 581 1048 cognitam
602 973 749 1034 ntionem
769 969 1007 1048 inaequalitatisc
1029 989 1098 1033 nam
1121 967 1163 1054 Q
1186 974 1216 1031 ie
1239 969 1274 1033 2⁰
1298 976 1338 1053 1η
1359 973 1424 1047 leit,
1446 970 1490 1054 Θ
1512 976 1542 1033 in
1565 969 1621 1035 26⁰
1644 973 1689 1046 l.
1727 975 1783 1036 Vel

428 1075 513 1118 sume
538 1053 637 1140 0(.Q
661 1076 728 1120 cum
750 1057 856 1139 Spica,
886 1052 929 1140 Q
953 1061 983 1118 in
1007 1057 1064 1120 22⁰
1087 1056 1146 1143 1η),
1169 1055 1211 1139 Θ
1233 1063 1263 1120 iu
1290 1059 1344 1121 16⁰
1371 1063 1423 1138 >m
1446 1060 1495 1123 bic
1521 1079 1590 1138 ergo
1612 1056 1656 1142 Q
1678 1062 1733 1123 luit
1754 1066 1785 1122 in

428 1145 531 1222 wc
555 1162 633 1222 poue
655 1164 725 1226 ergo
746 1155 795 1209 eat
817 1151 964 1224 cognitam
986 1147 1227 1223 inaequalitatem
1248 1146 1411 1224 simplicem
1442 1146 1489 1209 rel
1512 1151 1601 1209 etiam
1623 1157 1783 1212 ocmntom

427 1231 523 1295 Pane
541 1232 673 1296 mcuudo
704 1241 813 1297 cartam
842 1234 1079 1297 observationem
1101 1234 1283 1297 Timocharis
1314 1235 1438 1295 irortsa
1469 1243 1538 1314 post
1571 1254 1708 1298 occasum
1730 1234 1783 1318 Θ.

427 1318 511 1467 ἔκιε
534 1323 622 1383 tertio
645 1323 719 1385 benc
742 1322 925 1400 exploratam
946 1324 1091 1384 rationem
1111 1321 1317 1399 paraliuxium.
1360 1322 1420 1387 Hic
1441 1325 1471 1384 in
1494 1323 1559 1385 eolo
1574 1324 1703 1386 secundo
1727 1326 1784 1385 tiit·

446 1424 483 1468 cu
496 1416 545 1467 ἰεῦ
568 1417 621 1468 eet.

515 1493 588 1557 Jam
610 1498 725 1572 Inquiro
747 1498 940 1559 amotionem
961 1491 1004 1578 Q
1026 1495 1190 1575 simplicem
1212 1514 1232 1555 a
1252 1495 1356 1569 stauu,
1381 1497 1550 1560 reductione
1572 1499 1652 1559 lacta
1672 1499 1711 1561 ad
1734 1517 1783 1561 or·

426 1582 520 1643 bitem
543 1577 606 1664 Q;
629 1583 707 1645 idem
729 1584 776 1646 iae
799 1587 829 1643 in
854 1584 1114 1645 observationibus
1127 1582 1293 1663 Tychouia,
1317 1591 1347 1645 et
1362 1584 1462 1646 divide
1477 1586 1677 1647 revolutiones
1691 1583 1733 1670 Q
1750 1591 1779 1647 in

428 1668 492 1733 dica
514 1668 697 1748 habebisque
718 1678 832 1749 motum
853 1666 896 1753 Q
918 1671 1080 1749 simplicem
1109 1673 1149 1731 ab
1171 1671 1271 1749 aliqua
1293 1671 1415 1733 fixarem
1444 1672 1490 1734 bis
1517 1675 1696 1750 temporibus
1719 1693 1783 1736 cor·

427 1758 591 1834 tiseimem3
620 1761 719 1835 quisi
742 1766 872 1837 tempore
893 1758 1077 1820 Timocharis
1100 1759 1139 1820 ob
1161 1758 1307 1821 deieuum
1329 1760 1544 1821 observationis
1570 1761 1703 1822 nonnihil
1728 1763 1782 1824 vle-

428 1843 499 1920 tat,
523 1844 590 1921 eiua
608 1844 742 1909 deiectus
771 1849 875 1923 quinta
896 1863 964 1924 pare
996 1845 1117 1908 accedet
1144 1845 1187 1906 iiii
1216 1847 1394 1924 temporibus
1414 1846 1622 1909 Nabonaseari.
1668 1849 1782 1927 Collige

424 1932 488 2008 iam
510 1941 610 1993 motus
631 1928 674 2015 Q
696 1933 809 1995 medios
831 1934 871 1995 ad
891 1932 1022 2011 aliquam
1044 1933 1167 2012 eclipsin
1189 1933 1389 1995 Nehonassari
1411 1942 1440 1997 et
1455 1937 1600 1996 constitue
1623 1954 1724 1999 verum
1738 1934 1781 2019 Q

428 2027 543 2081 nuum
565 2036 586 2081 a
606 2018 690 2083 dau:
714 2020 830 2082 dabitur
852 2037 939 2082 verus
961 2018 1005 2102 Θ
1027 2030 1124 2082 motus
1153 2039 1173 2081 a
1202 2019 1277 2083 lixis.
1321 2020 1420 2084 Hodie
1452 2040 1522 2083 vero
1552 2022 1653 2085 itidem
1688 2021 1783 2087 hebo}

428 2122 496 2169 mue
519 2123 625 2169 verum
645 2115 758 2169 motum
771 2105 814 2188 Θ
838 2125 857 2168 a
877 2108 959 2169 fixis:
983 2126 1052 2186 ergo
1075 2107 1162 2169 datur
1184 2110 1252 2168 euni
1265 2108 1371 2170 siderei
1391 2112 1555 2185 qnavvtitae3
1578 2115 1620 2171 itu
1643 2119 1674 2171 ot
1697 2115 1783 2173 annis

429 2194 518 2255 2300
540 2193 664 2257 sidereis
695 2196 763 2273 pius
786 2195 890 2257 deesse
918 2212 976 2255 nou
1003 2199 1112 2273 possit,
1141 2213 1230 2272 quam
1260 2206 1403 2274 quantum
1426 2196 1510 2257 lauria
1538 2199 1615 2258 iutra
1640 2203 1655 2258 1
1680 2198 1782 2259 borenr

428 2281 563 2356 cneum
592 2281 750 2360 largiemur
771 2285 850 2345 enim
880 2283 1044 2345 observatis
1066 2283 1302 2345 'limoohnriset
1323 2283 1522 2346 Nabonasaari
1550 2284 1627 2347 bane
1648 2285 1783 2347 latitudi-

428 2386 505 2433 nem.
555 2368 679 2431 conflue
706 2379 804 2432 eutem
825 2370 912 2432 Lena
941 2387 1001 2431 ene
1028 2370 1102 2433 hora
1129 2367 1198 2452 72⁰,
1231 2371 1282 2447 qui
1311 2378 1357 2432 est
1385 2369 1523 2451 dimidips
1550 2371 1613 2434 dies
1642 2375 1673 2432 in
1700 2382 1783 2436 motu

428 2454 526 2628 {lehn
559 2459 697 2605 uetanis
720 2460 805 2521 2300
835 2457 972 2551 dimidius
1003 2457 1066 2520 dies
1094 2458 1193 2532 deest,
1225 2474 1294 2534 ergo
1323 2475 1401 2520 anno
1424 2460 1474 2519 uni
1505 2459 1599 2520 deerit
1628 2477 1688 2522 non
1715 2461 1783 2540 pius

541 2560 611 2622 pars
653 2546 702 2607 'ei

450 2582 631 2703 ‚mllxiude
658 2630 762 2695 Mem
790 2630 927 2693 methodo
954 2638 1039 2710 potes
1069 2631 1221 2709 explorare
1247 2649 1300 2710 per
1331 2631 1455 2709 eclipses
1476 2633 1660 2710 interjectas,
1697 2642 1730 2695 et
1752 2643 1783 2697 et

429 2735 481 2797 per
504 2717 727 2795 conjunctiones
750 2720 852 2781 Louna
884 2736 951 2781 cem
974 2714 1040 2780 lixis
1062 2718 1247 2798 interiectas,
1278 2736 1317 2780 au
1338 2718 1387 2780 vel
1408 2728 1506 2781 motus
1528 2721 1652 2798 simplex
1670 2721 1779 2784 ‘Lunae

428 2806 546 2879 adaia
569 2806 620 2867 vel
641 2806 747 2870 siderei
769 2809 838 2869 anei
860 2809 1010 2884 quantita
1031 2807 1071 2866 sit
1092 2807 1257 2884 inaequalis
1278 2808 1308 2865 in
1331 2824 1406 2869 sese.
1451 2805 1483 2868 Si
1513 2815 1613 2869 autern
1638 2810 1780 2888 aequales

427 2892 692 2972 deprehendantur,
715 2894 935 2974 expeditissima
955 2892 1094 2956 methodo
1117 2893 1156 2955 ad
1178 2895 1248 2956 nuni
1263 2896 1368 2971 tropici
1382 2912 1483 2957 veram
1499 2903 1529 2956 et
1542 2895 1672 2958 mediam
1683 2915 1780 2975 quae·

428 2984 545 3055 lituum
567 2982 749 3045 accedemus.

513 3068 616 3148 Hujus
636 3070 769 3132 methodi
788 3068 1009 3131 fundamentum
1032 3067 1188 3147 physicum
1210 3068 1267 3129 hoo
1287 3075 1342 3146 est,
1366 3067 1446 3147 quod
1467 3077 1549 3149 peto,
1575 3077 1606 3131 et
1626 3070 1729 3132 Lunae
1752 3080 1782 3133 et

428 3157 541 3222 emas
562 3160 785 3234 metnuonem,
809 3160 949 3237 imprimis
972 3158 1098 3230 Terrae,
1126 3156 1201 3216 nihil
1224 3158 1331 3218 variari
1354 3160 1475 3219 emistis
1497 3165 1662 3220 neutrorum
1684 3169 1782 3220 motus

429 3245 542 3307 aSole
569 3243 734 3323 distantiu3
763 3254 974 3323 contraquam
1003 3264 1040 3307 ex
1061 3243 1212 3323 Tychonie
1241 3245 1452 3322 aequationem
1473 3245 1609 3324 neglectu
1639 3250 1781 3326 sequitur.

428 3335 493 3395 Etsi
513 3349 588 3394 saue
610 3340 641 3394 et
661 3332 763 3394 Lunae
786 3335 985 3395 eeoeetricitaa
1015 3340 1047 3392 nt
1068 3331 1177 3392 Terrae
1199 3334 1314 3410 augeri,
1344 3349 1434 3409 qnare
1465 3340 1494 3395 et
1522 3331 1673 3410 periodica
1694 3337 1781 3396 resti·

429 3421 505 3482 tutio
535 3420 592 3480 sub
624 3419 689 3481 tixie
717 3437 847 3482 crescere
875 3428 982 3502 potest
1025 3416 1084 3482 Sed
1116 3418 1147 3478 id
1174 3420 1315 3482 inccrtm
1344 3428 1390 3481 est
1419 3427 1449 3480 et
1481 3419 1567 3483 facile
1597 3421 1778 3500 probabitur.

428 3507 516 3570 Prius
539 3515 638 3570 nmen
661 3505 866 3571 constituenda
887 3516 933 3571 eet
955 3508 1142 3570 exactissima
1163 3509 1372 3583 aequationem
1396 3506 1506 3568 tabula

517 3594 593 3657 Cum
623 3602 722 3658 eutem
752 3590 837 3680 743⁰„
868 3595 926 3657 diei
954 3596 1045 3657 iaciat
1075 3595 1137 3654 iet
1160 3594 1247 3671 ΗΜ,
1280 3593 1444 3668 sciendum,
1479 3595 1558 3672 quod
1588 3594 1691 3674 Tycha
1722 3614 1782 3657 non

429 3690 546 3747 tautum
575 3682 691 3746 didam
712 3701 731 3744 a
753 3683 914 3762 copernico
938 3690 968 3745 et
989 3681 1144 3756 Thebitio,
1175 3680 1228 3742 sed
1255 3689 1369 3741 tantum
1394 3684 1452 3742 lii
1479 3685 1559 3743 14⁰1.
1604 3684 1710 3762 ltaque
1732 3684 1781 3745 hio

430 3771 539 3836 noem
561 3769 635 3831 nihii
656 3769 754 3845 aliud,
777 3789 867 3848 quem
887 3771 1026 3849 probabit
1047 3769 1248 3848 'l'ychonioum
1270 3766 1425 3830 sidereum.

502 3856 769 3920 Considerandum
791 3867 899 3935 anum,
922 3865 989 3919 utra
1008 3855 1164 3918 methodus
1185 3859 1225 3915 sit
1247 3858 1361 3917 certior.
1407 3857 1484 3916 Anni
1507 3855 1614 3919 siderei
1637 3856 1780 3916 dimensio

428 3946 593 4008 instituitur
614 3952 736 4023 accepta
757 3943 952 4007 declinatione
975 3944 1091 4022 Spicae,
1115 3961 1151 4005 cx
1174 3961 1233 4022 qua
1255 3941 1402 4004 mediante
1417 3944 1573 4005 latitudine
1595 3944 1660 4019 ejus
1691 3947 1779 4003 scitor

428 4035 495 4113 aius
515 4036 641 4095 remotio
671 4041 820 4112 aponcto
842 4034 961 4099 Arietis.
1005 4030 1063 4094 Per
1091 4030 1270 4109 hypothesin
1292 4045 1362 4092 vero
1392 4038 1421 4090 et
1443 4032 1680 4092 observationem
1701 4030 1780 4091 Solis

427 4124 521 4185 scitu
543 4123 632 4183 etiam
655 4119 735 4182 eolis
764 4138 783 4181 a
811 4123 927 4200 punctis
952 4121 986 4194 Υ
1013 4120 1150 4195 remotio,
1183 4136 1273 4196 qnare
1299 4128 1329 4179 et
1351 4136 1370 4179 a
1390 4117 1465 4178 fixis.
1510 4118 1578 4178 Hoc
1607 4121 1632 4179 si
1663 4118 1779 4178 duobus

427 4209 614 4289 temporibus
642 4208 708 4285 flat,
739 4208 902 4270 melacium
932 4215 978 4269 est
1006 4207 1165 4285 negotium.
1211 4206 1288 4267 liam
1313 4205 1510 4283 inaequalitas
1532 4204 1610 4268 Solis
1645 4207 1779 4284 utrinque

428 4294 620 4360 subhahltur.

515 4382 578 4446 Sed
599 4382 701 4461 'l'ycho
732 4382 825 4444 aliter.
869 4377 989 4465 PerQ
1020 4383 1231 4444 observaverat
1257 4379 1444 4442 Ptolemaeus
1475 4381 1667 4442 remotionem
1688 4376 1732 4460 Θ
1762 4397 1781 4438 e

434 4470 530 4535 corea
554 4476 592 4545 il,
622 4467 700 4532 idem
722 4470 825 4550 Tycha
847 4474 994 4548 praestitit
1015 4488 1067 4549 per
1089 4466 1132 4547 Ω,
1156 4486 1222 4529 cem
1246 4475 1370 4546 utraque
1392 4471 1431 4527 sit
1454 4467 1512 4529 diei
1536 4470 1689 4543 noctisque
1712 4483 1782 4543 par-

429 4563 532 4638 ticepa
577 4557 636 4619 Hic
656 4574 726 4634 ergo
753 4558 859 4619 modus
889 4561 993 4621 certior
1025 4556 1155 4631 videtur,
1186 4557 1256 4633 qnia
1277 4551 1320 4638 Q
1352 4563 1465 4615 tantum
1499 4554 1591 4617 semel
1614 4554 1779 4614 adhibetur.

428 4647 534 4709 Potest
561 4653 660 4707 tarum
690 4647 801 4725 primes
829 4649 963 4725 usvupari
991 4663 1044 4723 pro
1074 4645 1312 4722 comprobatione
1351 4640 1484 4720 aequalis
1518 4642 1624 4704 siderei
1655 4643 1725 4702 euni
1753 4648 1783 4701 et

428 4737 550 4797 mensis.
595 4733 688 4811 (Nota
717 4739 830 4807 umen,
862 4734 941 4811 qnod
963 4732 1151 4794 Ptolemaeus
1178 4749 1230 4809 per
1252 4730 1382 4792 armillas
1411 4730 1497 4790 luerit
1520 4735 1673 4807 operatus:
1705 4728 1780 4788 torte

429 4821 563 4884 nonnihil
598 4838 692 4883 errare
719 4821 850 4881 armillae
879 4820 1024 4899 potuere.)
1074 4820 1177 4899 Tycho
1211 4819 1299 4879 etiam
1330 4818 1479 4893 longiores
1509 4821 1648 4893 ambages
1679 4814 1779 4889 habet,

429 4912 504 4971 torte
527 4909 599 4987 quia
620 4906 784 4971 Ptolemaei
806 4907 974 4970 observatio
996 4906 1077 4970 eliud
1099 4923 1159 4969 non
1181 4908 1297 4986 paritor.
1341 4905 1500 4966 Processes
1525 4904 1587 4965 hic:
1624 4903 1653 4979 1)
1677 4902 1782 4963 obser·

428 5004 501 5060 vata
521 4997 579 5057 trit
600 5014 619 5057 a
640 4994 811 5059 Ptolemaeo
842 4996 981 5058 distantia
1002 4991 1044 5077 Q
1068 5014 1087 5057 a
1108 4992 1167 5076 Θ,
1201 4994 1234 5073 2)
1256 5002 1324 5072 post
1346 5009 1483 5054 ocmsem
1506 4988 1548 5072 Θ
1578 4990 1718 5050 distantia
1739 4984 1784 5071 Q

432 5105 451 5148 a
481 5083 570 5147 corde
593 5087 633 5164 il,
664 5082 697 5161 3)
720 5083 789 5145 hino
809 5102 863 5161 per
890 5085 1098 5146 correctionem
1127 5083 1166 5144 ob
1193 5089 1306 5142 motum
1327 5074 1369 5160 Q
1393 5079 1541 5140 horarium
1570 5077 1607 5139 ad
1635 5076 1781 5137 observa·

432 5181 495 5234 nrm
516 5173 657 5250 temporis
678 5171 867 5234 intervallum
888 5170 1179 5234 baheterdistantia
1202 5166 1245 5250 Θ
1267 5187 1286 5230 a
1313 5164 1401 5228 corde
1424 5171 1462 5242 tl,
1493 5184 1570 5244 quae
1601 5166 1727 5225 tortasse
1752 5167 1782 5225 in

430 5259 603 5323 Ptolemae
633 5276 693 5321 une
721 5260 900 5338 exprimitur.
944 5259 1021 5338 argo
1052 5256 1085 5340 d)
1106 5276 1158 5338 per
1179 5255 1358 5338 hypothesin
1387 5256 1537 5331 quaeritur
1565 5252 1648 5313 locus
1671 5248 1715 5334 Θ
1744 5253 1782 5315 ab

1525 5357 1575 5415 μ
