4459 6275
818 1700 1228 1835 curruum
1339 1896 1342 1901 ἢ

678 1958 999 2033 astronomiae
1027 1958 1378 2049 Cupernioauee

876 2119 1179 2190 mensuramve.

355 2283 399 2366 die
426 2283 586 2390 principiis
613 2284 826 2366 astronomiae
852 2283 883 2365 in
912 2306 1031 2388 genero
1067 2283 1288 2389 doctrinaeque
1313 2281 1501 2389 sphaericae
1527 2281 1559 2365 in
1585 2284 1706 2388 speeie.

444 2610 527 2689 Quid
554 2618 596 2669 eet
617 2607 837 2670 Armonomio‘i
868 2607 922 2669 Eat
951 2608 1089 2679 scientis,
1124 2623 1228 2687 meses
1251 2602 1368 2668 tradens
1391 2621 1500 2680 eorum,
1524 2622 1599 2683 quac
1622 2604 1709 2668 nobie

353 2701 381 2756 in
405 2696 497 2758 Terra
519 2696 703 2756 vementibus
735 2694 770 2754 de
794 2693 877 2755 coeio
901 2694 1046 2755 cistellis
1068 2702 1211 2773 apparent
1240 2700 1460 2771 temporumque
1490 2688 1708 2754 vicissitudines

353 2787 487 2862 pariunt:
511 2785 618 2860 quibus
640 2785 794 2860 perceptis,
818 2782 892 2843 coeli
915 2778 1029 2856 taciem,
1052 2781 1109 2842 hoc
1132 2791 1176 2842 est
1199 2783 1384 2860 apparentiae
1407 2779 1548 2841 coelestes
1575 2782 1604 2839 in
1625 2781 1707 2841 tutu·

352 2892 416 2933 rum
438 2871 614 2949 praedicere,
638 2874 919 2948 praeteritarumque
943 2878 1021 2930 certa
1044 2874 1175 2946 tempora
1197 2873 1347 2946 assignare
1370 2869 1523 2946 possimus.

447 2959 531 3020 Unde
552 2959 633 3018 dicto
655 2967 697 3016 eet
720 2958 938 3018 astronomici
967 2957 1014 3017 Ab
1036 2967 1191 3036 astrorum,
1215 2957 1244 3017 id
1268 2966 1313 3017 eat
1335 2962 1476 3030 motuum,
1499 2955 1608 3032 quibua
1629 2962 1710 3016 astra

353 3058 519 3120 monentur,
542 3047 608 3123 iege
630 3063 682 3106 seu
705 3047 855 3120 regimine,
880 3053 912 3104 ut
935 3041 1117 3106 Oeconomia
1139 3063 1158 3105 a
1180 3044 1308 3123 regenda
1329 3061 1359 3105 re
1382 3043 1555 3116 domestice,
1589 3043 1708 3106 Paedo-

352 3153 459 3195 nomus
480 3155 499 3195 a
521 3133 656 3210 regendis
679 3135 785 3208 pueris

445 3222 531 3299 Quae
544 3230 586 3282 eet
599 3224 739 3298 conando
752 3222 847 3291 deuius
860 3222 1000 3281 artemiae
1013 3238 1082 3280 eram
1099 3220 1221 3282 merie?
1248 3215 1281 3299 l)
1306 3219 1360 3279 etet
1380 3236 1447 3297 pare
1469 3217 1615 3296 physices,
1638 3220 1708 3295 quia¹

353 3310 474 3385 inquirit
496 3326 600 3369 musas
627 3326 723 3369 rerum
737 3316 767 3369 et
782 3316 940 3369 eventuum
961 3307 1139 3370 naturalium
1162 3315 1191 3370 at
1214 3309 1285 3383 quis
1299 3308 1374 3366 inter
1396 3306 1461 3382 ejus
1483 3306 1620 3383 subiecta
1640 3314 1709 3365 eunt

354 3406 452 3456 motus
476 3413 629 3473 corporum
652 3395 831 3469 coelestium,
854 3403 891 3456 et
906 3395 976 3471 quia
998 3412 1073 3456 unos
1096 3395 1163 3455 finis
1185 3395 1249 3471 ejus
1272 3401 1326 3468 est,
1349 3394 1607 3455 conformationem
1624 3393 1708 3455 aedi·

353 3485 411 3544 ficii
435 3484 576 3544 mundani
598 3486 783 3560 partiumque
805 3483 869 3557 ejus
891 3481 1041 3558 indagare.

446 3570 478 3648 2)
502 3570 706 3652 Gangrnpiriae
729 3580 759 3631 et
781 3569 1017 3647 hydrographiae
1038 3586 1090 3629 seu
1113 3571 1154 3630 rei
1177 3569 1314 3630 nauticae
1332 3561 1432 3630 anima
1455 3575 1500 3629 est
1521 3569 1708 3632 astronomia

354 3660 439 3735 Quae
462 3662 541 3719 enim
561 3659 685 3719 dirersis
708 3666 848 3718 terrarum
878 3658 1039 3734 oceanique
1063 3654 1138 3717 iocis
1168 3663 1199 3717 et
1228 3655 1325 3733 plagis
1352 3655 1469 3716 diversor
1491 3654 1614 3715 coelitus
1636 3672 1709 3718 era·

354 3750 448 3814 niunt,
473 3763 509 3805 ex
529 3746 596 3806 sola
617 3747 796 3805 astronomia
818 3744 1023 3820 dijudicantur.
1433 3746 1443 3776 '

343 3825 345 3830 ’
444 3834 477 3909 3)
507 3833 736 3894 Subordinatam
766 3831 857 3892 habet
886 3831 1119 3907 chronologiam,
1154 3832 1223 3906 quia
1250 3837 1347 3890 motus
1378 3827 1520 3890 coelestes
1550 3828 1709 3905 disponunt

355 3930 490 3997 tempora
513 3936 665 3996 annosque
686 3918 823 3997 politicos
845 3926 875 3979 et
895 3920 1012 3995 signant
1033 3918 1179 3981 historiae.
1768 3953 1773 3958 -

445 4004 483 4089 d)
506 4007 732 4067 Subordinatam
764 4006 855 4066 habet
880 4005 1129 4081 meteorologiem.
1174 4004 1263 4064 Aetna
1288 4005 1365 4064 enirn
1395 4009 1514 4065 mouent
1537 4010 1566 4065 et
1588 4004 1710 4066 incitant

355 4102 492 4155 oraturam
516 4095 703 4155 sublunarem
725 4102 755 4154 et
776 4093 909 4155 nominee
930 4095 1010 4171 ipsus
1033 4090 1260 4169 quodammodo.

448 4180 483 4263 5)
512 4183 722 4260 complectitur
744 4198 881 4258 magnam
902 4189 1014 4258 partem
1037 4182 1164 4259 optines,
1194 4182 1264 4257 quie
1287 4196 1439 4240 commuue
1461 4196 1527 4240 cum
1550 4180 1616 4256 ipsa
1637 4178 1709 4239 snb·

352 4272 465 4344 jectum
492 4270 598 4342 habet,
627 4269 723 4330 lucem
752 4285 903 4346 corporum
926 4268 1110 4342 coelestium,
1142 4276 1173 4330 et
1194 4269 1265 4345 quia
1286 4267 1393 4328 multae
1415 4267 1498 4328 nisus
1520 4265 1711 4343 deceptiones

355 4361 434 4418 cirea
457 4356 557 4417 muudi
581 4366 770 4433 motuumque
793 4358 899 4418 turmas
922 4356 1040 4433 detegit.
1154 4406 1157 4413 ,

446 4442 476 4524 6)
499 4445 606 4505 Subest
621 4454 718 4504 tamen
734 4446 834 4520 generi
857 4443 1128 4505 mathematiearum
1143 4441 1370 4521 disciplinarum,
1394 4448 1423 4501 et
1437 4441 1599 4517 geometria
1620 4449 1709 4518 atque

357 4531 543 4594 arithmetica
564 4550 618 4610 pro
633 4532 749 4592 duabus
770 4532 828 4591 aiis
849 4534 949 4606 utitur,
972 4533 1205 4609 quantitateeet
1217 4531 1328 4607 figuras
1349 4528 1537 4591 considerans
1557 4545 1710 4607 corporum

357 4629 550 4698 motuumque
566 4619 787 4691 mundanorum,
812 4627 841 4678 et
862 4627 994 4696 tempora
1009 4618 1203 4692 dinumerans,
1227 4635 1335 4695 perque
1358 4618 1431 4679 haec
1449 4616 1712 4678 demonstrationes

358 4726 429 4768 suas
452 4707 611 4785 expediens
633 4715 776 4768 ettotam
799 4708 1029 4784 speculationem
1050 4706 1089 4765 od
1111 4723 1196 4765 usum
1218 4723 1271 4767 eeu
1293 4707 1397 4783 praxim
1420 4703 1574 4778 deducens.

449 4796 620 4872 Quotupdea
642 4804 683 4855 eet
704 4798 799 4870 mitur
821 4798 987 4857 aeuonomo'
1009 4812 1085 4854 caera
1107 4794 1303 4871 mannaque?
1336 4793 1440 4856 Partes
1461 4794 1590 4852 muneris
1615 4798 1712 4851 aeuo·

358 4885 467 4941 nomini
483 4884 666 4960 potissimum
682 4885 812 4958 quinque
827 4891 910 4941 eunt:
934 4882 1071 4942 historica
1094 4880 1129 4941 de
1145 4879 1409 4960 observationibus,
1432 4882 1530 4960 optiea
1553 4879 1588 4939 de
1615 4878 1711 4956 hypo-

358 4970 505 5043 thesibus,
536 4970 660 5048 physica
690 4970 726 5030 de
758 4970 855 5029 causis
885 4969 1108 5047 hypothesium,
1138 4968 1323 5030 arithmetica
1344 4966 1380 5028 de
1403 4968 1512 5029 tabulis
1536 4975 1566 5027 et
1588 4965 1710 5039 mleudo,

359 5057 531 5120 mechanica
552 5058 588 5125 de
611 5059 819 5117 instrumentis.

451 5144 608 5223 Quomodo
630 5149 709 5204 inter
729 5162 759 5204 aa
780 5144 947 5222 differrent?
978 5143 1040 5204 Etsi
1062 5142 1144 5204 nulla
1166 5160 1265 5204 eorum
1287 5149 1385 5221 potest
1407 5159 1505 5205 carere
1528 5141 1713 5204 demonstra·
1820 5144 1824 5151 '

359 5234 491 5296 tionibus
512 5233 711 5309 geometricis,
741 5249 817 5310 quae
849 5230 885 5294 ad
917 5230 1058 5296 medriam
1080 5232 1201 5308 fatiunt,
1224 5232 1426 5312 numerisque,
1459 5231 1510 5312 qui
1539 5229 1578 5296 ad
1599 5230 1712 5313 prante,
