4459 6275
897 764 982 821 arur
999 766 1124 847 sunm.¹
1147 767 1217 823 nm
1233 733 1364 823 nuuc
1731 775 1832 837 eoo·
1898 792 1900 797 ⁴

437 941 610 1003 sensibilem
631 942 745 1003 obtinet
767 943 1027 1018 eecentricitatem,
1053 942 1218 1004 Mercurius
1240 946 1371 1006 omnium
1393 946 1552 1006 maximam
1582 953 1613 1007 st
1633 946 1795 1010 evidentis·
1819 984 1825 994 ·

438 1031 554 1089 simam.
599 1026 631 1108 2)
654 1028 733 1106 Quia
755 1030 899 1090 Venerem
922 1031 999 1091 eirca
1021 1022 1130 1108 sphetu
1152 1031 1250 1092 locum
1272 1028 1337 1113 (seu
1358 1035 1388 1092 iu
1417 1032 1462 1107 l,
1486 1034 1537 1114 ᾗ,
1570 1043 1624 1098 m
1649 1034 1796 1098 incidente

437 1115 518 1175 linea
544 1135 581 1177 ex
604 1117 673 1177 Sole
699 1134 752 1195 per
773 1115 866 1198 sidus)
889 1117 1077 1180 observatam
1106 1135 1165 1178 uon
1194 1119 1409 1197 adscripserunt
1436 1127 1566 1193 veteres,
1595 1123 1626 1180 in
1649 1121 1795 1184 Mercurio

436 1203 539 1279 piures
561 1213 598 1264 et*
613 1204 825 1265 commodiores
845 1205 966 1285 relictae
988 1213 1057 1266 sunt
1079 1206 1311 1268 obseruationes.
1358 1209 1395 1290 3)
1419 1200 1505 1283 Qnia'
1526 1207 1640 1269 theoria
1662 1209 1741 1271 Soiis
1764 1212 1794 1270 iu

436 1294 620 1353 astronomia
642 1295 734 1353 veteri
756 1309 814 1353 noo
836 1301 916 1353 earet
939 1297 1042 1355 erroris
1063 1295 1231 1370 suspicione
1261 1294 1607 1372 circaapogasiiocum
1637 1303 1668 1356 et
1689 1314 1796 1358 eccen-

436 1379 575 1440 tricitutis
598 1382 808 1456 quantitatem
835 1389 867 1442 at
888 1397 960 1441 vere
982 1388 1117 1442 vetustae
1141 1381 1264 1442 Veneris
1286 1389 1316 1441 et
1338 1380 1476 1451 Mercurii
1503 1380 1707 1474 elongationes
1729 1402 1795 1446 ma·
1808 1372 1829 1440 T·
1870 1460 1873 1466 Ι

435 1467 536 1526 rimas
563 1468 626 1528 sine
654 1470 819 1545 cognitione
849 1470 911 1527 reri
939 1466 997 1528 ioci
1021 1467 1098 1529 Solis
1128 1466 1168 1526 ad
1190 1467 1243 1528 illa
1265 1476 1397 1548 tempora
1422 1473 1583 1531 mensurari
1610 1465 1713 1532 exacte
1734 1488 1793 1533 non
1831 1527 1834 1533 .

391 1622 393 1627 ¹
436 1561 572 1630 possum,
597 1556 700 1616 vitium
723 1571 792 1616 vero
815 1555 884 1617 hinc
906 1562 1000 1615 ortum
1022 1563 1109 1641 nocet
1130 1572 1241 1632 parrae
1264 1557 1388 1661 Veneris
1414 1559 1640 1635 secentricitut13
1669 1574 1728 1619 nou
1750 1559 1838 1622 ιιιῖ·

435 1646 526 1701 noeet
547 1659 671 1719 magnae
692 1642 890 1704 Mercurii.
1809 1663 1811 1668 ’

526 1746 612 1807 Num
634 1755 736 1809 tumen
758 1756 787 1808 et
808 1755 918 1808 veteres
938 1742 1161 1827 n'sbotfeeerunt
1182 1744 1249 1809 loen
1264 1749 1455 1826 opintiorum
1469 1748 1581 1810 bonam
1594 1743 1799 1828 pioaetorrsm'

436 1840 466 1893 et
489 1848 553 1910 qno
575 1835 634 1895 re?
675 1834 749 1895 Cum
778 1842 893 1896 veteres
921 1835 1005 1910 illos,
1039 1854 1113 1913 quos
1139 1835 1187 1896 hic
1209 1834 1393 1914 appellamus
1420 1836 1613 1912 eeeontricos,
1644 1837 1793 1917 epinycios

436 1919 604 1999 appellatos
627 1923 789 2000 aequaliter
811 1924 888 1984 eirca
909 1930 1035 2001 puncta,
1066 1922 1163 1984 medio
1186 1921 1265 1983 Solis
1287 1923 1353 1985 ioco
1385 1923 1605 2001 respondentia,
1635 1923 1793 1986 ordinare-

436 2011 510 2082 rint,
541 2010 593 2086 qni
614 2016 712 2070 tamen
735 2019 764 2072 et
786 2011 863 2071 cirea
885 2008 937 2070 illa
958 2019 1069 2088 puncta
1084 2017 1121 2072 et
1142 2012 1219 2070 cirea
1241 2012 1337 2090 ipsum
1365 2027 1468 2071 rerum
1489 2009 1587 2072 iocum
1610 2008 1689 2072 Solis
1711 2011 1793 2073 ordi-

435 2089 528 2155 nandi
550 2097 666 2158 morunt
686 2097 891 2175 inaequalibus
913 2097 1088 2179 intervallis,
1120 2106 1156 2158 e'x
1179 2098 1249 2158 orbe
1272 2114 1350 2161 vero·
1366 2112 1474 2174 magno
1497 2098 1600 2171 unico,
1630 2101 1680 2178 qui
1704 2101 1792 2161 etiam
1859 2142 1861 2146 -

437 2185 618 2245 eecentricus
647 2192 692 2246 est
713 2201 733 2245 ι
754 2185 849 2260 8ο1ι,Ι
873 2183 947 2245 duos
970 2176 1090 2245 iecerint
1121 2187 1298 2246 cecsutricos
1321 2186 1504 2246 interiorum.
1519 2185 1636 2246 iactum
1667 2194 1729 2260 est,
1761 2193 1794 2247 ut

435 2277 562 2347 utraque
585 2273 794 2346 secentricitas,
817 2280 878 2333 tam
901 2273 979 2332 orbis
1001 2273 1117 2350 magni,
1146 2288 1234 2349 qnam
1257 2274 1410 2334 eecenuici
1433 2272 1569 2350 planetae
1591 2272 1689 2355 (nobis
1711 2230 1793 2354 dicti)
1907 2343 1909 2347 ¹

436 2356 714 2434 contunderentur
704 2378 735 2419 ro
758 2362 938 2421 astronomia
960 2354 1056 2421 reteri
1075 2361 1105 2418 in
1128 2373 1226 2434 unam,
1249 2361 1341 2437 cujus
1356 2361 1500 2438 respectu
1506 2358 1695 2420 Ptolemaeus
1717 2378 1794 2439 apo·

434 2450 543 2520 gaenon
566 2445 721 2507 Veneris
712 2463 742 2506 m
766 2444 823 2506 25⁰
851 2446 880 2521 ὅ
911 2443 1067 2526 prodidit,
1085 2445 1253 2508 Mercurii
1245 2464 1275 2506 ιιι
1301 2443 1435 2518 100,
1382 2449 1456 2486 “²⁶
1447 2447 1513 2522 ,in
1536 2448 1581 2509 his
1609 2448 1698 2523 igitur
1719 2447 1794 2508 iocis

422 2530 529 2591 intent
557 2535 683 2610 vestigia
711 2533 892 2613 apbeiiorum
922 2540 1096 2595 nostrorum.
1147 2533 1222 2593 Nam
1253 2535 1334 2615 quia.
1351 2535 1553 2601 eecentricitas
1582 2535 1661 2595 orbis
1693 2532 1793 2612 magni

433 2618 530 2687 mutto
554 2621 648 2698 major
669 2625 714 2682 est
735 2621 949 2683 eccentricitate
971 2621 1109 2695 Veneris,
1139 2619 1205 2682 ideo
1228 2624 1349 2683 veteres
1371 2636 1537 2700 apogaeum
1560 2621 1684 2683 Veneris
1706 2622 1793 2683 iare·

434 2713 543 2767 uernat
564 2707 658 2769 multo
680 2709 800 2788 propios
822 2718 957 2788 apogaeo
980 2707 1074 2781 Solis,
1098 2716 1169 2769 tuuc
1190 2706 1228 2767 ιιι
1245 2705 1301 2775 10⁰
1325 2710 1365 2785 Π
1389 2710 1532 2784 vementi,
1562 2725 1651 2787 quarn
1674 2707 1793 2789 spireiio

435 2793 570 2868 Veneris,
593 2799 623 2854 in
648 2797 685 2878 ᾗ
712 2798 856 2871 versanti,
880 2797 955 2857 inter
976 2802 1132 2872 utrumque
1154 2802 1267 2870 tamen,
1291 2796 1376 2873 quia,
1403 2803 1437 2856 ut
1460 2795 1535 2870 dixi,
1566 2794 1706 2858 confusae
1727 2795 1794 2857 fue·

435 2887 504 2941 rant
524 2883 554 2941 in
579 2898 666 2944 unam
689 2882 765 2946 duae
787 2884 1027 2945 eccentricitatcs.
1072 2882 1212 2943 Vicissim
1236 2885 1307 2960 qnia
1325 2873 1525 2948 eeeeutricitas
1541 2884 1678 2945 Mercurii
1700 2883 1793 2944 multo

434 2969 532 3074 major
554 2976 602 3031 est
623 2971 836 3032 eceentrioitate
860 2968 939 3031 orbis
961 2972 1075 3048 magni,
1099 2969 1168 3031 ideo
1190 2970 1329 3031 Mercurii
1351 2984 1533 3049 apogaeum,
1564 2973 1672 3032 veteris
1695 2968 1793 3032 astro-

434 3056 554 3118 nomiae
577 3060 739 3119 intentione
761 3059 964 3134 constitutum,
995 3057 1088 3118 muito
1117 3060 1239 3135 propius
1262 3058 1414 3119 inventum
1442 3066 1488 3121 est
1509 3056 1629 3136 aphalio
1651 3058 1790 3120 Mercurii

436 3147 469 3203 iu
493 3142 529 3204 4⁰
553 3149 593 3226 ιη
615 3147 766 3222 existenti,
797 3143 1149 3225 qnamapogaeoSolis
1176 3143 1350 3222 in10⁰fl
1373 3145 1517 3222 vementi,
1548 3163 1663 3207 rursum
1693 3153 1793 3225 tamen

436 3235 514 3293 inter
539 3239 694 3312 utrumqne
723 3242 842 3313 propter
870 3236 1005 3296 contusas
1033 3234 1273 3295 eccentricitutes
1321 3233 1453 3295 Aitemm
1483 3241 1704 3312 argumentum,
1734 3251 1793 3312 quo
1918 3238 1921 3244 '

435 3319 626 3404 Ptolemaeus
655 3322 853 3395 convincitur,
885 3322 1058 3384 observasse
1087 3319 1236 3399 spicyoios
1264 3327 1334 3382 snos
1364 3341 1389 3382 a
1409 3329 1548 3426 suscepto
1579 3320 1792 3384 mediocritatis

436 3397 548 3486 puncto
571 3412 761 3484 eecentricos,
785 3407 853 3469 ride
875 3408 980 3470 inira
970 3427 1000 3468 ιιι
1024 3405 1187 3471 latitudine.
1285 3407 1288 3416 '

529 3495 657 3573 (Μία
680 3501 722 3557 ⁰⁸²
743 3489 945 3558 mimmius
966 3497 1160 3576 inseruerunt,
1183 3501 1212 3555 ιι
1232 3511 1311 3571 qrtue
1332 3494 1454 3556 orbium
1476 3493 1633 3571 dimensio,
1655 3511 1795 3558 eommu-
1884 3471 1908 3526 .'

436 3583 490 3642 nis
512 3599 582 3643 cnm
604 3583 675 3645 orbe
695 3583 860 3663 magno?
876 3581 963 3645 Hanc
985 3599 1103 3662 quoqne
1127 3591 1213 3645 retus
1236 3584 1352 3659 ignoret
1367 3585 1555 3654 astronomia,
1578 3582 1653 3644 adeo
1673 3591 1707 3644 nt
1728 3600 1796 3645 cum

437 3670 526 3729 trium
548 3673 730 3747 superiorum
754 3672 839 3733 orbes
862 3680 892 3732 et
914 3671 1044 3751 epicyios
1066 3677 1164 3731 tantos
1185 3671 1284 3743 iaciat,
1309 3673 1450 3748 qu'antnm
1464 3670 1560 3748 poscit
1580 3670 1656 3730 ratio
1672 3669 1794 3733 rnecira·

437 3760 515 3831 nica,
538 3760 693 3836 contiguas
715 3758 845 3820 theorias
867 3764 982 3820 struens
1005 3760 1127 3837 (quippe
1150 3774 1264 3817 sursum
1279 3755 1329 3823 iili
1352 3755 1425 3817 nihii
1444 3759 1588 3832 obstante,
1613 3757 1666 3819 sed
1690 3753 1804 3834 libero,

436 3860 593 3922 quousque
614 3846 705 3921 lubet,
727 3847 846 3908 aethere
868 3846 1014 3924 patente),
1033 3846 1097 3923 jam
1121 3846 1195 3903 infra
1209 3843 1308 3905 Soiern
1331 3842 1414 3905 locus
1436 3844 1514 3905 hunc
1534 3847 1609 3905 inter
1630 3850 1661 3906 et
1675 3842 1791 3906 Lunam
1837 3911 1840 3918 ,

434 3948 496 3992 non
519 3932 645 3994 sniticiat
667 3933 850 4012 recipiendis,
874 3949 948 4010 quos
972 3941 1057 3994 retus
1080 3931 1261 3993 astronomia
1281 3929 1328 3990 bis
1351 3931 1535 3993 interioribus
1557 3928 1681 4010 affingit,
1708 3932 1790 3991 orbi·

436 4021 510 4096 bus,
533 4025 629 4080 stante
653 4020 771 4097 quidem
794 4020 974 4080 dimensione
998 4020 1110 4081 orbium
1134 4018 1229 4093 Solis,
1257 4035 1345 4095 quam
1368 4018 1411 4077 iiii
1433 4017 1622 4081 tradidemnt
1669 4017 1709 4078 tt
1731 4017 1794 4080 (io-

435 4108 598 4186 ponticano
620 4111 799 4169 ιιιιοιιοιιιιι
820 4110 1023 4187 proportiones
1045 4106 1100 4167 bes
1121 4106 1234 4185 prodite

435 4219 518 4279 Orbis
537 4224 627 4293 magni
640 4231 767 4296 utsupra
778 4226 842 4281 dist.
854 4223 965 4297 aphelia
980 4225 1082 4282 101800
1116 4222 1322 4288 Eceentricitas,
1341 4221 1461 4337 qualium
1473 4222 1673 4280 semidiameter
1690 4224 1795 4283 100000

435 4300 593 4357 Mediocris
622 4341 938 4361 ........
975 4304 1079 4361 100000
1114 4340 1654 4360 .............
1725 4304 1795 4363 1800

434 4377 576 4437 Ριιιιιιιιι
624 4422 631 4435 .
670 4401 696 4433 .’
719 4422 940 4441 ......
994 4379 1092 4437 08200

434 4459 552 4517 Veneris
569 4457 678 4530 npbeiia
717 4499 938 4518 ......
989 4458 1079 4516 72000
1506 4507 1509 4514 .
1575 4505 1579 4516 .

434 4537 586 4596 Mediocris
621 4573 891 4597 .......
923 4558 934 4594 ’.
988 4538 1076 4594 72400
1111 4577 1653 4598 .............
1689 4566 1712 4597 >,
1740 4540 1799 4607 bit.

437 4616 576 4675 Peribelia
623 4655 936 4676 ........
989 4614 1078 4672 71000
1276 4620 1281 4653 r
1806 4664 1809 4669 .
1883 4621 1886 4628 ·

437 4696 568 4755 Mercurii
584 4695 694 4767 aphelis
711 4733 897 4753 .....
904 4734 940 4763 ,.
992 4685 1079 4751 teoto
1336 4714 1340 4723 ·
1533 4712 1554 4746 ·.
1688 4720 1696 4773 2·
1832 4767 1833 4771 Ἰ

436 4776 586 4840 Μθᾱιθβῐιῧ
622 4810 939 4834 00000000
992 4773 1354 4842 meon-ss
1380 4814 1668 4840 ········
1706 4778 1793 4856 mm

437 4854 575 4912 Peribelia
626 4891 940 4913 ........
992 4852 1098 4909 30857
1351 4868 1355 4878 ·
1534 4865 1538 4873 ’
1809 4891 1812 4898 -

529 4963 717 5041 Gopemieus
738 4971 843 5025 tamen
864 4967 928 5040 ipre
949 4965 1042 5023 etiam
1066 4964 1172 5041 piures
1193 4964 1279 5025 orbes
1306 4966 1341 5023 ιιι
1362 4932 1560 5041 inferioribus
1580 4952 1712 5044 tramit,
1734 4931 1803 5032 ude*
1908 5025 1911 5032 ,

434 5056 512 5130 jecto
549 5056 640 5112 ιιιαιιι
673 5060 808 5114 cocenim
848 5055 983 5113 ecoentrt.
1037 5045 1071 5110 iri
1094 5051 1153 5114 ,ilii
1185 5048 1298 5111 'accidit
1341 5059 1457 5129 propter
1491 5053 1654 5130 ignoratam
1691 5064 1792 5113 reram

439 5140 922 5216 orbismagnieocsntricitatsm,
945 5138 1125 5217 quodenset
1146 5138 1250 5199 saitem
1274 5138 1395 5210 dimidia
1417 5139 1496 5216 ejus,
1529 5142 1702 5217 qnamipss
1724 5155 1790 5199 cum

440 5229 591 5289 vmutbns
612 5226 750 5304 usiidtt,
779 5225 926 5313 'reliquum
945 5227 1098 5307 perficeret
1119 5233 1260 5307 aequans.
1304 5225 1422 5302 Quinto
1443 5228 1533 5306 igitur
1559 5226 1638 5293 ultra
1654 5218 1802 5330 ιιιιιιιιιιι·
