4459 6275
362 764 364 773 '
434 771 498 831 aot
928 767 1071 837 Epitomas
1089 765 1280 831 astronomiae

434 941 525 1021 vulgo
547 945 701 1021 imponunt
724 943 880 1019 circellum,
904 947 1024 1006 minutis
1046 962 1136 1005 unum
1158 944 1282 1020 apicem,
1305 943 1442 1006 secundis
1465 943 1539 1006 duos
1564 950 1596 1006 ει
1617 947 1661 1005 sle
1684 954 1788 1007 εοειι·

433 1037 565 1108 quanter.
610 1031 644 1090 ln
666 1031 724 1093 hoe
745 1029 844 1092 libello
868 1049 973 1093 nomen
997 1035 1098 1109 partis,
1121 1031 1230 1108 gradus
1252 1031 1301 1092 vel
1324 1035 1477 1109 temporis,
1502 1034 1545 1092 sic
1566 1034 1672 1092 minuti
1694 1034 1789 1111 primi,

433 1118 555 1179 secundi
579 1127 633 1180 etc.
660 1118 708 1179 rel
732 1121 876 1195 integrum
891 1121 939 1180 vel
953 1121 1158 1181 abbreviatum
1182 1121 1209 1178 in
1233 1121 1326 1195 prima
1349 1120 1434 1180 litera
1455 1118 1519 1200 (ubi
1537 1118 1662 1197 quidem
1685 1120 1791 1181 desunt

433 1205 545 1283 spicea)
568 1209 733 1283 promiscue
756 1206 805 1266 rel
818 1211 1008 1285 praeponitur
1031 1207 1077 1266 rel
1094 1207 1289 1297 postponitur.
1337 1204 1449 1281 Quodsi
1466 1207 1496 1266 id
1518 1224 1578 1267 non
1592 1208 1655 1283 liat,
1679 1209 1790 1269 numeri

433 1311 469 1354 cx
492 1293 592 1354 ordine
615 1292 796 1355 discernendi
820 1304 896 1368 sunt,
921 1306 950 1355 ει
972 1297 1139 1371 qrri¹primo
1162 1294 1228 1355 loeo
1254 1295 1301 1355 vel
1324 1295 1447 1354 solitarii
1470 1304 1635 1372 ponuntur,
1667 1311 1724 1372 pro
1746 1296 1791 1355 iu·

434 1383 523 1458 tegrin
545 1380 685 1455 habendi,
709 1384 759 1458 qui
782 1383 921 1453 secundo,
946 1401 998 1461 pro
1022 1385 1144 1442 minutis
1167 1383 1277 1460 primis,
1302 1385 1350 1458 qrri
1376 1384 1471 1456 tertio,
1494 1398 1546 1459 pro
1568 1382 1722 1443 aecuudis.

523 1468 626 1545 Quam
646 1469 736 1529 babet
757 1488 883 1529 causam
898 1471 971 1530 bace
985 1470 1092 1530 divisio
1114 1470 1338 1546 aecepenarie?
1361 1468 1479 1528 Nullam
1502 1486 1599 1547 neque
1623 1470 1790 1531 naturalem

433 1573 470 1616 ex
492 1565 590 1627 urotu,
622 1574 717 1633 usque
739 1557 911 1618 rationalem
934 1559 1156 1635 geometricam,
1188 1564 1350 1617 ornatura
1378 1556 1478 1616 circuli
1509 1555 1685 1635 deductam,
1715 1574 1791 1635 quaa

433 1643 551 1719 quidem
579 1661 678 1703 arcum
708 1644 855 1703 tantillum
886 1663 939 1722 per
964 1662 997 1703 εε
1028 1647 1152 1705 attineat
1161 1662 1169 1722 3
1202 1643 1255 1703 scd
1287 1643 1382 1704 solum
1413 1644 1638 1705 arithmeticam.
1684 1644 1792 1705 Nullus

434 1733 511 1791 euim
539 1738 584 1791 εει
614 1748 752 1791 uumerus
783 1735 859 1792 intra
888 1734 1101 1802 centenarium,
1134 1735 1184 1807 qui
1212 1731 1310 1807 plures
1339 1731 1447 1790 lrabeat
1479 1740 1580 1809 partes
1610 1730 1790 1809 multiplicas

433 1834 528 1894 eoque
555 1816 593 1878 sd
623 1818 806 1878 tractandum
836 1821 875 1879 ait
897 1822 1007 1897 aptior,
1038 1826 1140 1896 utpote
1169 1820 1219 1894 qui
1243 1818 1332 1879 habet
1360 1826 1458 1894 partes
1484 1822 1561 1879 60⁸¹n
1582 1816 1646 1898 (1),
1677 1822 1793 1881 tricasi-

436 1923 513 1965 mam
536 1903 599 1987 (2),
633 1909 801 1966 vicesimam
825 1906 887 1984 (3),
920 1906 1135 1984 quindecimam
1157 1905 1217 1986 (4),
1251 1905 1454 1966 duodecimam
1478 1903 1536 1985 (5),
1569 1905 1718 1967 decimam
1742 1906 1794 1985 (6),

433 2000 546 2053 sextam
569 1990 644 2073 (10),
668 1996 799 2069 quintam
822 1993 895 2073 (12),
919 2003 1053 2072 quartam
1068 1992 1143 2074 (15),
1167 1995 1282 2052 tertiam
1300 1989 1386 2074 (20),
1410 1993 1560 2052 dimidiam
1577 1994 1655 2070 (30).
1698 1992 1793 2065 aeda

434 2080 513 2157 quod
536 2080 644 2140 divisio
668 2081 741 2141 haec
764 2090 807 2140 est
831 2092 958 2157 cognata
979 2085 1067 2158 priori
1091 2080 1190 2140 circuli
1213 2083 1304 2139 totius
1328 2082 1357 2138 in
1380 2090 1479 2156 partes
1495 2084 1575 2156 3603
1600 2098 1669 2141 nam
1694 2084 1722 2141 si
1737 2082 1795 2143 eir·

434 2166 518 2227 culus
546 2167 694 2227 dividatur
724 2169 902 2244 sexangulo,
940 2186 1015 2245 quae
1050 2168 1157 2228 divisio
1190 2177 1235 2226 est
1267 2168 1500 2243 expeditissima,
1538 2185 1575 2229 eo
1607 2168 1690 2245 quod
1718 2168 1795 2229 latas

434 2254 588 2330 sexanguli
611 2262 718 2331 aequet
741 2255 862 2330 radium,
886 2256 1020 2333 idemque
1038 2258 1172 2328 circinus,
1196 2256 1248 2331 qui
1270 2254 1409 2314 circulum
1426 2254 1589 2332 descripsit,
1614 2259 1707 2316 etiam
1722 2272 1796 2317 cun·

435 2342 502 2402 dem
525 2341 651 2402 dividat:
682 2350 751 2403 tunc
782 2346 832 2401 uui
866 2352 966 2404 sextae
999 2346 1118 2403 veniunt
1147 2341 1255 2419 gradus
1285 2341 1382 2403 decies
1405 2359 1474 2415 sex,
1504 2343 1602 2402 idest
1626 2345 1801 2421 sonegium·

436 2429 512 2490 unde
535 2432 623 2490 etiarn
655 2438 739 2489 sexta
766 2449 835 2506 pars
865 2432 965 2492 circuli
995 2447 1142 2505 sexagena
1172 2429 1287 2489 dieitur.
1333 2428 1519 2491 corrueniens
1549 2431 1639 2506 igitur
1668 2439 1733 2503 εει,
1761 2440 1795 2511 ut

435 2517 543 2593 padus
566 2535 642 2577 unus
664 2516 699 2577 de
723 2521 877 2595 sexaginta
901 2521 988 2578 etiam
1013 2521 1041 2575 in
1064 2516 1202 2594 scrupula
1224 2517 1313 2576 abeat
1334 2518 1489 2592 sexaginta
1519 2526 1549 2576 ει
1576 2519 1620 2577 sic
1643 2516 1795 2595 deinceps.

436 2606 510 2664 Nam
533 2606 559 2664 si
582 2607 805 2681 interrumpatur
832 2609 970 2666 contiuua
992 2607 1142 2682 proportio
1164 2604 1415 2676 subdivisionum,
1446 2612 1479 2662 ut
1509 2607 1537 2661 iu
1568 2622 1598 2665 re
1622 2606 1796 2677 nummaria,

434 2692 520 2752 labor
550 2691 739 2769 computandi
769 2701 887 2770 propter
915 2694 1096 2754 necessarias
1125 2692 1320 2750 resolutiones
1343 2694 1522 2767 integrorum
1546 2692 1575 2749 in
1599 2698 1718 2768 partes,
1746 2698 1798 2751 ant

435 2779 617 2841 redactioues
639 2782 766 2856 partium
790 2781 828 2840 ad
852 2783 1026 2858 integram
1050 2783 1221 2838 immensum
1245 2785 1377 2855 augetur.

749 2920 803 2981 Ι)ε
831 2921 1045 2981 Diuisione
1075 2916 1234 2977 zodiaci
1268 2919 1305 2973 in
1336 2919 1471 2994 specie.

526 3040 644 3118 Quibus
674 3043 850 3101 nominibus
880 3060 900 3099 cr
929 3058 958 3099 se
989 3044 1117 3099 inuicem
1141 3040 1358 3098 discernuntur
1378 3047 1483 3113 partes
1510 3038 1724 3099 duodecem-iac
1743 3056 1797 3101 κει

436 3128 679 3190 dodecatcmoria
702 3129 818 3190 zodiaci
841 3129 1009 3206 aequalia?
1032 3127 1094 3188 Usu
1118 3134 1267 3204 receptum
1290 3144 1348 3185 non
1372 3135 1426 3200 est,
1450 3136 1482 3186 nt
1506 3126 1557 3187 ille
1579 3129 1712 3187 numeris
1735 3125 1797 3188 dit·

436 3234 586 3277 cernamus
610 3219 639 3274 in
663 3235 795 3278 sermone
814 3217 936 3292 vulgari,
961 3219 1017 3275 nisi
1040 3215 1159 3292 quando
1175 3217 1422 3290 computationem
1446 3217 1628 3275 instituimus
1642 3223 1795 3288 motuum

437 3303 488 3363 sed
512 3303 640 3363 solemus
664 3306 721 3363 illis
745 3307 864 3364 nomina
887 3304 985 3362 indere
1006 3323 1023 3361 a
1047 3302 1338 3374 constellationibus,
1364 3320 1440 3377 quire
1464 3305 1492 3359 in
1518 3302 1575 3361 illis
1598 3303 1797 3362 invenieban-

438 3398 486 3449 tur
507 3400 637 3467 tempore
661 3392 728 3462 illo,
760 3410 817 3468 quo
840 3388 925 3468 primi
949 3394 1147 3450 astronomiae
1170 3392 1336 3448 inventores
1360 3390 1535 3463 deruerunt,
1565 3399 1595 3448 ut
1619 3408 1712 3466 supra
1735 3389 1797 3450 die·

437 3487 507 3535 tum.
553 3479 756 3554 Dicunturque
780 3481 925 3538 communi
947 3481 1064 3538 nomine
1086 3482 1191 3552 apua,
1223 3494 1280 3534 non
1304 3479 1400 3535 minus
1424 3495 1512 3552 qrram
1535 3479 1618 3552 ipsae
1642 3478 1799 3554 imagines,

437 3583 489 3641 per
511 3565 584 3625 lixas
607 3565 806 3627 adumbratae.

525 3653 647 3729 Erpoue
672 3654 758 3712 bodie
785 3672 846 3712 nou
874 3653 1009 3726 amplius
1031 3654 1232 3709 inueniuntur
1254 3651 1327 3707 icrcc
1348 3655 1436 3725 sipnu
1458 3668 1510 3708 seu
1541 3651 1799 3724 confipuratr'om

435 3741 571 3814 ficorum
604 3743 637 3799 in
667 3744 730 3799 suia
760 3741 1005 3800 dodccutcmoriis
1033 3757 1052 3796 a
1081 3755 1110 3795 se
1140 3737 1367 3795 derromr'netis?
1402 3737 1496 3795 llodie
1529 3738 1588 3796 iere
1620 3741 1799 3799 transierunt

438 3830 577 3903 imagines
606 3845 657 3904 per
686 3828 760 3886 lixas
791 3828 937 3887 dclinntae
967 3829 996 3883 in
1027 3824 1263 3884 dodecatcmerie
1291 3827 1459 3899 sequeutia.
1492 3824 1675 3899 reliquerunt
1699 3836 1797 3886 tamen

438 3918 567 3994 pristinis
590 3917 653 3973 suis
675 3914 795 3973 sedibus
818 3934 869 3973 scu
894 3914 1138 3972 dodecutemoriis
1161 3928 1217 3969 sua
1240 3914 1367 3969 nomina.

524 4003 748 4063 Existimabam
772 4011 885 4078 aretem,
908 4003 1091 4075 eclipticum,
1124 4001 1212 4068 cujus
1231 4007 1335 4073 partes
1356 4006 1428 4057 sunt
1450 3997 1715 4070 clodecaimmia,
1743 3997 1799 4058 ruo

435 4093 502 4167 flers
524 4109 588 4152 uon
611 4093 735 4160 mor-cri,
758 4091 810 4146 sed
827 4097 976 4165 perpetuo
1001 4087 1102 4144 iiulcrn
1128 4087 1293 4144 irideerere.
1334 4085 1472 4160 lligrutio
1496 4087 1553 4144 ista
1576 4088 1741 4161 imaginum
1763 4101 1799 4146 ax

435 4180 496 4237 suis
511 4178 753 4238 dodecatemoriis
769 4195 826 4235 non
843 4178 874 4234 iit
890 4186 970 4234 rnatu
989 4173 1152 4248 eclipticas.
1176 4172 1228 4231 sed
1243 4187 1396 4248 accpuator,
1420 4174 1459 4230 uti
1485 4172 1595 4231 dictum
1612 4184 1667 4242 est,
1692 4175 1800 4250 migrat

436 4265 472 4324 de
497 4282 554 4323 uno
579 4265 643 4324 loco
667 4267 789 4323 finarum
815 4267 842 4321 iu
866 4264 972 4334 alium,
1000 4263 1098 4334 itaque
1121 4260 1187 4318 aliis
1211 4271 1299 4334 atque
1322 4261 1388 4318 aliis
1412 4259 1484 4317 locis
1508 4271 1588 4318 secat
1612 4259 1800 4336 eclipticam

436 4351 578 4411 translate
602 4368 670 4410 nero
693 4355 832 4424 sectione,
858 4361 959 4428 utpote
982 4349 1124 4423 principio
1149 4351 1366 4418 numerationis,
1392 4351 1419 4403 in
1443 4347 1666 4422 praecedentia,
1700 4359 1800 4408 uana-

439 4441 569 4498 teruntur
593 4442 680 4499 ctiam
705 4438 940 4498 dodecatemoria
965 4436 1046 4495 velut
1070 4434 1185 4493 articuli
1208 4437 1417 4494 rurmcrutionis
1440 4437 1468 4490 in
1492 4435 1713 4509 praccedentia,
1740 4445 1800 4494 ιω

438 4530 466 4582 in
490 4526 625 4602 ecliptica
649 4545 736 4602 quem
762 4530 791 4585 in
815 4525 897 4582 suris:
931 4528 1029 4599 itaque
1062 4525 1205 4595 imagines
1230 4523 1376 4581 transferri
1400 4524 1428 4577 iu
1452 4525 1666 4597 eorrsequentia
1694 4521 1800 4582 riden-

438 4621 493 4672 tur.
540 4617 655 4673 t'nusae
680 4615 922 4689 transpositarum
946 4614 1107 4669 sectionum
1125 4610 1270 4669 habentur
1294 4609 1367 4666 libra
1383 4609 1436 4666 111.
1462 4620 1545 4683 prurte
1563 4609 1600 4666 Υ.
1625 4619 1655 4669 ει
1680 4610 1800 4670 inierim

437 4719 472 4761 ex
496 4702 625 4760 motibus
649 4699 843 4759 scerrndnrum
868 4698 1029 4766 mobilium,
1054 4700 1209 4773 praecipue
1235 4697 1308 4755 libro
1334 4696 1400 4753 l'll.

527 4789 603 4847 Cum
627 4790 798 4862 plurimum
824 4793 1008 4860 occupentur
1031 4802 1090 4842 non
1117 4789 1284 4843 astronomi
1300 4793 1431 4848 turrtunr,
1453 4783 1504 4840 scd
1526 4788 1618 4842 etiam
1639 4788 1801 4860 scriptam

437 4877 492 4934 alii
515 4881 596 4934 circu
618 4879 716 4948 signin,
739 4882 810 4948 opum
835 4873 931 4930 modis
954 4871 1007 4928 illu
1029 4871 1124 4928 soleret
1146 4871 1315 4944 distinqui?
1350 4872 1538 4929 Potissimum
1571 4874 1706 4946 quinque
1734 4889 1799 4930 ιιιε·

437 4965 498 5021 dis:
525 4963 617 5020 tribus
641 4960 758 5035 quidem
782 4969 899 5036 propter
922 4959 1079 5016 sectionem
1104 4957 1256 5030 eclipticas
1281 4976 1345 5016 cum
1369 4969 1528 5032 scortatore
1552 4969 1580 5016 et
1604 4958 1725 5031 coluris,
1750 4958 1798 5019 nbi

438 5053 577 5121 centiens
611 5049 790 5106 constituunt
822 5064 909 5104 unam
943 5044 1081 5102 classem.
1112 5044 1226 5102 dnobus
1257 5063 1326 5102 vero
1350 5045 1459 5106 rrrodis.
1493 5047 1543 5103 rrbi
1568 5045 1721 5118 disjuncta
1740 5048 1798 5106 ritu

439 5136 610 5215 rediguntur
632 5136 661 5190 iu
686 5151 773 5191 ιιιιιιιιι
799 5134 931 5201 classem,
956 5149 1006 5206 per
1031 5132 1247 5207 inscriptionem
1270 5132 1380 5205 figrrrae
1405 5136 1433 5189 in
1457 5133 1607 5191 circulum.

526 5227 550 5282 1.
583 5221 741 5298 Quomodo
762 5222 995 5298 diatinpuuntur
1025 5219 1077 5276 illa
1098 5223 1204 5294 cipue,
1237 5237 1289 5278 scu
1312 5223 1378 5294 ipae
1401 5221 1537 5296 ecliptica
1568 5238 1626 5296 per
1648 5221 1797 5282 circulum
