4459 6275
448 783 489 840 46
839 775 981 845 Epistulae
1000 775 1111 846 chleri
1129 776 1298 846 altorumque
1315 782 1426 831 mrrtuae
1513 753 1516 759 Ι

447 963 477 1015 ct
499 971 551 1032 per
573 957 790 1033 proportionem
813 951 856 1035 Θ
879 946 968 1031 Q‘ad
990 952 1032 1035 Θ
1056 954 1081 1035 ὅ
1105 955 1223 1015 limatur
1253 958 1316 1015 sinc
1348 957 1427 1013 omui
1455 956 1592 1035 negotio,
1624 960 1658 1012 ut
1678 952 1810 1014 secunda

447 1040 495 1102 vel
528 1046 615 1103 tertia
648 1045 826 1104 comotione
855 1044 1009 1120 positionis
1044 1051 1129 1103 exeat
1160 1045 1292 1119 iustum,
1326 1043 1390 1102 sine
1425 1045 1581 1101 venatione
1610 1045 1703 1119 partis
1737 1058 1809 1118 pru·

441 1131 629 1207 portionalis.

531 1250 709 1312 Crdger'ns:
729 1250 858 1300 Calculnm
879 1257 949 1298 tuum
968 1251 1107 1312 apparituri
1128 1265 1210 1299 mansa
1223 1251 1294 1300 Febr.
1309 1250 1425 1298 Mercurii
1439 1248 1538 1298 cludere
1551 1251 1592 1298 hic
1610 1252 1679 1299 visus
1699 1257 1737 1300 cst
1755 1253 1810 1315 lpas

445 1319 591 1385 Mercurius,
610 1323 653 1385 qul
673 1323 734 1368 mihi
753 1327 778 1369 at
800 1323 856 1369 aliis
875 1321 1080 1382 conspiciendum
1099 1335 1125 1369 so
1143 1322 1258 1382 praebuit
1276 1326 1317 1369 sat
1335 1322 1447 1368 elevatus
1468 1321 1555 1369 diebus
1568 1323 1611 1370 20.
1626 1323 1668 1369 et.
1680 1324 1723 1372 29.
1737 1321 1809 1370 Febr.

444 1398 473 1438 at.
493 1405 517 1441 n.
537 1394 568 1439 ab
587 1405 678 1440 occasu
697 1392 764 1440 Solis
782 1392 815 1438 ad
834 1391 859 1438 h.
878 1393 904 1442 6.
923 1393 965 1437 30’
984 1406 1004 1438 c.
1042 1395 1064 1439 Α
1083 1393 1125 1439 22.
1136 1391 1207 1439 Faba
1227 1392 1321 1439 unllam
1341 1391 1473 1439 habuimus
1493 1404 1623 1451 vesperam
1641 1405 1757 1441 soranam
1776 1391 1809 1439 ad

444 1461 562 1510 ultimam
580 1476 660 1526 usque
679 1463 802 1511 Lunarom
821 1461 1011 1525 quadraturam.
1047 1461 1111 1510 'l'um
1131 1476 1188 1508 vero
1206 1461 1343 1510 Mercurius
1363 1474 1484 1525 nusquam
1504 1464 1629 1523 apparuit.

529 1567 738 1644 Koplerus:
781 1567 1004 1644 Apparitionem
1029 1564 1055 1646 Q
1080 1566 1191 1626 tardius
1215 1583 1342 1644 ponere,
1376 1583 1464 1642 qnam
1489 1571 1513 1624 is
1536 1585 1676 1644 apparere
1699 1576 1808 1644 potest,

442 1652 514 1712 nihil
537 1664 581 1714 est
605 1655 683 1732 apud
714 1673 760 1714 rue
783 1657 854 1714 novi
876 1660 906 1714 et
927 1654 960 1713 fit
983 1654 1165 1714 certitudinis
1189 1672 1287 1717 causa.
1334 1654 1408 1712 Nam
1439 1656 1463 1711 si
1487 1657 1583 1712 miuus
1610 1673 1676 1715 esse
1699 1664 1808 1734 potest,

444 1741 535 1801 multo
559 1746 653 1819 magis
677 1745 731 1802 erit
754 1743 858 1818 majus.

533 1861 706 1922 Crilgcrns:
727 1863 890 1922 longitudini
904 1862 1074 1910 Dentiscsnae
1088 1876 1172 1909 censes
1188 1861 1329 1909 addendum
1348 1863 1471 1920 integrum
1488 1860 1601 1924 gradum,
1621 1861 1808 1911 atrociores.

444 1932 566 1993 liquidem
594 1934 700 1994 eclipses
717 1933 830 1980 Lunares
855 1939 924 1979 tauta
950 1933 1108 1980 accuratione
1131 1944 1258 1992 nunquam
1283 1932 1414 1979 observari
1432 1932 1579 2001 (praeterita
1602 1931 1629 1977 in
1649 1929 1732 1991 Aprili
1756 1944 1809 1980 non

444 2009 497 2050 arat
515 2003 555 2050 hio
574 2002 764 2066 observabilis),
789 2011 816 2050 ut
840 2003 1007 2051 differentiam
1032 2003 1063 2049 ab
1083 2002 1263 2060 Uranibnrgico
1282 1999 1378 2049 calculo
1397 2007 1540 2049 constanter
1559 2001 1662 2048 eandem
1682 2003 1808 2062 praebue-

442 2074 500 2128 rint,
518 2074 580 2134 quin
599 2071 697 2134 aliquot
714 2074 820 2120 minutis
838 2069 1134 2129 huotllnouutaverlnt;
1159 2072 1203 2119 sed
1226 2079 1323 2133 tamen,
1350 2086 1406 2120 cum
1429 2073 1477 2119 hoo
1504 2073 1551 2119 iter
1576 2073 1729 2119 maritimum
1758 2073 1808 2121 huc

443 2140 506 2190 illuc
521 2144 651 2200 navigetur
664 2142 786 2209 quotidie,
806 2144 953 2206 chartaeque
966 2143 1082 2190 nauticas
1095 2147 1240 2191 constanter
1252 2146 1367 2190 tueantur
1382 2143 1479 2189 chartas
1491 2142 1669 2202 geographicas
1681 2141 1808 2204 Jansonii,

443 2225 492 2259 non
512 2212 592 2260 susim
612 2214 674 2260 harro
693 2214 777 2259 urbem
797 2215 891 2273 integro
910 2212 987 2272 gradu
1007 2213 1034 2259 in
1053 2213 1174 2259 orientem
1193 2225 1337 2272 promovero
1458 2216 1461 2223 '

534 2315 743 2395 Keplorus:
768 2316 831 2375 Etsi
855 2317 891 2376 do
914 2315 1096 2393 longitudine
1120 2316 1303 2377 Dentiscaoa
1327 2317 1416 2376 nolim
1440 2335 1475 2377 ex
1499 2321 1584 2376 unica
1607 2317 1709 2395 eclipsi
1733 2335 1809 2379 oon·

448 2404 573 2471 cludere,
598 2403 682 2480 nihil¹
694 2413 793 2463 tamen
815 2405 959 2481 impedior
981 2405 1223 2482 navigationibus
1240 2405 1357 2478 crebris,
1382 2423 1439 2482 quo
1457 2407 1552 2464 miuus
1568 2408 1603 2463 iis
1627 2406 1674 2466 vel
1692 2408 1808 2483 integra

448 2495 487 2552 15
512 2491 667 2552 obtrudam
691 2491 843 2566 milliaria,
867 2495 893 2551 si
915 2495 954 2550 sit
979 2509 1063 2569 opus,
1086 2491 1194 2551 nedum
1220 2502 1251 2551 ut
1274 2496 1302 2550 in
1326 2492 1382 2552 lroc
1404 2492 1547 2569 parallelo
1576 2503 1651 2552 octo.
1697 2492 1806 2553 Totum

446 2577 477 2637 id
500 2580 688 2641 excusabitur
710 2598 762 2656 per
784 2579 874 2656 longa
898 2587 927 2639 et
951 2580 1055 2640 brevia
1077 2579 1221 2638 milliaria.
1267 2580 1383 2638 Numa
1406 2580 1546 2658 'lychnus
1569 2581 1675 2653 habeo,
1699 2599 1806 2643 nume·

443 2670 500 2728 rari
524 2667 662 2727 milliaria
689 2669 765 2741 100;
796 2675 828 2725 at
854 2668 914 2726 100
939 2666 1091 2727 breviculo
1122 2675 1152 2727 et
1176 2670 1215 2725 92
1240 2666 1424 2743 longiuscula
1453 2674 1533 2726 stant
1558 2667 1646 2744 juxta
1670 2671 1806 2731 invicem.

442 2753 567 2815 Solebat
589 2754 638 2815 ille
661 2754 718 2815 hoc
741 2755 895 2831 problema
917 2772 1097 2832 proponere:
1133 2755 1227 2830 „Dic‚
1262 2757 1368 2830 quibus
1398 2758 1534 2814 interris
1562 2780 1595 2816 ro
1619 2762 1807 2835 repulsamus

440 2846 479 2902 sit
501 2843 621 2920 longum
645 2844 685 2900 25
710 2842 819 2902 horas?
864 2842 971 2919 Resp.:
1006 2845 1033 2900 in
1057 2844 1137 2915 navi,
1162 2860 1237 2918 quac
1261 2842 1390 2901 secundo
1414 2851 1502 2901 vento
1527 2843 1669 2902 Dautisoo
1694 2847 1722 2901 in
1747 2847 1806 2904 irc·

442 2939 504 2990 tum
528 2931 681 2991 Sonticuur
704 2931 827 2990 advolat
849 2933 925 2988 intra
948 2930 1025 2989 diem
1049 2938 1078 2989 et
1100 2933 1246 2988 noctem.“
1298 2929 1379 2988 Alias
1403 2948 1462 3006 ogo
1486 2928 1553 3006 plus
1576 2930 1634 2989 fido
1658 2930 1805 2992 Solarium

441 3018 594 3095 eclipsium
629 3018 886 3077 observationibus
915 3017 1131 3078 mathematicis
1168 3035 1221 3092 pro
1251 3017 1414 3078 differentia
1454 3018 1646 3094 longitudinis
1675 3017 1806 3079 locorum

445 3106 785 3198 observationiquuam
809 3104 977 3179 Lucetium,
1003 3108 1073 3183 quia
1097 3107 1125 3163 in
1148 3104 1194 3164 his
1217 3103 1304 3166 valde
1329 3107 1443 3165 variant
1468 3105 1545 3165 oculi
1570 3105 1762 3167 diversorum.

527 3223 697 3286 Griigsrua:
718 3226 891 3278 DaPoloniae.
910 3227 1023 3287 Ruscino,
1043 3226 1195 3273 Lithuauiae
1209 3230 1254 3273 etc.
1274 3227 1414 3274 intervallis
1432 3228 1566 3274 itinerariis
1585 3241 1649 3288 quae
1667 3232 1742 3290 petis,
1761 3244 1806 3279 ex·

441 3297 539 3357 quirere
558 3297 659 3357 quidem
677 3310 721 3358 per
739 3298 895 3344 occasionem
915 3306 1010 3362 potero,
1030 3297 1072 3344 sad
1092 3295 1224 3343 intervalla
1242 3301 1356 3356 tantum;
1376 3310 1426 3344 non
1447 3297 1513 3345 eninr
1533 3299 1574 3345 isti
1594 3300 1747 3358 positionem
1766 3314 1806 3348 ra·

441 3371 526 3426 spectu
546 3366 675 3428 plaparnm
695 3367 782 3413 mundi
802 3369 837 3414 sic
856 3369 1003 3418 observant,
1027 3367 1133 3414 atinde
1153 3380 1212 3412 rora
1229 3366 1278 3413 loci
1296 3365 1426 3426 longitudo
1452 3382 1481 3413 ac
1506 3368 1613 3414 latitudo
1639 3372 1719 3429 possit
1743 3372 1806 3421 arui.

440 3435 570 3493 Quasnam
589 3435 635 3484 illa
654 3439 713 3495 sint,
739 3450 803 3500 quas
822 3439 948 3497 prioribus
966 3434 1047 3484 literis
1066 3451 1109 3497 per
1128 3434 1327 3484 Olornucicnsam
1346 3437 1502 3484 tabellarium
1522 3437 1553 3484 ad
1573 3451 1612 3484 me
1631 3440 1697 3487 datis
1717 3447 1741 3486 ta
1760 3453 1805 3501 pa-

440 3507 511 3553 tilaas
529 3508 654 3560 aianilloas
668 3523 680 3555 e
694 3505 838 3555 Ptolemaeo
858 3506 1028 3569 supputanda,
1048 3519 1097 3554 uon
1118 3504 1240 3564 intelligo,
1261 3506 1384 3567 siquidem
1404 3505 1460 3554 ilias
1479 3509 1563 3554 litores
1582 3514 1626 3555 aut
1645 3508 1806 3559 tabellarium

439 3588 490 3622 nou
510 3577 570 3626 vidi.
599 3579 749 3625 l'icnnensis
768 3578 809 3624 hic
827 3579 870 3642 ait,
889 3580 925 3625 ibi
945 3578 1037 3638 spargi,
1055 3577 1179 3624 homiuem
1199 3582 1243 3623 arrt
1263 3579 1371 3624 occimm
1390 3586 1433 3623 aut
1451 3579 1611 3626 submersum.
1651 3580 1731 3638 lgitur
1744 3581 1806 3641 quid

439 3642 502 3693 valis
522 3646 603 3694 dormo
622 3648 703 3694 scribo
722 3653 746 3693 at
765 3661 838 3707 opera
858 3663 918 3700 rues,
939 3648 959 3694 si
979 3661 1029 3710 qua
1049 3648 1167 3694 inservire
1186 3647 1288 3709 possim,
1308 3646 1427 3693 audacter
1445 3653 1520 3696 utera.
1559 3648 1679 3708 'l'enrpore
1699 3651 1805 3699 hiberno

439 3714 531 3763 studiis
551 3718 722 3764 astronomicis
742 3718 803 3764 benc
824 3732 910 3765 vacare
929 3731 1038 3780 possum,
1057 3718 1152 3763 aestivo
1171 3730 1220 3762 rrou
1241 3718 1313 3765 itcnr.¹
1333 3717 1466 3764 nonenim
1486 3720 1516 3763 ab
1536 3720 1690 3778 amplissimo
1709 3723 1806 3768 Senatu

439 3787 595 3847 stipendium
614 3788 695 3836 habeo
715 3789 888 3849 principalitar
906 3790 938 3836 ob
958 3788 1144 3848 astronomiam,
1164 3787 1206 3833 scd
1228 3788 1259 3832 ob
1279 3787 1331 3834 ulia
1345 3790 1444 3846 nogotia
1464 3791 1573 3848 practica
1592 3798 1616 3836 et
1635 3793 1805 3838 merrsnratlo-

440 3869 490 3913 nas,
510 3859 602 3918 quibus
621 3859 755 3923 potissima
774 3872 831 3918 pars
850 3861 945 3905 aestiva
963 3859 1112 3905 absumitur.

526 3962 740 4040 Koplorus:
777 3962 869 4021 ilrata
902 3973 945 4022 ost
980 3972 1032 4022 tua
1062 3961 1243 4039 promtitodo
1280 3965 1307 4017 iu
1341 3962 1527 4037 suscipiendo
1561 3962 1683 4021 calculo.
1732 3966 1807 4025 Peto

442 4049 530 4123 igitur
555 4050 669 4121 denuo,
694 4060 735 4120 ut,
760 4050 902 4126 quidquid
928 4059 970 4108 cst
996 4052 1237 4109 observatioruurr
1268 4052 1294 4105 iu
1320 4048 1507 4122 Ptolemaeo,
1540 4050 1568 4108 id
1593 4061 1746 4129 computes
1770 4071 1807 4114 ex

438 4136 547 4195 tabulis
573 4137 734 4196 Ptolemaei
759 4141 982 4214 praeceptisque
1008 4140 1081 4213 rjus,
1105 4138 1157 4197 sod
1181 4148 1208 4195 et
1234 4156 1267 4194 cx
1292 4138 1464 4204 l'ruteuiois‚
1489 4141 1562 4195 sicut
1587 4140 1657 4197 iacit
1676 4141 1805 4199 lluutiu·

438 4242 493 4301 gns
525 4226 553 4281 in
578 4224 764 4300 quibusdam.
814 4226 867 4284 llio
898 4235 999 4285 auctor
1032 4244 1120 4302 saepo
1152 4225 1249 4282 srrcuur
1280 4225 1364 4297 lacit,
1397 4225 1602 4286 conrrrroudarrs
1627 4244 1805 4288 coriscoaum

441 4310 658 4373 observationis
682 4330 747 4371 cum
772 4313 894 4382 culcrrlo,
921 4316 974 4371 ctsi
999 4323 1099 4372 tantus
1123 4330 1180 4368 non
1207 4314 1359 4369 iuvenitur.
1406 4312 1439 4369 ln
1460 4314 1593 4387 epistola,
1619 4332 1706 4389 quum
1726 4314 1804 4374 Olu-

438 4401 570 4458 mucensi
596 4398 710 4472 tradidi,
735 4399 827 4458 nrrrlta
850 4402 1022 4475 scripseram
1047 4400 1082 4458 de
1107 4399 1271 4458 observatis
1295 4398 1456 4457 l‘tolcruaei
1482 4408 1509 4457 ot
1532 4399 1606 4471 aliis,
1633 4401 1667 4459 rlc
1693 4405 1804 4479 quibua

440 4496 522 4545 tuum
546 4489 722 4564 cupivissem
746 4486 846 4546 audire
867 4488 1026 4563 judicium;
1055 4490 1079 4544 si
1103 4496 1171 4545 srrrrt
1195 4489 1335 4559 antissao,
1372 4486 1465 4543 doleo.
1513 4485 1698 4548 Tabellarius
1723 4500 1802 4550 certe

438 4576 466 4632 in
491 4576 589 4632 animo
612 4591 671 4634 non
694 4573 799 4633 habuit
820 4576 925 4651 perire.

522 4693 701 4754 Crirgarus:
722 4695 847 4744 l'idistiua
866 4695 977 4743 lliclidos
991 4694 1184 4744 Coelometricas
1197 4693 1356 4742 h'athanailis
1371 4694 1514 4753 Torporlaei
1527 4697 1621 4752 Angli?
1640 4699 1708 4756 Quid
1729 4700 1801 4748 iidc-

437 4768 493 4813 tur?
531 4766 557 4810 Si
576 4761 687 4814 noudum
709 4766 800 4814 videris
819 4768 890 4821 scito,
909 4773 1035 4815 arrctorom
1060 4780 1149 4825 inagna
1173 4765 1284 4826 polliceri
1309 4767 1333 4810 iu
1361 4765 1418 4809 libri
1438 4766 1601 4825 frontispicio.
1641 4766 1667 4811 lu
1688 4769 1801 4817 ¹secundo

437 4835 513 4892 lihro‚
540 4835 636 4898 inquit,
662 4836 742 4894 agitur
766 4837 846 4897 primo
871 4836 901 4881 cla
920 4849 983 4881 rrova
1002 4843 1054 4882 arte
1081 4835 1322 4895 prostlraphscreticu
1342 4833 1513 4892 planetarum.
1545 4849 1608 4894 «pras
1627 4837 1682 4882 aluo
1702 4840 1800 4886 :rrrxlllo

435 4903 622 4952 subdititiorrun
641 4904 813 4966 scrupulorum
832 4906 1055 4965 proportionalium
1074 4905 1137 4952 adeo
1156 4905 1302 4962 generalitor
1327 4904 1468 4964 perficitur„
1497 4909 1525 4949 ut
1550 4907 1666 4952 omnibns
1686 4910 1800 4957 omnmo

434 4982 632 5023 astronomorum
652 4976 831 5035 hypothesibus
850 4975 953 5034 cyclicis
966 4983 990 5021 ct
1004 4975 1191 5033 phoenomenis,
1211 4981 1337 5036 utcunque
1351 4981 1462 5031 temporo
1475 4973 1647 5028 mutabilibus,
1668 4992 1713 5038 per
1727 4980 1800 5030 hasce

435 5046 534 5094 tabulas
552 5046 669 5094 satisfieri
688 5047 775 5106 possit.
814 5046 842 5091 ln
862 5044 973 5092 secunda
992 5052 1061 5105 parte
1080 5053 1208 5104 postremo
1226 5047 1309 5100 aeritur
1323 5044 1352 5090 do
1372 5044 1487 5089 absoluta
1506 5053 1529 5089 ot
1547 5045 1670 5094 facillima
1684 5049 1800 5098 doctriua

435 5115 616 5177 triangulorum
640 5116 840 5176 sphaericorum.
867 5117 981 5163 ursiverso
1010 5115 1125 5162 nimirum
1151 5116 1255 5162 artillcio
1281 5114 1312 5159 ad
1332 5118 1347 5158 ti
1374 5113 1476 5160 verbula
1504 5117 1601 5161 rerlacto
1620 5125 1644 5163 ot
1664 5121 1688 5165 iu
1709 5119 1799 5167 orditus

433 5184 564 5233 tractabili
584 5198 627 5246 par
645 5185 734 5232 mitrae
752 5186 854 5244 figuram
873 5183 941 5246 (hius
961 5190 1033 5233 vocat
1051 5183 1292 5245 mitrosphaericami
1311 5182 1442 5242 disposito.
1463 5182 1528 5231 crude
1546 5187 1624 5232 totius
1643 5187 1800 5247 pragmatiaa

434 5252 543 5304 facultas
561 5258 722 5316 eomparatur
733 5260 759 5304 et
770 5255 824 5304 alna
835 5254 956 5317 parptaaa
969 5256 1172 5317 praeceptionum
1184 5253 1354 5303 inculcatione
1367 5261 1532 5315 conservatur,
1549 5256 1604 5303 slva
1616 5260 1675 5319 qula
1688 5261 1799 5310 auctoris
