4459 6275
492 788 554 849 148
984 778 1126 850 Epitomes
1143 778 1333 837 Asuoeoruias

490 958 579 1031 Solis,
603 962 653 1035 qui
676 967 743 1019 suut
766 957 839 1017 alias
861 958 956 1018 lineae
979 966 1085 1031 rectae,
1108 976 1174 1019 cum
1199 958 1319 1034 obliqua
1342 955 1474 1017 incidunt
1499 958 1529 1015 in
1551 956 1737 1035 superficiem
1759 956 1847 1025 uiris,

490 1049 608 1105 omuino
631 1046 824 1122 refringantur
854 1044 989 1106 deorsum
1021 1055 1049 1105 et
1073 1050 1243 1119 introrsum,
1277 1044 1357 1121 quod
1379 1048 1408 1103 iu
1431 1044 1528 1104 medio
1545 1044 1672 1104 densiori
1704 1044 1768 1105 fieri
1792 1042 1848 1101 do·

489 1142 535 1193 eet
558 1136 664 1209 optica.
1507 1144 1510 1149 '

577 1218 607 1298 2)
631 1219 708 1295 Quia
730 1224 780 1279 a'e’r
802 1218 881 1279 Solis
904 1218 993 1279 radiis
1017 1219 1179 1279 illustratus
1201 1221 1291 1279 tantis
1314 1236 1369 1279 nos
1391 1219 1551 1279 circumdat
1573 1218 1793 1296 splendoribus,
1816 1226 1848 1275 ut

490 1305 567 1367 diem
590 1307 767 1379 babeamus,
799 1307 869 1366 Sole
892 1306 1021 1365 nondum
1045 1316 1124 1379 orto,
1159 1306 1318 1383 stellasque
1342 1305 1440 1367 ridere
1463 1324 1660 1383 nequearaus3
1686 1314 1754 1365 orto
1778 1322 1848 1363 vero

489 1394 558 1454 Sole
589 1394 669 1454 nulla
700 1404 759 1453 tam
788 1396 913 1455 obseura
941 1412 1056 1453 camera
1084 1404 1144 1465 est,
1177 1394 1334 1453 dummodo
1364 1394 1412 1453 rel
1441 1396 1560 1454 minimo
1583 1396 1726 1453 foramine
1749 1398 1849 1451 adrem

490 1482 633 1553 admittat,
649 1500 724 1558 quae
742 1500 799 1541 nou
813 1482 957 1542 colluceat
973 1484 1050 1539 intus
1067 1482 1131 1541 luce
1148 1486 1233 1553 airis,
1249 1483 1319 1540 licet
1333 1480 1411 1541 Solis
1426 1482 1515 1541 radiis
1530 1499 1720 1559 nequaquam
1736 1488 1849 1557 pateat.

491 1566 573 1629 Haec
600 1579 697 1629 autem
729 1572 902 1629 mutuatitia
924 1569 1189 1645 resplendescentia
1221 1569 1394 1629 docentibus
1427 1571 1532 1646 opticis
1563 1580 1610 1630 eet
1641 1578 1849 1646 argumentum

491 1654 644 1715 densitatis
667 1666 696 1717 et
719 1657 849 1716 colorum
872 1657 1072 1717 faeculentiae.

578 1742 706 1803 Persem
728 1745 846 1821 aliquot
868 1747 1050 1814 occasiones,
1073 1762 1109 1802 cr·
1133 1743 1241 1819 quibas
1264 1742 1442 1801 intellectum
1465 1752 1515 1817 est,
1537 1744 1697 1803 stellarum
1710 1744 1851 1820 Solisque

489 1830 592 1890 radios
615 1834 647 1889 in
671 1832 826 1907 superficie
843 1830 931 1889 'cre'ris
953 1832 1082 1906 resriupi
1104 1838 1131 1887 ct
1154 1830 1196 1889 ad
1216 1830 1338 1889 ocerieuu
1367 1832 1512 1905 refractos
1539 1834 1712 1906 peruenire.
1762 1834 1794 1905 l)
1817 1830 1850 1889 10

491 1916 649 1993 eclipsibus
681 1918 856 1994 quibusdam
882 1919 998 1979 Lunae.
1034 1918 1152 1992 quando
1183 1926 1314 1976 centrum
1336 1916 1443 1977 Terrae
1472 1927 1501 1977 et
1531 1928 1631 1977 centra
1661 1918 1852 1977 luminarium

491 2014 559 2063 sunt
591 2006 619 2062 iu
654 2022 712 2063 una
740 2016 819 2065 recta
851 2006 942 2077 linea,
975 2006 1007 2063 tit
1036 2016 1067 2062 ιιι
1096 2004 1181 2062 siurul
1206 2014 1360 2079 utrumque
1392 2003 1532 2065 luminare
1555 2024 1644 2081 supra
1666 2005 1851 2066 horizontem

492 2090 635 2161 ridestur,
664 2091 783 2168 perinde
807 2110 841 2152 ac
864 2094 889 2151 si
912 2110 969 2150 non
992 2100 1090 2151 essent
1113 2094 1258 2169 opposita,
1285 2090 1337 2150 scd
1360 2103 1515 2169 utrumque
1537 2091 1624 2151 simul
1648 2094 1676 2149 in
1699 2096 1852 2169 superlore

492 2178 715 2255 hemisphaerio.

1398 2262 1450 2316 llic
1461 2263 1493 2319 ,1.
1508 2262 1541 2317 tt.
1553 2264 1573 2317 (l
1586 2272 1649 2317 sunt
1664 2270 1761 2319 centra
1770 2264 1850 2321 Solis.

859 2362 907 2412 p„
926 2362 955 2403 1„
1346 2340 1446 2395 Terrae
1470 2346 1498 2393 et
1515 2341 1610 2395 Lunae
1635 2342 1662 2395 ia
1688 2358 1744 2397 uua
1768 2352 1855 2407 recta,
1894 2364 1899 2371 ·

1347 2416 1463 2485 ideoque
1481 2418 1561 2473 luna
1578 2422 1606 2473 in
1624 2420 1722 2475 umbra
1738 2420 1853 2485 Terrae,

1215 2530 1282 2583 f„
1347 2496 1370 2547 tl
1382 2506 1425 2549 est
1437 2496 1532 2551 oculus
1544 2498 1571 2553 in
1585 2500 1732 2569 superficie
1740 2500 1852 2557 Terrae.

1349 2572 1398 2625 tm
1418 2582 1459 2627 est
1478 2582 1524 2628 air
1546 2578 1618 2631 circa
1637 2578 1761 2633 Terram.
1799 2578 1853 2633 lla·

1347 2651 1409 2705 dius
1427 2653 1475 2705 AB
1492 2653 1627 2725 frangitur
1643 2656 1671 2711 iu
1685 2658 1708 2711 B
1721 2646 1852 2711 deorsam

1268 2724 1300 2797 9,
1347 2740 1375 2785 et
1399 2730 1430 2785 fit
1452 2732 1511 2813 iifl,
1542 2736 1581 2789 sic
1606 2750 1640 2789 err
1666 2736 1713 2791 (Ἰ)
1737 2736 1770 2792 fit
1794 2736 1853 2791 itti.

1266 2810 1302 2851 υ·
1348 2810 1422 2877 Ergo
1441 2810 1547 2881 oculas,
1566 2814 1661 2867 rideas
1679 2830 1731 2885 per
1748 2814 1853 2869 refrae-

1348 2897 1392 2943 tos
1411 2888 1465 2957 OB,
1484 2890 1543 2949 01).
1562 2906 1613 2945 nec
1631 2892 1722 2947 sciens
1740 2894 1807 2949 illos
1825 2894 1852 2949 iu

1349 2966 1381 3033 It,
1397 2968 1421 3021 D
1439 2967 1541 3023 fractos
1559 2986 1633 3037 csse,
1651 2986 1703 3039 per
1720 2974 1852 3043 imagina-

489 3066 589 3119 tionem
607 3063 748 3117 contiuuat
767 3058 827 3113 illus
847 3057 873 3109 in
894 3054 1024 3109 directum
1044 3052 1101 3105 sine
1120 3050 1251 3105 fractione
1274 3060 1301 3104 et
1319 3045 1456 3101 existimat
1475 3046 1498 3098 Α
1516 3060 1578 3101 0⁸⁵0
1600 3050 1626 3103 ln
1646 3050 1679 3107 Ε.
1698 3054 1719 3105 (ἴ
1738 3068 1805 3105 veru
1823 3052 1851 3106 ia

489 3145 520 3208 t'.
540 3151 684 3208 utrumque
703 3155 785 3208 supra
803 3136 978 3190 horizontem.
1008 3130 1091 3198 ,terrai
1111 3130 1133 3182 si
1153 3128 1209 3188 Etl.
1228 3126 1274 3181 Fu
1293 3124 1334 3178 rel
1353 3123 1424 3178 linia
1442 3141 1516 3178 mira
1534 3136 1638 3192 titini,
1663 3128 1785 3184 ¹¹0¹¹tl¹¹¹¹¹
1805 3128 1852 3184 ill·

491 3237 524 3275 ne
542 3220 580 3273 sic
599 3217 705 3286 quidem
725 3227 868 3283 utrumque
888 3213 1018 3266 luminare
1032 3211 1054 3261 :l
1070 3217 1095 3260 et
1110 3213 1130 3260 t·
1143 3205 1222 3260 simul
1235 3205 1388 3270 attingeret.
1409 3205 1470 3272 qrrin
1483 3209 1506 3254 tl
1518 3214 1561 3261 cst
1579 3217 1656 3262 extra
1675 3209 1777 3264 lineam
1797 3211 1852 3268 Αιῖ.

489 3298 536 3352 sed
556 3297 596 3350 rel
616 3307 740 3352 neutrum
760 3296 890 3350 luminare
908 3301 1031 3348 innueret
1052 3289 1092 3343 rel
1113 3289 1199 3344 solum
1218 3287 1341 3340 alterum.

579 3402 609 3482 2)
636 3405 669 3462 In
702 3404 802 3463 iisdem
833 3401 988 3479 eclipsibus
1014 3399 1113 3456 Lunae
1146 3405 1267 3472 apparet
1290 3394 1464 3466 clarissime,
1499 3394 1578 3469 quod
1604 3395 1723 3468 umbr'a,
1759 3415 1852 3474 quam

490 3493 607 3571 projicit
636 3491 761 3568 sphaera
784 3490 891 3550 Terrae
915 3497 942 3548 ct
966 3489 1039 3546 airis
1060 3486 1237 3560 junctorum,
1262 3484 1389 3541 diluatur
1412 3485 1439 3538 in
1457 3483 1636 3556 marginibus
1660 3485 1725 3544 luce
1747 3485 1853 3562 aliqua

491 3577 658 3639 rubicunda
682 3577 889 3653 inaequaliter,
921 3578 963 3634 sie
987 3585 1018 3631 ιιι
1041 3573 1141 3642 Luna,
1172 3573 1339 3648 pracsertim
1362 3567 1480 3646 quaudo
1504 3567 1596 3628 latera
1620 3572 1741 3630 umbrae
1764 3573 1852 3638 radit.

490 3667 557 3726 licet
581 3677 645 3725 totu
672 3668 708 3723 sit
733 3667 762 3722 in
787 3665 897 3724 umbra.
922 3680 1009 3739 saepe
1035 3671 1131 3719 turneu
1155 3659 1228 3717 adeo
1253 3659 1363 3726 unirent,
1389 3667 1419 3714 ut
1436 3655 1535 3731 aliqua
1552 3660 1681 3735 corporis
1696 3663 1743 3717 sui
1767 3673 1853 3738 parte

490 3753 586 3812 adbuc
616 3753 714 3811 lucere
747 3755 834 3827 inque
858 3751 935 3809 Solis
964 3750 1072 3806 lumine
1101 3749 1197 3822 posita
1226 3763 1290 3804 esse
1319 3744 1468 3804 rideatur.
1502 3743 1596 3804 donec
1626 3749 1785 3824 incipiente
1816 3765 1852 3808 ea

488 3841 596 3918 egredi,
629 3841 715 3899 fucus
740 3842 793 3898 istc
818 3839 970 3912 detegatur
993 3844 1170 3912 superventu
1195 3835 1259 3908 puri
1282 3832 1398 3889 lrrruinis
1420 3831 1540 3890 Solaria.

577 3927 660 3987 llaec
689 3943 758 3986 rero
782 3925 841 3998 lux,
866 3929 907 3984 sie
931 3922 1126 3999 inaequaliter
1148 3920 1262 3988 diflusa,
1286 3937 1343 3976 nou
1366 3929 1544 3994 potestesse
1567 3917 1695 3990 aliunde.
1719 3938 1812 3997 quam
1834 3943 1854 3982 a

488 4015 587 4086 radiis,
619 4017 766 4090 perniuam
781 4015 982 4072 refractionem
999 4012 1103 4086 passis,
1122 4009 1149 4064 in
1167 4010 1298 4082 ingressu
1314 4024 1353 4065 se.
1371 4009 1447 4064 airis
1467 4008 1554 4081 inque
1570 4007 1704 4082 ejusdem
1720 4027 1854 4084 egressu.

596 4116 663 4170 Nam
684 4115 707 4167 si
726 4113 797 4166 bertr
810 4113 891 4166 fuerit
912 4127 965 4164 una
985 4121 1058 4162 reeta
1077 4107 1226 4176 pluresque
1244 4105 1312 4159 aliae
1331 4121 1413 4172 supra
1425 4109 1448 4156 tt
1461 4105 1488 4158 in
1507 4113 1568 4158 nere
1581 4115 1766 4164 transeuntes.
1786 4119 1854 4162 tune

490 4195 584 4250 iisdem
605 4195 663 4260 riis,
681 4193 778 4261 quibus
797 4191 843 4245 lux
864 4191 932 4244 Solis
953 4201 979 4244 ee
1000 4188 1092 4242 lamae
1112 4187 1233 4242 defertur
1251 4186 1278 4239 iu
1297 4185 1405 4238 oculum
1424 4187 1456 4240 tl,
1476 4201 1512 4238 sc.
1533 4201 1583 4252 per
1600 4187 1683 4240 bitti,
1703 4187 1785 4244 (Ἱιιί,
1807 4189 1852 4242 aa.

489 4276 576 4329 fertur
593 4273 672 4326 etism
692 4271 737 4325 lux
758 4269 827 4322 Solis
848 4271 874 4322 in
895 4267 1008 4322 laruam.
1030 4283 1066 4319 se.
1085 4267 1248 4334 laetatu:
1267 4265 1408 4332 ipsamque
1427 4265 1547 4316 ueunibil
1566 4263 1733 4322 illuminans.
1751 4269 1806 4322 ersi
1825 4269 1852 4322 ia

490 4350 584 4406 umbra
603 4350 685 4403 tertius
705 4347 777 4417 globi
797 4357 925 4400 rer-etur.

579 4439 609 4518 ³)
633 4438 786 4504 llollandi,
818 4446 883 4514 post
907 4436 1071 4495 Tartariam
1094 4435 1300 4504 hibernantes,
1329 4443 1395 4508 post
1418 4443 1535 4492 noctem
1558 4444 1617 4494 tres
1640 4455 1758 4498 menses
1783 4438 1852 4498 lon·

492 4548 559 4606 gam
584 4536 743 4603 coeperunt
767 4525 865 4584 ridere
889 4523 986 4582 Solem
1010 4522 1190 4600 temporibus
1214 4520 1394 4591 meridianis,
1426 4537 1491 4578 cum
1514 4521 1566 4580 illa
1597 4527 1665 4581 anui
1690 4537 1776 4598 parte
1800 4527 1853 4586 Sol

491 4617 671 4676 lrorizontem
699 4611 827 4670 nondum
850 4621 948 4688 posset
973 4613 1100 4687 assequi.
1124 4611 1221 4686 spatio
1245 4607 1386 4678 graduum
1416 4608 1539 4682 aliquot.
1585 4609 1727 4686 Sequitur
1750 4615 1852 4688 igitur,

493 4715 524 4762 ut
547 4702 621 4762 radii
646 4699 734 4772 Solis,
760 4699 855 4758 adbuc
879 4699 933 4756 sub
949 4697 1038 4756 Terra
1064 4698 1216 4766 versantis,
1239 4713 1304 4754 eum
1329 4697 1356 4752 in
1380 4699 1477 4753 aerem
1495 4695 1674 4768 incidissent,
1698 4703 1853 4760 transituri

493 4791 580 4864 longe
605 4807 693 4866 supra
716 4789 811 4864 capita
837 4784 1058 4852 ttoitandorurn,
1083 4785 1197 4842 refracti
1222 4781 1429 4842 declinaverint
1452 4780 1596 4854 deorsum,
1620 4795 1653 4842 ut
1677 4787 1706 4843 iu
1722 4785 1854 4848 Hollau.

493 4877 595 4936 dorum
619 4877 721 4936 oeulos
745 4873 912 4932 inciderent.
948 4881 1006 4940 ιιιι.
1028 4879 1058 4927 ιι.
1079 4883 1121 4926 ιι.
1140 4883 1188 4924 arr

583 4961 612 5036 i}
637 4964 710 5020 t‘um
734 4960 783 5019 Sol
808 4964 880 5018 satis
904 4969 947 5018 est
972 4959 1113 5016 eleustus.
1138 4975 1243 5033 eorpus
1266 4957 1329 5030 ejus
1353 4954 1507 5014 rotruulmu
1532 4969 1587 5022 est.
1610 4971 1638 5016 et
1664 4957 1854 5024 ‹lirrretientes

495 5053 558 5126 eJus
583 5067 683 5108 omues
706 5051 782 5104 inter
804 5065 834 5106 se
858 5046 1014 5124 aequales.
1048 5057 1079 5100 ut
1103 5041 1188 5102 facile
1212 5055 1255 5102 est
1278 5047 1475 5102 instrumentis
1498 5047 1575 5120 aptis
1600 5045 1764 5122 explorare.
1815 5053 1854 5110 Aa

495 5157 560 5196 euru
585 5135 637 5194 Sol
661 5137 784 5212 primunr
809 5136 907 5204 oritur,
933 5132 1072 5190 diameter
1095 5133 1158 5205 ejus
1183 5145 1278 5190 erecta
1300 5149 1350 5208 per
1374 5133 1565 5190 iustrumenta
1586 5135 1707 5192 subtilia
1735 5137 1857 5196 brevior

495 5235 615 5302 apparet
649 5223 790 5280 diametro
820 5233 985 5280 transuersa
1014 5221 1185 5296 speciesque
1213 5215 1290 5276 Solis
1321 5231 1456 5276 accurate
1489 5220 1699 5297 contemplanti
1736 5223 1856 5284 ridetur
