4459 6275
885 494 968 551 hirs·
983 492 1099 551 Peisius
1136 492 1205 553 Ριιι
1221 491 1354 551 &emus
1733 502 1795 563 isi

449 687 498 749 pro
518 668 643 735 nuno
673 670 707 733 ut
734 669 925 747 qsahstu,
955 673 986 733 ia
1018 670 1138 748 solidis,
1168 670 1278 735 tlusnte
1302 670 1463 750 quadrato,
1496 670 1604 746 mors,
1635 672 1799 749 genitarum

445 757 661 836 odedum
1486 784 1492 793 ·

527 844 662 923 blico
681 846 774 911 elisus
794 846 899 907 onus
920 860 957 907 se
975 846 1113 907 asofioae.
1157 844 1257 906 Ducis
1276 842 1370 918 linas,
1402 862 1480 923 quse
1509 844 1663 922 diagonios
1684 843 1798 919 dicitur,

444 948 493 1009 psr
514 934 669 1011 oppositos
691 929 958 1010 paralhlommml
978 931 1119 1010 angulos,
1150 930 1244 1008 hgura
1265 932 1329 993 shit
1350 935 1380 992 in
1402 931 1461 992 duo
1483 931 1630 1010 triangula
1649 931 1796 1009 aequdio,

445 1017 633 1081 rhomboides
656 1022 686 1077 in
707 1018 826 1079 scalena
849 1020 941 1079 omnis
964 1021 1088 1095 generis,
1111 1017 1292 1078 rhomhicurn
1314 1022 1343 1076 in
1359 1021 1531 1096 aequicrura
1546 1019 1595 1079 vel
1609 1019 1799 1097 aequilatera.

445 1104 478 1167 ln
497 1106 604 1169 solidis
626 1122 697 1168 rsro
720 1104 978 1183 paralidepipedts
1000 1104 1089 1166 ducta
1109 1106 1263 1184 superficie
1285 1106 1375 1184 plano
1400 1122 1453 1184 per
1474 1106 1626 1186 diagonios
1648 1110 1801 1185 opposita·

444 1208 507 1255 m
536 1192 755 1271 maliciam
781 1193 1005 1270 paranetarum,
1037 1193 1162 1254 solvitur
1183 1192 1462 1272 parallelepipednm
1492 1196 1522 1253 in
1549 1196 1621 1255 hius
1649 1197 1798 1276 prienam

445 1278 562 1343 Deinde
584 1283 615 1343 iu
636 1283 792 1357 prisnstc,
823 1278 913 1341 ducta
933 1279 1087 1357 superficie
1108 1279 1199 1356 plana
1224 1298 1276 1358 por
1298 1284 1388 1342 trinos
1410 1281 1521 1342 solidos
1541 1280 1681 1358 angulos,
1709 1300 1800 1343 uuum

445 1366 578 1443 aliquem
599 1368 747 1446 prismstls
770 1367 909 1444 augnlnnr
932 1370 1168 1441 circumstantes,
1198 1375 1365 1431 resecantur
1385 1368 1531 1429 tensidrs
1562 1371 1655 1429 omnis
1677 1372 1800 1446 generis,

446 1462 617 1532 reatamque
639 1452 805 1533 pyramides
828 1454 1051 1531 quadrilaterus,
1074 1453 1163 1532 plano
1185 1454 1278 1517 altero
1300 1473 1353 1534 per
1374 1455 1533 1533 diagonion
1557 1456 1638 1517 hosis
1659 1466 1689 1519 et
1709 1460 1801 1518 serri-

449 1558 511 1603 ee·
533 1541 626 1603 ducto
648 1544 678 1603 in
701 1541 771 1603 hius
793 1541 853 1603 alla
875 1540 1036 1615 temidrs,
1059 1542 1228 1618 corporibus
1250 1542 1396 1620 seqdaiia,
1417 1542 1571 1619 solubilem
1597 1552 1630 1604 ut
1650 1542 1696 1606 sic'
1716 1561 1801 1607 omne

447 1627 718 1707 parallelepipsdon
740 1628 829 1690 abeat
852 1630 881 1686 in
905 1646 976 1691 serra
999 1627 1160 1703 isneida,
1182 1628 1319 1706 aequalia
1340 1631 1518 1707 corporibus.

536 1714 697 1793 Quomodo
728 1720 850 1777 mucan
880 1733 976 1792 pensas
1001 1734 1059 1792 per
1088 1720 1332 1792 compositionem
1359 1718 1482 1779 orituri
1534 1715 1643 1779 Omnes
1669 1717 1800 1796 reliquas

448 1802 556 1880 planae
578 1802 689 1880 figurae
711 1802 1028 1880 constant·triaugulis,
1052 1820 1128 1879 quae
1149 1812 1217 1863 sunt
1234 1803 1570 1882 parallelogrammorum
1585 1813 1691 1884 partes,
1714 1805 1801 1867 dum·

448 1888 535 1953 modo
560 1891 694 1952 hhrornm
716 1889 925 1968 triangulorum
948 1889 1065 1967 singula
1086 1888 1178 1951 latera
1199 1891 1329 1952 habeant
1349 1892 1472 1953 eandem
1487 1890 1709 1969 longitudinem
1751 1892 1801 1954 Sic

451 1980 550 2040 annia
572 1994 695 2055 corpora
715 1976 894 2040 multilatera
921 1986 1134 2055 componuntur
1162 1997 1199 2038 ex
1225 1978 1399 2056 supradictis
1422 1980 1611 2056 prta-atinus
1637 1980 1687 2041 vol
1708 1986 1800 2042 tetro·

452 2064 537 2140 siris,
560 2066 798 2143 primigenarum
819 2065 967 2142 partibus,
999 2063 1157 2127 dnmmodo
1187 2067 1320 2145 hinorum
1342 2065 1550 2127 tetrsedrornm
1573 2066 1691 2144 singola
1711 2067 1800 2145 pisus

449 2160 620 2229 congrunt
666 2152 800 2230 Suntque
823 2170 860 2212 ex
881 2154 1051 2229 compositis
1065 2151 1281 2230 simplicissima
1294 2152 1461 2231 pyramides
1476 2153 1696 2231 quadrangulae
1711 2154 1800 2216 modo

446 2239 555 2314 dictae,
588 2240 659 2318 quia
686 2246 820 2305 conatam
851 2239 1001 2301 cnaeus
1024 2248 1137 2300 tantum
1166 2239 1242 2302 binis
1264 2240 1399 2318 siugu1s3
1428 2242 1569 2318 prismsts
1594 2259 1665 2304 vero
1696 2243 1798 2317 trihus,
1846 2304 1849 2309 .

445 2335 540 2389 satem
561 2326 696 2405 plurihus
715 2333 861 2389 comtaut

530 2412 674 2491 Intellips
703 2421 805 2477 crtum
834 2420 1003 2475 morsm
1031 2414 1225 2491 decumum,-
1257 2414 1379 2475 rridm
1405 2416 1503 2491 ipitw
1526 2415 1800 2491 aphusricsmssse

445 2505 525 2563 irrter·
545 2504 764 2578 prirmmrs,
794 2504 933 2561 motus
954 2503 1036 2563 cons
1065 2501 1155 2579 iterare
1176 2502 1409 2563 semicirculoris
1429 2502 1529 2563 lirum
1556 2505 1639 2563 circo
1665 2503 1751 2581 polos
1772 2510 1801 2563 et

446 2606 535 2651 cmm
557 2588 742 2665 munitm
765 2592 869 2667 itaque
890 2590 972 2649 lisso
994 2589 1155 2673 οίιοιιὶαιιι
1175 2590 1234 2647 erit
1254 2589 1311 2649 ilio
1329 2591 1427 2664 prior.
1471 2587 1580 2651 Modus
1604 2592 1662 2651 ists
1684 2588 1800 2651 creandi

445 2675 592 2754 maerim
614 2676 814 2738 tantummodo
837 2678 1030 2761 geometrieps
1051 2682 1097 2737 est
1127 2692 1180 2735 seu
1201 2678 1300 2753 pottus
1325 2675 1528 2752 mechanicus,
1558 2679 1715 2755 geometris
1737 2679 1800 2738 usi·

446 2772 521 2827 tatm
543 2762 583 2826 ad
601 2763 767 2840 iurandum
800 2771 919 2840 ceptum
947 2766 1090 2837 tironum,
1123 2768 1245 2824 naturae
1268 2779 1339 2825 vero
1360 2763 1522 2843 sphaerici,
1553 2781 1609 2825 ssu
1631 2763 1800 2826 considers·

446 2852 516 2915 tlssi
549 2851 615 2927 ιιίιι
645 2851 865 2929 metaphysioae
895 2868 1082 2928 nequequam
1113 2858 1158 2911 est
1192 2852 1377 2912 conveniens
1432 2850 1637 2914 Gircrrrnducto
1672 2868 1800 2929 namque

446 2937 637 3013 aierem,
660 2945 770 3016 puncta
794 2936 950 3016 quosdam,
973 2947 1006 2999 nt
1019 2937 1138 3013 diction,
1153 2939 1317 3014 quiescuutr
1340 2940 1473 3016 proximo
1485 2938 1578 3015 tarda,
1600 2939 1698 3001 medis
1713 2940 1800 3003 ssio-
1933 2926 1942 2941 ⁸

448 3027 563 3087 citime
583 3032 753 3100 moventur,
784 3041 850 3087 oum
873 3026 969 3101 ipsum
990 3026 1176 3102 sphaericum
1196 3027 1236 3085 sit
1257 3025 1387 3102 undique
1409 3027 1570 3104 suiipsius
1591 3027 1704 3103 simllc;
1734 3044 1801 3089 cam

447 3114 537 3178 ιᾶιιι
558 3114 590 3176 in
613 3118 678 3176 ortu
692 3113 939 3192 primigeniam,
963 3129 1041 3191 queo
1056 3111 1174 3174 viliores
1188 3118 1265 3188 sunt,
1287 3112 1544 3192 aequabilissimm
1563 3118 1693 3176 omnium
1705 3132 1802 3192 punc·

448 3209 542 3266 issu·
562 3201 661 3262 hus
680 3201 778 3263 iussit.
823 3200 955 3278 Cumque
977 3209 1091 3262 ceterae
1118 3202 1309 3278 primigenius
1330 3201 1508 3263 lincamenta
1527 3202 1671 3277 habeant,
1694 3204 1801 3280 quihus

448 3292 489 3350 de
517 3291 638 3366 gsnitss
665 3287 756 3350 tuisse
783 3287 999 3365 mteurgnutsr,
1029 3290 1060 3348 in
1086 3288 1239 3367 sphaerico
1267 3297 1369 3352 contra
1395 3290 1509 3350 nullum
1538 3289 1627 3366 huius
1649 3293 1800 3367 geniturae

448 3378 610 3454 uestigium
631 3383 692 3451 sst3
714 3374 788 3436 nui
809 3377 940 3438 enimin
962 3392 1008 3449 ss,
1030 3376 1110 3453 quod
1133 3392 1204 3453 prac
1225 3377 1347 3454 reliquis
1368 3379 1484 3455 punctis
1506 3376 1566 3456 poli
1581 3380 1725 3438 rationem
1746 3377 1803 3438 ha-

449 3463 526 3526 beat.
571 3463 638 3524 Non
661 3469 706 3523 est
728 3464 816 3541 igitur
836 3461 910 3523 haec
931 3464 1061 3540 genuina
1083 3470 1112 3524 ct
1134 3462 1336 3541 metaphysica
1364 3466 1441 3526 ratio
1469 3467 1621 3542 geniturae
1648 3463 1802 3543 sphaerici.

449 3549 585 3629 naum
606 3549 686 3614 lines
707 3550 944 3624 contumuleris,
979 3550 1087 3628 quippe
1116 3551 1252 3628 gignens,
1285 3553 1365 3628 prior
1391 3559 1471 3614 osset
1492 3552 1660 3630 sphaerico,
1693 3555 1802 3631 quippe

450 3641 558 3717 wo,
580 3637 662 3716 quod
684 3645 730 3698 ost
751 3637 910 3699 ahsnrdum
933 3645 963 3698 et
984 3637 1175 3715 impossihile,
1199 3655 1264 3698 cum
1278 3640 1422 3716 posterior
1441 3656 1500 3699 non
1515 3643 1680 3701 sitientum
1693 3639 1803 3718 sphae-

391 3779 393 3784 4
448 3727 521 3803 ibo,
546 3725 600 3788 ssd
622 3727 696 3804 ipsis
717 3726 806 3787 etism
828 3725 924 3802 planis
945 3725 1056 3802 figuris.

534 3813 641 3875 Prono
663 3813 743 3874 irasc
763 3815 1015 3890 pomsiomlmcrn
1036 3811 1135 3872 iurene
1155 3813 1398 3873 miseratoris.
1442 3811 1567 3874 Duobus
1592 3811 1687 3873 modis
1714 3812 1804 3875 inici·

450 3898 550 3978 ligltur
572 3901 642 3962 orirl
664 3898 812 3962 circularis
835 3900 928 3962 lineat
959 3903 1070 3977 primus
1100 3896 1232 3976 vulgaris
1260 3907 1290 3960 et
1310 3899 1497 3962 mochmriom
1519 3908 1566 3962 cst
1587 3901 1660 3976 isto,
1689 3907 1723 3962 ut
1745 3903 1804 3962 cir·

431 3977 505 4050 'obl
534 4004 596 4048 uso
629 3986 750 4048 hasim
782 3995 879 4050 sunto
906 3988 1063 4048 cimnmsst
1091 3985 1252 4063 reliquum,
1284 3985 1384 4064 quoad
1411 3990 1441 4047 in
1461 4004 1518 4049 sna
1539 3989 1627 4049 inerit
1655 4005 1804 4051 mausum

449 4076 590 4154 edgis3
621 4091 791 4153 quanquam
819 4074 868 4135 hic
895 4074 1001 4136 modus
1030 4081 1176 4135 ansturs
1204 4073 1374 4136 circuliost
1394 4073 1523 4152 almnus,
1554 4076 1656 4154 incipit
1684 4077 1805 4137 enims

452 4169 678 4243 sampsucho,
707 4179 773 4224 num
795 4161 869 4222 nihil
891 4164 930 4222 sit
951 4163 982 4220 in
1003 4162 1128 4239 circulo,
1162 4161 1240 4238 quod
1271 4163 1346 4222 initii
1367 4163 1510 4224 rationem
1530 4162 1650 4224 hshsat.
1694 4164 1806 4242 Nequit

448 4249 534 4328 hilm
553 4252 600 4312 ric
621 4252 746 4312 exuare
768 4249 915 4312 &cuiatis
937 4249 1016 4310 lines
1045 4251 1108 4311 dns
1129 4248 1220 4327 pinna
1241 4249 1410 4329 superficie,
1442 4252 1491 4312 cul
1512 4249 1565 4311 llis
1586 4253 1670 4327 insit,
1702 4253 1804 4328 nequit

452 4339 541 4401 msarl
564 4336 735 4416 minius
754 4338 819 4398 siue
841 4345 929 4412 recta,
952 4345 1032 4398 recta
1052 4339 1117 4398 eins
1138 4343 1261 4414 puncto,
1286 4339 1390 4415 nequit
1411 4354 1477 4398 oses
1498 4345 1640 4416 punctum
1661 4340 1725 4401 sine
1745 4341 1804 4400 situ

450 4425 576 4500 hicce,
598 4423 683 4486 iocus
704 4425 767 4486 sine
789 4424 892 4502 dgura,
913 4442 991 4501 quse
1013 4423 1289 4501 continuationum,
1312 4423 1478 4502 eujusmodi
1497 4425 1601 4502 figora,
1627 4426 1726 4487 locum
1747 4428 1805 4486 cir·

452 4513 657 4588 mesaneos,
681 4521 726 4573 est
747 4511 948 4589 sphaericum
970 4529 990 4572 s
1009 4512 1275 4590 sphaerico-igitur
1296 4514 1411 4573 initium
1431 4514 1546 4590 puncti,
1569 4512 1679 4590 lineas,
1701 4529 1805 4591 snper·

452 4599 524 4662 Hel
545 4599 654 4680 pissas
676 4607 706 4661 ct
726 4598 875 4660 drmlaris
897 4600 1002 4662 linoae.

456 4687 535 4750 diter
556 4686 664 4749 modus
686 4686 904 4766 metaphysicus
927 4694 957 4748 et
977 4694 1100 4748 naturae
1123 4689 1320 4764 quantitatum
1333 4686 1580 4763 accommodatus,
1603 4703 1664 4764 qno
1677 4687 1807 4764 gignitur

455 4775 599 4838 droularis
621 4774 709 4850 hes,
733 4782 778 4836 cst
799 4792 851 4852 per
873 4776 1032 4836 sectionem
1047 4774 1201 4852 sphaerici,
1224 4774 1332 4836 iactam
1346 4773 1487 4852 splano;
1509 4792 1623 4836 mesum
1636 4776 1725 4852 igitur
1747 4780 1807 4834 lam

455 4861 572 4940 planum
595 4879 686 4942 qm
706 4861 900 4943 sphaericus,
923 4870 957 4923 ot
977 4862 1113 4940 subiecta
1134 4869 1164 4924 ot
1185 4865 1378 4924 imnuments
1398 4861 1555 4940 gignendi,
1584 4865 1700 4940 oportet
1720 4877 1808 4941 prae·
1833 4935 1837 4940 Ι

459 4953 580 5014 existere
602 4949 699 5012 imese
722 4948 864 5012 circulari.
908 4949 1098 5029 sphaericum
1122 4951 1211 5028 igitur
1231 4952 1311 5027 prius
1332 4957 1378 5011 est
1400 4952 1489 5012 etiam
1511 4949 1627 5011 circulo.
