4459 6275
874 802 957 861 uns
973 802 1090 861 mnus.
1127 802 1196 860 ens
1213 804 1351 863 sanus.
1514 797 1519 809 ·
1696 788 1790 877 'ssa

522 985 594 1060 Dic,
617 1000 679 1061 qao
701 981 801 1043 medio
822 983 974 1062 elladam,
1003 990 1039 1043 nt
1064 980 1202 1060 ecliptica
1225 983 1392 1059 declinaret
1414 986 1454 1045 ab
1476 995 1656 1064 acpnatorc,
1688 997 1717 1049 ct
1744 992 1795 1049 cni

432 1075 511 1150 pini?
534 1072 635 1133 Causa
655 1072 744 1148 hujus
767 1069 974 1131 declinationis
995 1073 1125 1147 genuina
1145 1079 1175 1131 ot
1197 1071 1327 1131 formalis
1351 1081 1395 1132 cst
1417 1073 1482 1133 axis
1504 1074 1592 1147 illiue,
1616 1078 1693 1135 circa
1707 1084 1794 1152 qrrem

433 1159 517 1222 velut
538 1159 717 1219 immobilem
739 1157 841 1218 Tellus
871 1163 1000 1229 rotatur,
1031 1159 1183 1219 inclinatio
1213 1176 1303 1235 super
1324 1159 1479 1238 eclipticas
1501 1161 1639 1239 planum,
1670 1165 1700 1221 in
1732 1180 1790 1238 quo

434 1255 565 1311 casim
588 1247 696 1307 Terrae
717 1254 861 1319 venatur,
884 1261 982 1305 annuo
1004 1253 1088 1306 motu
1111 1247 1189 1306 circa
1210 1245 1308 1306 Solem
1331 1249 1513 1312 circumiens.
1558 1248 1634 1310 Nam
1657 1253 1683 1313 ei
1704 1266 1793 1326 super

433 1336 491 1395 hoc
513 1335 649 1412 planum,
672 1339 754 1393 motu
777 1332 886 1394 Terrae
908 1349 1007 1393 annuo
1028 1333 1199 1405 formatum,
1227 1339 1319 1393 staret
1342 1343 1455 1395 erectus
1478 1339 1542 1407 anie
1564 1334 1662 1396 inotus
1684 1335 1793 1398 Terrae

433 1422 541 1496 diurni,
564 1420 761 1482 coinciderent
774 1426 919 1496 aequator
932 1430 962 1480 et
975 1420 1121 1497 ecliptica.
1157 1424 1234 1493 (Vide
1253 1423 1353 1481 abhinc
1370 1427 1482 1481 schema
1500 1429 1666 1496 secundum.)
1694 1423 1793 1484 Causa

432 1508 532 1570 finalis
555 1509 643 1584 bajus
664 1507 864 1568 inclinationis
894 1515 940 1567 cst
969 1508 1072 1583 procul
1102 1507 1193 1569 dubio
1220 1524 1292 1567 usus
1314 1507 1465 1569 hominurn
1488 1519 1517 1569 et
1540 1513 1719 1570 animantum
1740 1529 1793 1588 per

434 1613 553 1658 omnem
575 1598 762 1656 circumcirca
775 1594 959 1671 superficiem
976 1594 1103 1655 Telluris
1125 1596 1341 1672 dispersorum:
1365 1604 1398 1667 nt
1421 1599 1548 1657 varietas
1571 1599 1793 1675 phaenomenon
1911 1618 1914 1623 ·

433 1684 607 1745 molanum
628 1681 666 1742 ad
689 1683 788 1743 omnia
810 1684 929 1742 omnino
951 1681 1058 1742 Terrae
1080 1681 1147 1743 loca
1170 1684 1464 1760 pertingeret,'quod
1487 1685 1561 1745 instra
1583 1684 1716 1762 pluribus
1739 1703 1793 1744 ex·
1881 1690 1884 1695 '

432 1771 592 1848 plicabitur
614 1777 698 1847 parte
720 1777 835 1846 quarta.
880 1769 964 1829 Haec
985 1771 1073 1846 igitur
1095 1771 1126 1829 in
1148 1772 1328 1831 astronomia
1352 1771 1553 1848 Copcrnicaua
1571 1771 1794 1849 jucundissimis

434 1860 601 1918 rationibus
624 1856 859 1921 demonstrantur
880 1857 1129 1940 ingeniosissime,
1152 1857 1196 1916 sic
1218 1865 1252 1916 ut
1274 1859 1302 1915 iu
1327 1857 1430 1933 cadem
1453 1858 1572 1935 Tellure
1594 1867 1741 1920 statuatur
1764 1867 1794 1920 ct

433 1944 541 2005 modus
563 1946 606 2006 rel
628 1950 658 2004 et
678 1945 762 2017 tinis3
784 1946 813 2003 in
837 1945 1015 2005 astronomia
1037 1943 1161 2020 vulgata
1182 1943 1239 2003 hoc
1261 1944 1357 2003 solam
1381 1945 1533 2022 docemur,
1558 1946 1638 2024 quod
1660 1954 1717 2025 stt3
1743 1965 1792 2008 cur

433 2033 472 2092 sit
494 2041 525 2094 ct
548 2030 705 2109 quomodo,
728 2031 759 2091 id
780 2031 945 2091 involutum
968 2038 1013 2091 est
1035 2031 1074 2089 ihi
1097 2030 1191 2090 molta
1214 2029 1348 2108 caligine.
1665 2075 1669 2084 .

525 2119 684 2200 Quomodo
705 2122 825 2196 inquiri
852 2119 926 2179 solet
954 2117 1095 2177 maxima
1126 2118 1279 2193 eclipticas
1307 2119 1489 2180 declinatio?
1524 2119 1589 2180 Non
1621 2121 1706 2180 aliter
1735 2124 1791 2181 nial

433 2206 633 2269 observando.
676 2206 752 2266 llam
777 2202 806 2285 1)
829 2204 984 2266 adsudant
1005 2208 1164 2265 astronomi
1188 2208 1333 2264 continuis
1357 2206 1476 2279 diebus,
1507 2207 1626 2283 quando
1640 2207 1701 2267 'Sol
1725 2227 1791 2268 om-

434 2298 514 2355 nium
537 2296 697 2355 maximam
720 2301 750 2353 et
772 2309 885 2352 rursum
908 2294 937 2351 ln
961 2293 1097 2369 opposita
1112 2292 1213 2351 circuli
1235 2294 1363 2369 annique
1378 2301 1462 2369 parte
1484 2297 1612 2354 omnium
1631 2298 1792 2375 minimam,

434 2392 566 2461 tempore
588 2383 724 2459 utrinque
740 2380 912 2461 meridiano,
934 2385 1132 2458 repraesentet
1155 2377 1349 2454 altitudinem,
1373 2396 1495 2457 quarum
1519 2389 1672 2459 utramque
1696 2384 1793 2461 quad·
1871 2416 1873 2429 ·

434 2474 526 2531 rantis
550 2473 741 2528 instrumento
763 2472 933 2528 metiuntur.
979 2465 1092 2526 Deinde
1115 2468 1266 2526 minimam
1296 2484 1315 2526 a
1344 2467 1473 2527 maxima
1494 2469 1686 2542 subtrabunt,
1718 2474 1793 2532 resi·

434 2558 526 2618 duum
550 2557 683 2617 bilariam
706 2563 818 2616 sectum
840 2555 965 2615 babetur
986 2571 1039 2631 pro
1063 2553 1259 2614 declinatione
1281 2555 1420 2613 maxima.

522 2641 554 2725 2)
575 2643 671 2707 Paulo
693 2643 771 2703 allus
793 2650 838 2704 est
858 2642 973 2716 modus,
997 2643 1023 2700 si
1045 2643 1126 2718 prius
1149 2642 1286 2701 observet
1308 2647 1493 2701 astronomus
1508 2641 1692 2704 altitudinem
1715 2646 1786 2721 poli,

434 2740 468 2792 nt
489 2749 582 2809 supra
603 2730 797 2805 docebamur,
820 2746 871 2808 per
894 2728 994 2789 stellas
1017 2728 1261 2805 circumpolaree,
1286 2727 1391 2788 deinde
1412 2730 1571 2788 maximam
1589 2731 1668 2791 Solis
1691 2731 1804 2799 altitu,
1867 2786 1877 2805 ,

433 2821 532 2881 dinem
556 2817 756 2892 meridianam,
779 2820 900 2878 aestivis
924 2816 1028 2876 diebus
1044 2817 1241 2888 observatam,
1264 2814 1302 2874 ad
1318 2814 1503 2876 altitudinem
1526 2821 1694 2894 aequaturis
1710 2836 1793 2879 com·

433 2916 534 2987 paret3
557 2905 720 2967 differentia
741 2906 818 2966 enim
841 2911 886 2964 est
907 2906 1011 2964 iterum
1035 2905 1163 2962 maxima
1186 2901 1339 2981 eclipticas
1363 2901 1530 2964 declinatio.

525 2988 558 3074 3)
581 2992 642 3052 Aut
663 2998 696 3053 nt
718 3009 816 3071 supra,
831 2993 956 3068 'cognita
979 2989 1133 3051 altitudine
1155 2980 1217 3068 poli
1240 2997 1271 3050 et
1291 2989 1371 3051 linea
1391 2990 1569 3067 meridiana,
1601 3010 1637 3052 ex
1658 3009 1792 3069 quocun·
1841 3058 1845 3064 ,

435 3100 494 3163 que
516 3079 668 3143 asimntbo
690 3086 721 3141 et
741 3079 896 3141 altitudine
919 3077 997 3139 Solia
1026 3076 1113 3136 simul
1143 3077 1300 3139 observato
1328 3078 1454 3139 babetur
1482 3096 1534 3157 per
1561 3078 1705 3141 calculum
1728 3081 1792 3164 ejus

435 3169 605 3242 declinatio,
627 3171 657 3227 iu
682 3168 729 3229 dle
752 3167 871 3245 quidem
893 3165 1011 3226 solstitii
1035 3166 1169 3228 maxima.

525 3257 655 3335 morata
676 3263 718 3316 cet
738 3256 810 3314 hacc
830 3257 971 3315 munima
992 3254 1146 3330 eclipticas
1167 3250 1382 3313 declinationi
1405 3252 1593 3329 coenatore?
1621 3254 1688 3314 Non
1703 3256 1793 3332 plane
1851 3213 1854 3217 v
1925 3303 1930 3310 .

434 3346 623 3407 consentiunt
644 3340 674 3401 in
696 3329 824 3402 minimis
847 3346 975 3402 omnium
997 3341 1164 3401 seculorum
1179 3339 1348 3398 astronomi.
1386 3338 1450 3399 Indi
1468 3342 1660 3400 vetustissimi
1682 3343 1794 3403 iaciunt

433 3451 498 3495 cam
513 3432 700 3509 htsspraeciee
713 3430 866 3508 graduum,
890 3446 966 3506 quae
982 3435 1027 3488 est
1046 3419 1236 3506 'quindecima
1250 3427 1341 3490 totius
1365 3427 1466 3488 circuli
1481 3445 1557 3505 para
1582 3429 1791 3490 Eratosthenes

434 3529 497 3581 toto
521 3518 632 3579 circulo
654 3516 749 3577 diviso
772 3519 801 3574 in
823 3524 921 3594 partes
944 3517 999 3589 83,
1030 3532 1131 3576 aarum
1152 3512 1290 3573 undecim
1312 3512 1384 3574 dicit
1405 3517 1525 3590 aequari
1549 3514 1638 3595 duplo
1661 3516 1792 3578 declina·

432 3608 523 3669 tionis
545 3607 700 3667 maximae·
745 3602 851 3681 Inque
872 3603 915 3663 illi
938 3602 1095 3664 declinatio
1119 3604 1246 3662 maxima
1269 3596 1383 3661 est23⁰
1406 3600 1503 3684 il¹l,‘
1526 3606 1671 3680 proxime,
1694 3622 1791 3681 quan-

432 3704 495 3756 tam
517 3696 608 3753 etlam
622 3691 809 3769 Hipparchus
831 3698 862 3751 et
876 3690 1072 3761 Ptolemaeus,
1096 3689 1320 3749 Eratosthenem
1335 3690 1437 3762 secuti,
1461 3685 1673 3774 retinuerunt'
1697 3692 1793 3752 Alba-

435 3785 553 3860 tegnius
582 3779 710 3858 prodidit
732 3780 782 3837 33.
808 3778 864 3849 35,
895 3777 1037 3837 Arnachel
1065 3777 1119 3835 33.
1143 3778 1198 3849 34,
1230 3771 1353 3834 Almeon
1383 3776 1434 3834 33.
1460 3777 1510 3849 33,
1534 3776 1712 3854 Prophatius
1734 3778 1793 3838 ‚lu-

435 3869 528 3938 dacus
550 3869 602 3927 33.
626 3870 682 3942 33,
711 3864 814 3945 Tycbo
838 3865 933 3924 Brahe
964 3868 1014 3926 33.
1038 3858 1140 3947 31¹s„
1170 3863 1299 3938 itemque
1328 3861 1387 3921 alia
1415 3864 1529 3924 rationo
1553 3865 1604 3923 33.
1635 3861 1732 3945 30¹1„
1763 3873 1801 3924 et'

435 3974 503 4017 cnm
530 3954 732 4027 Pearbacbio,
768 3951 930 4029 (lopernico
958 3952 1082 4027 aliisque
1113 3948 1203 4025 hujus
1241 3947 1379 4027 temporis
1414 3952 1590 4010 astronomis
1627 3953 1656 4008 in
1692 3958 1793 4012 arctoo
1821 4017 1824 4024 ,
1910 3956 1926 4010 3

435 4045 507 4106 orbe
531 4043 583 4102 33.
608 4041 649 4103 28
674 4038 833 4102 scissam
857 4040 907 4099 33.
932 4033 981 4096 37.
1027 4035 1075 4096 lta
1097 4038 1191 4096 omnis
1215 4034 1363 4096 dissensus
1392 4036 1467 4095 inter
1490 4038 1532 4095 34
1554 4037 1666 4097 minuta
1689 4054 1792 4098 versa*

434 4139 498 4207 tur,
517 4129 600 4207 'quae
622 4137 689 4189 sunt
710 4144 778 4207 pars
799 4127 1021 4203 nongentesima
1043 4122 1144 4184 circuli
1165 4137 1224 4182 non
1246 4121 1349 4199 major.
1395 4119 1510 4182 Utimcr
1531 4129 1629 4183 tamen
1653 4122 1741 4187 hodie
1763 4125 1793 4185 in
1887 4141 1893 4154 ·

436 4218 619 4281 astronomia
640 4215 795 4275 Brabeana
817 4215 1008 4273 communiter
1031 4212 1081 4271 33.
1106 4207 1159 4272 31¹
1176 4250 1201 4291 2.
1219 4203 1264 4291 ²⁹)

527 4306 614 4383 Quae
635 4309 677 4362 cst
698 4301 791 4369 haias
811 4303 969 4361 comiaclo
990 4298 1107 4359 cansa?
1168 4314 1206 4356 na
1234 4312 1306 4356 vera
1336 4312 1427 4356 causa
1455 4296 1592 4357 coelestis
1621 4304 1667 4357 est
1693 4299 1724 4356 in
1747 4316 1793 4375 eo,

436 4391 518 4471 quod
541 4395 660 4469 putatur
681 4391 746 4448 axis
769 4387 885 4465 quidem
907 4386 1033 4446 Telluris
1054 4388 1178 4447 retinere
1200 4381 1285 4443 suam
1307 4382 1539 4456 inclinationem,
1562 4384 1699 4462 ecliptica
1721 4403 1792 4468 vero

435 4479 572 4559 pauculis
593 4478 714 4536 minutis
736 4476 775 4536 ab
798 4476 834 4534 iis
856 4475 930 4547 lixis,
954 4474 1060 4551 quibua
1084 4472 1155 4532 olim
1178 4480 1241 4531 erat
1263 4472 1410 4548 insignita,
1434 4469 1522 4531 bodie
1536 4474 1700 4533 recessisse.
1734 4471 1793 4533 Sed

388 4595 390 4599 ·
436 4569 513 4629 baec
536 4581 626 4626 causa
647 4564 773 4640 pertinet
795 4561 833 4621 ad
855 4561 961 4621 librum
976 4561 1044 4620 Vll.
1090 4558 1192 4620 Altera
1215 4574 1305 4620 causa
1326 4564 1371 4618 est
1391 4560 1533 4618 terrestris
1558 4566 1587 4618 ct
1609 4558 1793 4636 particularis
1871 4630 1874 4636 Ι

437 4654 617 4717 Germaniae
639 4669 691 4711 seu
714 4656 814 4710 arctoo
838 4649 919 4721 orbi,
943 4647 1021 4724 quod
1044 4646 1096 4707 Sol
1120 4649 1149 4705 in
1172 4645 1336 4716 humillima
1358 4661 1413 4705 sna
1440 4645 1593 4708 altitudine
1616 4647 1793 4708 meridianae

436 4749 557 4823 propter
586 4740 662 4800 ab'ris
693 4737 866 4798 densitatem
898 4730 1002 4816 radios}
1029 4736 1057 4792 in
1092 4748 1128 4795 eo
1158 4733 1289 4809 refringit
1315 4722 1511 4809 relract'osque
1539 4731 1577 4791 ad
1613 4751 1668 4793 nos
1695 4736 1792 4809 mittit,

438 4847 498 4908 qno
521 4832 609 4907 pacto
632 4827 721 4886 aliam
745 4831 878 4885 censetur
899 4821 1083 4883 altitudinem
1105 4821 1229 4895 habere,
1263 4837 1351 4897 quam
1379 4835 1448 4880 vere
1476 4820 1574 4880 babet.
1619 4818 1654 4879 ld
1676 4838 1737 4881 non
1758 4821 1791 4880 fit

437 4919 514 4978 adeo
537 4911 714 4975 sensibiliter
734 4914 764 4971 in
789 4911 1010 4972 ansbaliorlbus
1032 4909 1140 4969 Terrae
1163 4907 1244 4983 locis,
1269 4908 1374 4984 quibus
1396 4905 1448 4966 Sol
1471 4908 1500 4965 in
1523 4906 1724 4968 meridianos
1748 4914 1792 4968 est

438 5004 515 5066 adeo
527 5000 702 5165 thzlllssao
724 5087 840 5147 calcrslo
861 5088 1044 5162 invecticarc
1065 5083 1224 5157 cujuslibet
1247 5084 1356 5159 puncti
1377 5082 1530 5157 eclipticas
1552 5081 1791 5141 declinationes.

439 5174 671 5257 concipiendum
703 5183 747 5234 est
769 5171 946 5251 triangulum
973 5174 1048 5232 inter
1069 5172 1214 5234 sectiones
1236 5176 1353 5229 mutuas
1375 5171 1555 5248 aequatoris,
1586 5165 1739 5248 eclipticas
1751 5158 1793 5233 ‘et
