4459 6275
458 759 524 823 oto
946 764 988 820 De
1006 763 1119 819 Tabulis
1132 716 1319 837 'Rudelplrinls

456 934 485 983 in
502 935 682 998 Aethiopiam.
707 937 751 986 sed
768 951 836 988 mars
858 932 973 990 iudicum
991 942 1089 995 cadere.
1125 942 1225 992 Ibidem
1247 944 1311 1008 quis
1327 943 1458 1005 'dubiem
1482 945 1537 994 din.
1555 942 1727 1005 ιιιιςιιιιιιιή
1747 945 1815 1006 psalt

460 1015 493 1063 12
511 1028 546 1078 s.,
568 1028 619 1062 uon
642 1018 764 1077 possibile
788 1023 826 1067 est
848 1024 878 1067 ιιι
894 1019 1043 1071 Putabscbll
1067 1022 1120 1071 diii.
1138 1023 1172 1071 sit
1196 1024 1227 1073 ti
1246 1037 1283 1086 s.,
1305 1038 1363 1073 eum
1385 1025 1413 1072 tn
1435 1023 1541 1085 optimis
1570 1024 1671 1072 obuiis
1693 1024 1747 1073 sliri
1767 1026 1813 1073 aab

457 1093 545 1173 eedqm
563 1095 615 1144 iere
632 1095 786 1147 meridiana·
803 1168 805 1173 Δ
1410 1130 1415 1145 .

569 1198 808 1264 Postseriptnm
834 1203 985 1265 liepleri:
1013 1198 1100 1257 Error
1136 1196 1167 1256 in
1199 1197 1265 1258 lotio
1301 1197 1340 1275 Θ
1376 1199 1411 1254 ll
1446 1197 1630 1255 minutorum
1661 1198 1692 1254 iit
1721 1197 1815 1273 genui

458 1273 610 1353 Rndolphl
640 1278 744 1340 dilatat
773 1299 806 1340 se
829 1298 880 1359 per
903 1298 1004 1343 emeres
1033 1284 1187 1362 planetas,
1217 1284 1299 1344 nnllo
1322 1294 1419 1344 tamen
1447 1286 1478 1341 in
1499 1285 1538 1342 iis
1560 1283 1680 1343 effectu.
1726 1283 1817 1342 Caesa

458 1365 642 1439 oscitantiae,
667 1367 746 1443 quod
769 1369 844 1428 inter
866 1386 971 1444 operas
985 1371 1214 1449 typographicae
1232 1373 1295 1447 jam
1311 1373 1495 1431 imminentes
1517 1371 1653 1429 subitu-
1668 1372 1817 1430 eonsilium

458 1449 562 1511 incidit
590 1450 738 1533 Rudelpbi
771 1473 914 1533 geneseos
947 1459 1177 1535 computandae,
1209 1477 1264 1520 nec
1289 1460 1403 1535 justum
1431 1467 1548 1535 tempus
1575 1466 1642 1517 erat
1671 1457 1816 1518 revidendi

460 1536 575 1611 calculi,
598 1555 664 1599 cum
687 1543 717 1600 in
740 1544 919 1621 septimanas
941 1545 1073 1622 singulas
1096 1547 1259 1622 tpeqinee
1282 1554 1380 1607 essent
1394 1543 1674 1622 repraesentandae,
1697 1562 1746 1605 rue
1759 1544 1818 1604 sole

458 1628 651 1687 correctiones
675 1645 777 1690 ornnes
798 1633 969 1691 sustinente.
1015 1632 1068 1692 list
1095 1642 1125 1693 et
1148 1632 1225 1693 alins
1248 1650 1326 1693 error
1347 1635 1377 1691 in
1408 1638 1433 1700 ό
1466 1633 1583 1707 opiner,
1608 1630 1720 1691 ialsnnr
1749 1634 1818 1691 resi·

458 1710 548 1773 duum
570 1731 622 1774 seu
647 1715 795 1792 elongatio
819 1717 918 1777 ablata
941 1719 1051 1794 prostb.
1076 1721 1115 1779 ab
1138 1737 1206 1796 ang.
1230 1737 1352 1794 comm,
1382 1719 1433 1778 sed
1457 1721 1482 1777 ts
1504 1719 1608 1778 statim
1631 1718 1730 1785 altera
1749 1720 1819 1779 laeie

459 1808 605 1861 correctus
628 1820 682 1863 nec
703 1813 894 1883 propagatus.
940 1806 1054 1883 Ecquid
1077 1815 1140 1866 tute
1163 1807 1397 1886 deprehenderis,
1420 1805 1459 1864 ed
1481 1822 1528 1865 me
1551 1807 1739 1883 perscribito.

545 1903 638 1964 Italus
661 1906 781 1982 qnidam
805 1909 938 1977 Besslus,
963 1912 1007 1968 vir
1029 1911 1225 1984 doctissimus,
1250 1909 1403 1988 diligenter
1426 1926 1540 1969 mecum
1563 1910 1642 1986 egit,
1668 1918 1702 1968 nt
1724 1909 1818 1969 tbeses

458 1990 497 2049 D.
525 1988 674 2053 Maestlini
706 2011 784 2054 anno
820 1997 918 2069 1605,
942 1998 1137 2073 respondente
1164 1999 1194 2055 ui
1224 1997 1313 2057 fallor
1335 1997 1372 2055 D.
1395 1996 1607 2070 Haienretlero,
1643 1995 1817 2073 disputatas,

462 2079 592 2156 itemque
613 2079 690 2140 alias
712 2083 767 2141 sub
782 2082 977 2155 Heeielderis,
1001 2085 1052 2145 ubi
1075 2085 1111 2145 de
1134 2084 1199 2144 luce
1214 2083 1323 2145 Terrae
1346 2083 1442 2160 deque
1465 2082 1575 2161 pluviis
1597 2086 1629 2140 in
1646 2083 1735 2143 Luna
1754 2086 1819 2157 agit,

460 2180 636 2242 quoeunque
659 2171 752 2244 pretio
775 2171 832 2248 ipsi
856 2187 1032 2246 comparem.
1077 2172 1178 2233 Scribe
1201 2171 1394 2232 Ratlsbonam
1417 2188 1487 2230 num
1507 2172 1657 2245 supersint
1679 2179 1713 2231 et
1733 2174 1819 2243 urite,

457 2253 485 2311 si
507 2255 636 2314 nancisei
659 2264 752 2330 potes.
799 2255 887 2318 Utere
910 2276 1000 2335 opera
1021 2258 1075 2319 filii
1096 2262 1164 2320 mei.
1734 2260 1739 2273 “

551 2340 593 2399 ld.
617 2341 857 2421 Bachmair,‘qni
879 2347 1016 2406 scribenti
1040 2348 1133 2418 adult,
1157 2346 1211 2405 tibi
1229 2344 1354 2406 salutem
1380 2341 1546 2404 adscribere
1566 2342 1667 2420 jussit.

548 2442 734 2506 Stephanus
758 2446 893 2496 Bessius
913 2446 1108 2498 ldediolanamls
1133 2448 1239 2511 lieplere
1266 2463 1281 2496 s
1305 2445 1419 2497 (islilsse
1445 2448 1668 2495 vehementissime
1693 2460 1817 2495 comm

460 2512 536 2561 datus
559 2517 597 2561 est
613 2515 650 2568 (in
672 2511 753 2563 literis
779 2516 805 2566 d.
828 2517 897 2579 Sept.
919 2519 1002 2576 teti).
1039 2519 1148 2567 Exstant
1169 2517 1257 2567 literae
1275 2518 1357 2566 Bessii
1382 2518 1413 2565 sd
1437 2516 1573 2580 lleplernm
1598 2517 1675 2565 datae
1700 2517 1818 2579 (Viennae

461 2581 487 2632 d.
507 2584 531 2631 6.
550 2582 611 2644 teari
631 2583 722 2649 1628),
749 2588 841 2647 quibus
860 2601 934 2647 aegre
952 2587 1016 2636 lerre
1033 2602 1060 2636 se
1078 2588 1141 2635 dicit
1158 2586 1259 2650 lleplerl
1284 2586 1425 2648 silentium,
1449 2587 1483 2635 ad
1502 2589 1518 2637 e
1536 2588 1576 2636 rel
1595 2589 1612 2636 t
1632 2588 1756 2649 epistolas
1773 2600 1817 2633 neu

461 2653 646 2713 respondentis.
682 2652 817 2717 Responsa
834 2671 861 2705 se
878 2657 1023 2706 aridissime
1041 2663 1210 2720 exspectasse,
1234 2659 1297 2722 quin
1315 2657 1486 2706 dubitationes
1504 2656 1630 2719 quasdam
1656 2658 1817 2719 proposuerit,

461 2734 526 2783 quas
543 2723 659 2786 Epitome
686 2730 711 2775 et
734 2725 846 2775 Tabulae
872 2728 1102 2789 suppeditaverint,
1129 2742 1196 2792 quae
1225 2726 1356 2790 ,scrupula
1380 2732 1408 2776 ιιι
1431 2729 1551 2775 eximeret
1568 2727 1728 2789 lieplerus·,
1753 2728 1819 2787 petit.

463 2788 545 2856 „Cum
559 2792 671 2843 haereret
682 2809 749 2857 aqua
766 2796 829 2845 nribl
841 2798 971 2862 cogitanti,
990 2798 1092 2845 ubinam
1110 2804 1230 2846 terrarum
1250 2795 1413 2857 delitesceres,
1432 2803 1572 2860 opportune
1590 2799 1741 2859 supervenit
1757 2810 1819 2844 enar·

461 2863 545 2910 munis
563 2864 671 2927 amicus,
689 2868 729 2915 enl
748 2863 832 2915 literas
851 2867 923 2914 bases
942 2867 1088 2917 deserendas
1107 2868 1213 2928 tradidi,
1237 2869 1280 2932 qut
1301 2867 1331 2915 de
1348 2869 1493 2928 praesentia
1509 2873 1553 2915 tus
1578 2868 1606 2914 in
1625 2867 1689 2914 urbs
1707 2866 1819 2925 Prsgensi

461 2931 525 2979 mibi
543 2937 649 2983 testatus
667 2942 706 2985 ιιι
722 2941 899 2998 receptumque
916 2951 933 2984 a
951 2935 1056 2985 Caesare
1081 2939 1232 3000 pronunciat
1249 2942 1275 2985 et
1292 2943 1388 2995 cetera,
1417 2950 1483 2998 quae
1506 2949 1563 2985 enm
1582 2935 1615 2986 D.
1636 2935 1819 2984 Walenstainls

461 3004 608 3062 transegisti
627 3020 656 3053 ex
675 3007 755 3054 animi
774 3008 811 3053 tul
829 3008 964 3066 sententia,
983 3009 1121 3057 nunciavit.
1159 3008 1275 3070 Gaudeo,
1300 3006 1369 3070 qued
1386 3007 1635 3067 peregrinationibus
1652 3014 1706 3054 turs
1725 3006 1819 3053 tersum

462 3072 600 3134 aliquando
624 3077 698 3124 linem
718 3069 880 3124 dedent'vei
899 3079 1012 3138 proxime
1036 3077 1128 3125 datura
1145 3079 1191 3134 sit,
1218 3076 1314 3139 gaudeo
1333 3077 1423 3124 lterum
1447 3084 1499 3124 tam
1525 3077 1646 3123 utilitatis
1664 3083 1724 3124 tune
1748 3089 1818 3138 quara

465 3144 545 3191 tetius
569 3146 629 3206 reip.
648 3147 841 3196 mathematicae
859 3162 947 3210 carisa,
977 3162 1043 3213 qnae
1067 3149 1149 3212 brevi,
1178 3149 1216 3196 uti
1240 3148 1364 3208 conjicio.
1391 3147 1589 3207 Tyebeuicsrnm
1609 3148 1819 3200 permarinum.

464 3213 658 3275 llpbemeridum
677 3223 724 3266 ete.
746 3216 856 3266 editione
874 3216 1028 3279 locupletata
1048 3218 1093 3265 tibi
1113 3218 1224 3279 palmam
1249 3231 1326 3279 supra
1344 3230 1429 3264 omnes
1449 3217 1498 3279 (rel
1517 3218 1606 3264 inritis
1625 3216 1758 3281 Jesnitis).
1779 3219 1819 3280 qui

464 3297 575 3347 unquam
594 3287 632 3334 rel
652 3293 724 3335 erunt
742 3288 781 3335 vel
801 3290 901 3336 luerunt
919 3289 1101 3351 mathematici,
1123 3288 1223 3338 deleret.

574 3355 653 3411 Quem
673 3358 734 3404 dicit
752 3356 875 3419 lieplerus
895 3359 919 3404 in
939 3360 1007 3405 calce
1026 3358 1148 3418 epistolae
1167 3373 1238 3419 sues,
1258 3355 1369 3415 Wolig.
1389 3356 1577 3403 linclrmsier
1596 3355 1751 3416 (Ulmo-nris,
1776 3361 1819 3401 nst

465 3439 487 3472 c..
507 3438 530 3471 a.
552 3425 629 3487 1600)
649 3434 701 3474 ιιιιιι
721 3430 839 3488 temperis
859 3430 969 3490 pastorie'
986 3441 1086 3474 munere
1111 3425 1260 3486 fungebatur
1286 3428 1310 3472 ιιι
1331 3441 1392 3487 papo
1412 3425 1529 3484 llr'rrlngn
1549 3440 1627 3487 prope
1647 3427 1820 3474 Strrtteartiarn

466 3500 491 3540 et
509 3493 616 3554 Keplero
635 3497 779 3555 adjumento
804 3500 850 3544 init
875 3499 899 3544 in
920 3496 1023 3545 ealenlis
1042 3498 1225 3544 astronomicis.
1262 3496 1291 3542 ln
1317 3494 1425 3556 epistola
1443 3495 1514 3557 (data
1534 3497 1618 3556 Aprili
1644 3510 1730 3542 men-e
1752 3499 1820 3544 ibici

465 3565 539 3611 dicit:
559 3565 605 3622 ,de
625 3566 717 3613 laberis
736 3570 816 3628 pretio
831 3567 899 3630 quod
919 3569 1042 3628 petiturus
1056 3569 1111 3629 sim,
1131 3575 1155 3614 te
1168 3581 1280 3614 securum
1301 3581 1354 3613 esse
1371 3568 1456 3626 jubeo,
1476 3567 1545 3624 prius
1565 3580 1669 3625 operam
1690 3568 1820 3612 conlectam

467 3635 624 3682 exhibiturus
643 3643 763 3700 tuumque
780 3637 903 3697 indicium
931 3643 1078 3698 experturus
1096 3651 1163 3698 surn,
1189 3651 1264 3698 quem
1290 3642 1318 3683 ut
1336 3637 1441 3696 superbe
1469 3636 1500 3681 de
1519 3637 1599 3694 pretio
1631 3636 1783 3684 contendam
1799 3645 1820 3680 et

465 3705 626 3764 disceptem-⁸
663 3706 764 3766 Legisse
783 3722 822 3771 se,
847 3708 923 3770 dicit,
952 3705 1064 3754 Tabulas
1083 3707 1148 3757 liud.
1167 3707 1199 3753 acl
1219 3708 1365 3767 petitionem
1385 3705 1486 3764 lieplert
1513 3714 1538 3750 ct
1563 3707 1729 3763 consignasse
1748 3715 1821 3751 tram·

466 3775 626 3838 utississeque
643 3784 734 3839 errata,
755 3791 816 3838 quae
835 3776 1036 3838 deprelrenderit;
1057 3777 1171 3836 „abunde
1185 3777 1299 3839 cognovi,
1319 3776 1406 3836 pergit,
1427 3776 1452 3820 in
1467 3774 1678 3834 prcmcrniibns
1692 3777 1820 3821 condricu-

465 3845 503 3891 dis
523 3844 656 3892 consilinm
676 3853 700 3893 ts
719 3853 827 3894 mutasse
846 3853 975 3906 certosque
995 3853 1177 3906 computatores
1196 3848 1301 3900 sunnin
1320 3859 1369 3891 non
1388 3846 1469 3903 annis,
1489 3843 1531 3889 sed
1556 3842 1668 3903 planetis
1688 3845 1821 3890 destinas-e

465 3921 542 3975 atque
560 3917 625 3963 inter
642 3917 693 3963 alia
712 3919 795 3964 lictum
815 3918 899 3964 Lunae
918 3915 1000 3963 lecum
1025 3918 1058 3963 ab
1077 3930 1144 3962 anne
1166 3918 1232 3964 1626
1253 3918 1277 3962 ιιι
1300 3917 1366 3963 1660
1385 3912 1584 3960 continuandum
1612 3915 1675 3960 mibi
1700 3913 1821 3961 detulisse.

465 3985 566 4032 (iratior
585 3987 671 4033 luisset
691 3989 801 4033 omniunt
814 3988 971 4048 planetarum
991 3989 1016 4033 in
1031 4000 1107 4033 uuum
1120 3994 1194 4047 atque
1208 3988 1314 4033 alterum
1327 3998 1419 4032 annum
1433 3985 1605 4042 computare»,-
1626 3986 1728 4044 accipie
1746 3995 1821 4030 tamen

465 4053 533 4101 lllsm
553 4057 715 4119 provinciam,
734 4057 890 4104 solummodo
910 4057 976 4118 apud
995 4064 1019 4103 te
1038 4058 1118 4120 iusto,
1145 4071 1175 4103 ne
1194 4070 1297 4116 operum
1316 4053 1477 4102 multitudine
1497 4054 1596 4104 obruar.
1617 4053 1662 4099 sed
1682 4054 1761 4100 ιιιιιιιι
1779 4054 1821 4099 urei

465 4122 558 4181 publici
579 4123 726 4189 (quinquies
746 4126 919 4172 bebdemadlrn
946 4127 1006 4173 mibi
1025 4122 1237 4178 reneinnsrrduml
1257 4127 1319 4172 retie
1338 4125 1484 4171 habentur*
1517 4149 1536 4155 -
1568 4121 1731 4170 Currrludrns
1756 4125 1820 4168 retest

466 4194 641 4241 llecbmaierus
667 4196 715 4256 „de
743 4194 822 4242 milite
842 4196 1009 4253 Caesareano,
1033 4197 1077 4258 qni
1105 4209 1191 4253 agrnrn
1218 4202 1328 4241 nnstmm
1358 4195 1474 4240 hactenns
1500 4202 1679 4253 vestipus-crat.
1719 4194 1746 4239 ln
1766 4206 1818 4252 pap·

467 4270 550 4310 nostre
569 4267 621 4312 ‘200
639 4266 736 4324 pedites
755 4280 798 4326 per
817 4269 832 4313 0
851 4268 1003 4326 septimanas
1022 4264 1143 4327 aluimus,
1168 4267 1312 4328 intorques
1332 4271 1414 4310 tnuren
1435 4269 1489 4308 tuto
1508 4265 1602 4309 rereari
1624 4273 1648 4308 et
1670 4264 1755 4310 emcie
1773 4277 1819 4308 mer

467 4334 568 4393 publico
588 4334 690 4394 defungi
710 4337 771 4383 urilri
790 4337 889 4387 licebat,
910 4350 925 4381 a
944 4335 1013 4382 nullo
1032 4349 1140 4398 unquam
1161 4350 1190 4382 ne
1210 4334 1313 4381 verbulo
1331 4334 1439 4380 inerme·

570 4404 703 4465 Exemplar
720 4406 872 4452 Tabularum
892 4405 964 4460 itud..
985 4406 1049 4465 qued
1071 4407 1142 4453 nobis
1162 4411 1259 4465 praesto
1278 4412 1323 4454 est.
1343 4405 1490 4462 inscriptum
1507 4402 1608 4462 lleplcri
1630 4417 1707 4448 mnnu
1727 4402 1817 4454 ..l'ene-

465 4470 540 4519 rabili
558 4478 582 4519 et
602 4474 745 4521 doctissime
766 4476 796 4525 D.
816 4475 852 4526 ii,
875 4475 1024 4538 lleelrmeicr,
1044 4475 1110 4537 quod
1130 4483 1260 4535 praecepta
1278 4474 1359 4523 Tnbb.
1379 4474 1480 4520 istarum
1507 4475 1660 4519 recensuerit
1679 4471 1840 4532 mutuosque'

470 4542 646 4601 Ephemeridss
665 4558 695 4591 ex
715 4545 746 4591 lis
765 4546 935 4605 computandi,
954 4552 1053 4592 strenue
1073 4554 1197 4606 capesset.
1217 4547 1262 4591 lrec
1281 4544 1410 4605 exenrplar
1428 4543 1452 4594 ιι,
1473 4542 1496 4588 ιι.
1516 4541 1552 4591 dt.
1572 4542 1594 4587 .l.
1618 4542 1756 4603 licplcrns¹
1773 4539 1811 4585 sd

465 4611 525 4658 Nor.
547 4612 642 4671 lew
666 4618 771 4661 testatur
790 4616 946 4661 liselrmaieri
971 4616 1084 4664 studium
1111 4616 1259 4661 smerrdnnrli
1286 4614 1393 4676 librum,
1420 4628 1475 4659 cnm
1495 4611 1582 4659 multis
1609 4615 1708 4673 passim
1727 4611 1817 4659 insertis

466 4683 670 4743 correctionibus,
689 4693 741 4730 tum
760 4685 853 4732 additis
872 4685 902 4733 sd
922 4683 1023 4732 tabulas
1041 4685 1160 4749 quasdam
1181 4684 1371 4746 supplementis.

571 4766 671 4821 Ultima
690 4785 795 4826 earum.
818 4785 887 4835 qune
907 4778 1050 4837 superest,
1069 4769 1245 4837 epistularum
1264 4768 1375 4836 Kepleri
1393 4765 1426 4820 ad
1446 4765 1645 4819 Schiclrerdurn
1665 4767 1766 4834 scripta
1782 4772 1817 4816 est

466 4843 569 4910 Prugan
592 4846 612 4897 l.
632 4843 712 4898 Mart.
733 4848 801 4901 ists
819 4855 845 4899 et
864 4847 931 4899 haec
951 4846 1046 4901 hebet:

553 4935 583 4991 S.
608 4934 643 4993 Ρ.
667 4936 703 4993 D.
750 4936 916 4997 Clarissima
941 4938 1007 5010 Vir,
1039 4940 1147 5013 lrespes
1177 4946 1206 4995 et
1237 4940 1330 4996 amice
1363 4937 1540 4994 charissime.
1588 4936 1700 5011 Scripsi
1733 4934 1816 4994 l‘lma

468 5022 559 5079 lilium
583 5040 680 5080 meum
704 5027 851 5099 accepisse
883 5044 901 5084 a
932 5043 977 5083 me
1008 5029 1048 5084 ‘20
1073 5027 1197 5084 llorenos
1229 5043 1327 5084 neense
1352 5025 1448 5101 Sept,
1483 5034 1513 5081 et
1543 5023 1619 5080 elios
1644 5027 1663 5080 3
1688 5043 1707 5081 a
1729 5038 1816 5080 serere

467 5125 565 5167 mense
594 5109 658 5168 Oct.
704 5109 776 5167 lllos
802 5113 904 5186 jussus
934 5122 995 5172 erat
1025 5114 1078 5171 tibi
1103 5112 1215 5171 tradere
1246 5112 1426 5186 erogandos,
1460 5112 1484 5169 si
1508 5113 1588 5186 prins
1620 5112 1675 5168 tibi
1703 5113 1759 5186 ipsi
1788 5108 1818 5164 dr

468 5192 597 5270 reliquo,
631 5199 712 5276 qued
734 5198 787 5255 tibi
811 5199 962 5273 debebam,
985 5200 1186 5260 satisfecisset
1233 5203 1305 5258 Cum
1330 5217 1365 5258 ex
1389 5208 1439 5256 tuo
1462 5196 1580 5257 silentio
1609 5209 1766 5274 appareat,
1794 5193 1817 5252 id
