4459 6275
867 776 1008 849 Execrpta
1027 796 1061 835 ex
1074 772 1188 837 Tabulis
1200 768 1391 850 Rudelpbluis.
1741 788 1804 854 m

553 951 595 1009 Sit
612 958 742 1024 puuctum
762 952 800 1022 A
817 954 854 1010 ad
871 953 899 1009 id
917 953 972 1011 duo
990 955 1083 1049 auguli
1102 955 1283 1013 obtusiusculi
1300 959 1364 1026 (Fls.
1383 962 1444 1012 100.
1460 976 1488 1025 p.
1505 959 1567 1027 bibl
1585 958 1657 1017 GAD
1679 966 1708 1016 et
1722 960 1805 1030 ΕΔΒ,

441 1044 526 1092 notae
544 1043 659 1129 uterque
677 1035 846 1106 quantitatis,
870 1043 898 1090 et
920 1034 994 1090 latus
1018 1035 1118 1103 prioris
1135 1036 1185 1091 AD
1204 1036 1356 1093 intercedat
1379 1038 1451 1092 iuter
1471 1038 1561 1094 latero
1576 1039 1735 1109 posterioris
1747 1042 1805 1113 ΔΒ,

441 1116 510 1187 AE;
534 1115 653 1171 vicissim
670 1116 744 1171 1ι1ιι
757 1114 917 1184 posterioris
928 1114 977 1171 ΑΒ
995 1116 1147 1172 intercedat
1164 1118 1237 1172 inter
1253 1118 1339 1174 latera
1357 1134 1456 1188 prioris
1468 1120 1533 1186 AD
1558 1120 1618 1187 AO3
1637 1120 1724 1175 latera
1742 1134 1805 1179 vere

442 1192 554 1264 angulis
573 1196 680 1252 obtusis
706 1197 838 1252 subtensa
856 1195 901 1251 ct)
920 1201 948 1249 et
965 1195 1014 1251 ΕΒ
1033 1197 1202 1252 constituant
1229 1213 1310 1252 unum
1328 1204 1431 1252 rectam
1450 1196 1502 1251 ΟΒ.
1539 1198 1580 1253 sit
1606 1199 1723 1268 denique
1740 1208 1806 1256 nota

442 1276 586 1345 proportio
605 1276 731 1331 binorum
748 1275 863 1330 laterum
882 1290 899 1329 ι
917 1272 1014 1329 dextra
1031 1280 1124 1345 parte,
1150 1292 1187 1332 sc.
1209 1276 1265 1340 AG,
1283 1275 1342 1345 All,
1360 1284 1427 1331 nota
1443 1284 1472 1332 et
1487 1279 1628 1347 proportio
1646 1279 1770 1337 binorum
1788 1298 1806 1337 a

441 1354 563 1423 sinistra,
582 1354 641 1410 soss
665 1356 731 1421 AB,
754 1354 813 1408 AD
850 1352 966 1422 Oportet
982 1352 1122 1423 indagare,
1142 1355 1235 1424 quanti
1254 1355 1311 1411 sint
1328 1355 1473 1424 angaltii,
1491 1356 1532 1422 Ε,
1550 1357 1591 1422 D,
1607 1359 1645 1429 B,
1664 1365 1692 1413 et
1709 1359 1805 1427 quanti

444 1432 520 1489 (lAE
539 1440 568 1488 et
584 1432 683 1501 reliqui
701 1431 736 1489 ad
754 1435 787 1488 A

549 1512 620 1581 Quia
639 1513 722 1582 igitur
741 1513 821 1583 GAD,
849 1513 920 1569 EAB
939 1517 1003 1568 sunt
1021 1467 1129 1581 obtusi,
1152 1511 1235 1567 dueta
1257 1528 1292 1568 ea
1309 1512 1332 1565 A
1351 1512 1618 1582 p‹··rpendtcn1arts
1607 1528 1636 1569 ιι
1654 1516 1699 1571 Bc
1724 1516 1806 1574 cadet

441 1590 517 1647 iutra
534 1591 598 1646 bina
617 1598 645 1648 et
662 1591 725 1647 blna
742 1591 838 1663 latera,
856 1593 892 1648 sit
909 1592 979 1647 haec
996 1588 1056 1649 AF
1076 1608 1147 1662 quae
1164 1591 1188 1645 si
1206 1598 1325 1661 ponatur
1338 1607 1399 1647 asse
1415 1593 1492 1647 sinus
1504 1598 1588 1661 totns,
1606 1594 1634 1648 in
1651 1610 1685 1650 ea
1702 1594 1804 1651 dinen

441 1672 520 1726 sione
539 1679 657 1741 quatuor
673 1671 761 1727 latera
778 1673 849 1726 circa
868 1671 982 1726 obtusos
999 1668 1114 1724 totidem
1131 1677 1212 1725 ιιιιι
1228 1676 1353 1725 secantes
1372 1669 1548 1741 angulorum,
1571 1686 1641 1741 quos
1658 1672 1747 1730 latera
1764 1675 1804 1729 ia·

441 1751 520 1805 ciunt
543 1766 605 1804 curn
629 1750 678 1807 AF
701 1750 929 1820 perpendiculari.
975 1750 1042 1805 Com
1066 1758 1158 1806 autern
1181 1751 1324 1822 trianguli
1347 1754 1402 1807 sint
1424 1749 1623 1819 complementa
1642 1752 1804 1821 angulorum

441 1830 471 1891 (1,
490 1829 524 1895 Β,
543 1828 577 1893 D,
596 1830 619 1883 B
638 1828 838 1898 quaesitorum,
868 1827 977 1883 illarum
995 1828 1078 1897 igitur
1095 1828 1228 1885 linearum
1245 1830 1400 1897 logaritbmi
1426 1837 1507 1886 ιιιιι
1528 1828 1610 1885 iidem
1628 1846 1689 1885 cum
1706 1833 1804 1887 honum

442 1908 630 1976 quaesitorum
648 1908 810 1979 angulorum
827 1907 1011 1978 legaritbmis;
1030 1908 1163 1963 linearum
1181 1909 1290 1978 quidem
1308 1910 1434 1979 privativi
1452 1916 1529 1976 sunt,
1547 1909 1648 1977 quippo
1665 1910 1727 1965 siun
1744 1919 1805 1973 totu

441 1988 590 2057 majorum,
609 1988 724 2042 istorum
742 2003 806 2043 vero
824 1987 941 2051 positivi,
960 1986 1025 2054 quia
1041 1988 1139 2043 horum
1157 1988 1234 2043 sinus
1253 1997 1318 2044 sunt
1334 1996 1395 2045 toto
1412 1991 1539 2045 minores.
1575 1988 1650 2058 Ergo
1662 1993 1814 2059 proportio

440 2065 551 2120 illarum
569 2066 701 2121 linearum
720 2068 772 2120 erit
790 2064 943 2119 differentia
961 2064 1196 2134 legaritlrmorunu,
1211 2082 1291 2135 quos
1308 2067 1412 2122 habent
1435 2066 1527 2136 anguli
1546 2066 1627 2127 (1.11,
1646 2068 1680 2132 D,
1697 2070 1730 2124 B.
1766 2072 1804 2126 Et

441 2160 506 2198 cum
523 2145 571 2198 AF
590 2143 671 2199 cadat
688 2143 760 2203 inter
776 2144 842 2197 bina
859 2150 887 2197 et
904 2142 969 2197 bina
986 2143 1081 2205 latera,
1099 2153 1186 2213 patet,
1202 2146 1278 2214 quod
1295 2145 1410 2201 laterum
1429 2160 1464 2199 ex
1481 2158 1537 2199 una
1554 2153 1632 2212 parte
1650 2145 1802 2205 breviorum

440 2222 586 2295 proportio
604 2222 641 2277 sit
658 2224 760 2289 minor,
785 2229 817 2277 nt
833 2223 892 2289 AB,
911 2222 974 2277 AD
998 2238 1033 2276 ex
1051 2223 1138 2280 altera
1155 2233 1233 2294 parte
1250 2222 1403 2294 longiorum
1422 2224 1563 2294 proportio
1581 2225 1682 2293 mtq'or,
1701 2235 1733 2283 ut
1748 2230 1803 2296 Α(1,
1846 2250 1849 2259 ·

440 2302 502 2356 AF.
539 2301 663 2371 Amplius
680 2303 844 2369 memineris,
864 2303 937 2369 quod
954 2302 1043 2358 lineae
1051 2319 1147 2373 ,quae
1166 2306 1328 2375 privativum
1346 2304 1429 2360 babet
1445 2304 1651 2375 legaritbnrum,
1672 2305 1802 2363 brevioris

439 2379 531 2435 minor
549 2380 585 2433 sit
603 2380 791 2450 legarithmus,
809 2379 940 2449 longioris
958 2382 1052 2450 major.

550 2459 594 2512 Ex
622 2459 667 2513 his
694 2459 881 2514 fundamentis
908 2469 1084 2530 praeceptum
1112 2462 1235 2519 nascitur
1259 2462 1323 2517 tale
1359 2461 1414 2515 Per
1436 2460 1641 2530 proportionem
1668 2462 1800 2517 minorem

440 2536 511 2606 (AD,
532 2536 601 2600 AB),
618 2544 650 2592 ιι
672 2536 871 2604 legaritirmum.
895 2554 1012 2609 excerpe
1039 2556 1140 2595 areum.
1179 2542 1246 2596 (lum
1268 2542 1352 2610 igitur
1376 2539 1491 2609 angulus
1510 2538 1597 2604 ACD,
1614 2540 1801 2609 quaesitorum

438 2632 530 2684 nnus,
558 2617 594 2671 sit
617 2622 694 2671 certo
717 2617 807 2671 minor
830 2618 1029 2687 complemento
1051 2620 1136 2685 hujus
1160 2635 1241 2675 arcus
1268 2619 1303 2674 ad
1326 2618 1519 2687 quadrantem,
1548 2632 1621 2687 ponc
1642 2616 1717 2673 bunc
1740 2630 1801 2673 ease

439 2692 553 2762 notum,
574 2710 659 2763 pone,
677 2695 801 2764 iuquam,
829 2697 917 2750 minus
940 2696 1043 2764 aliquid
1060 2696 1108 2751 illo
1127 2698 1335 2766 complemento.
1371 2698 1472 2754 Ablata
1487 2698 1572 2764 igitur
1593 2695 1730 2765 positione
1747 2698 1800 2755 hac

440 2787 584 2828 asumma
607 2772 768 2839 auguriorum
788 2776 820 2833 (1.
847 2776 872 2829 D
891 2774 946 2843 (qui
973 2789 1034 2828 eum
1053 2775 1125 2829 (iAD
1149 2784 1216 2830 uoto
1233 2774 1339 2830 iaciunt
1364 2776 1435 2830 duos
1457 2776 1566 2845 rectos),
1587 2774 1725 2830 residuum
1748 2778 1800 2833 erit

438 2858 574 2919 tauquam
597 2849 714 2917 angulus
726 2851 758 2904 D.
796 2852 885 2919 Hujus
899 2866 964 2917 erpo
976 2852 1165 2921 logarithmum
1184 2852 1255 2908 adde
1268 2852 1302 2907 sd
1314 2855 1523 2922 proportionem·
1529 2855 1668 2921 minorem,
1686 2870 1800 2921 ιιιιιιι,

441 2935 472 2983 ιι
491 2926 680 2995 logarithmus,
700 2928 841 2984 exhibebit
859 2929 943 2984 veluti
961 2928 1090 2997 angulum
1109 2930 1143 2985 Β.
1172 2928 1233 2985 Hoc
1244 2945 1309 2984 rero
1327 2931 1419 2986 ablato
1437 2946 1573 2987 asumma
1588 2930 1703 2987 duorum
1714 2934 1746 3001 B,
1764 2935 1799 2999 Ε,

440 3007 612 3076 relinquetur
639 3007 717 3076 quasi
741 3008 858 3077 angulus
881 3008 914 3063 Β.
954 3007 1045 3075 liujus
1068 3009 1153 3079 igitur
1175 3009 1369 3075 loparitbmnm
1400 3010 1470 3065 adde
1492 3010 1666 3079 proportioni
1686 3013 1798 3080 ιιιιιιιε

439 3100 560 3154 mxuma,
581 3092 613 3142 ut
629 3085 818 3155 legarithmus
836 3086 976 3143 exhibebit
994 3087 1123 3157 angulum
1143 3087 1164 3143 G
1182 3088 1387 3160 correctiorem,
1413 3104 1493 3159 quam
1510 3096 1571 3148 erat
1587 3089 1665 3146 initio
1681 3091 1798 3161 positus.

437 3166 482 3222 Ab
492 3166 554 3221 boc
575 3166 658 3234 igitur
675 3164 777 3234 angulo
796 3167 825 3234 G,
841 3167 900 3234 jam
919 3168 1084 3237 correctiori,
1112 3176 1242 3236 tanquam
1261 3185 1279 3224 ι
1296 3184 1366 3223 nora
1382 3168 1518 3239 positione
1539 3167 1673 3238 repetitus
1690 3185 1799 3239 proces·

437 3259 487 3300 ιιι
506 3243 593 3312 exibit
615 3244 644 3298 in
663 3242 859 3298 correctionem
877 3245 1025 3300 secundam
1043 3245 1196 3315 positionis.
1230 3246 1279 3302 Bis
1297 3261 1362 3302 rere
1389 3255 1514 3302 correcta
1530 3246 1681 3316 positione,
1706 3247 1799 3303 statim

436 3322 586 3395 apparebit
606 3322 739 3391 analogia,
757 3337 828 3390 quae
847 3322 929 3380 ducet
947 3322 982 3379 ad
1000 3324 1182 3380 minutissima
1199 3324 1367 3395 corrigenda
1404 3323 1533 3380 Correcte
1545 3323 1679 3394 anguloc
1695 3332 1798 3382 etcum

437 3419 471 3460 eo
490 3401 572 3456 etiam
591 3401 625 3466 Β,
643 3402 676 3461 Ι),
696 3401 726 3467 Β,
745 3415 795 3468 per
813 3401 1025 3456 subtractionem
1045 3401 1065 3456 (1
1083 3401 1119 3456 ab
1136 3401 1162 3456 Ε
1179 3401 1298 3457 habetur
1315 3408 1343 3455 et
1360 3401 1477 3468 angulus
1497 3403 1576 3459 ΒΑΕ.

551 3478 595 3533 lta
612 3478 748 3547 positione
773 3479 854 3533 unius
878 3479 912 3533 de
930 3488 1048 3546 quatuor
1072 3478 1194 3548 angulis,
1222 3478 1269 3546 qui
1287 3479 1501 3551 quaerebantur,
1529 3482 1797 3553 compendiosissime

436 3558 549 3614 venitur
572 3556 606 3611 ad
625 3554 814 3612 certitudinem
833 3558 952 3613 omnium
970 3567 1097 3627 quatuor.
1123 3560 1198 3627 quod
1216 3560 1286 3616 citra
1303 3558 1526 3627 legaritbmorum
1544 3576 1655 3630 operam
1671 3559 1797 3618 ιοιιιιιίι

436 3645 488 3694 aut
504 3635 678 3704 impossibile
695 3633 796 3690 luisset
812 3643 860 3690 aut
878 3634 979 3692 laboris
996 3637 1129 3692 immensi.

544 3713 603 3770 Etsi
621 3728 687 3768 vero
707 3729 773 3768 usus
791 3716 933 3784 praecepti
951 3716 1034 3784 hrp'us
1052 3716 1080 3770 in
1098 3716 1142 3772 his
1160 3715 1260 3772 tabulis
1279 3715 1405 3784 specialis
1422 3722 1465 3771 ast
1486 3716 1520 3772 'in
1538 3716 1703 3772 stationibus
1721 3715 1796 3770 inda·

435 3793 545 3864 oeandis,
563 3801 596 3847 ιι
613 3793 754 3863 praelatus
773 3809 841 3860 sum,
860 3793 955 3848 censui
973 3800 1072 3860 tamen,
1090 3791 1297 3862 proponendum
1315 3792 1368 3848 hoc
1385 3793 1446 3847 loco
1457 3794 1629 3861 generaliter,
1648 3793 1712 3861 quia
1729 3807 1795 3849 usus

435 3873 500 3943 ejus
518 3871 601 3927 etiarn
624 3872 653 3926 in
671 3870 732 3926 aliis
751 3872 1000 3941 computationibus
1024 3886 1085 3926 esse
1102 3872 1216 3940 poterit,
1243 3879 1272 3926 et
1289 3872 1354 3939 quia
1372 3870 1553 3940 exemplum
1545 3888 1648 3940 ipsum,
1666 3869 1795 3925 abutendi

435 3950 612 4019 leparitbmis
629 3949 664 4004 ad
683 3951 856 4019 operationes
875 3950 944 4005 tales
962 3947 1161 4016 inartificiales,
1186 3948 1220 4004 de
1237 3949 1361 4019 pluribus
1380 3950 1442 4005 aliis
1461 3949 1589 4005 affinibus
1616 3949 1704 4018 deque
1721 3948 1794 4018 loga-

436 4028 600 4084 ritbmdrum
617 4027 653 4084 ad
671 4044 718 4084 eas
735 4027 888 4097 aptitudine
906 4026 1035 4082 monebit

545 4144 705 4210 estpars.
735 4144 1049 4209 uapulauerant
1065 4139 1584 4207 Deprosthapbaeresrbusorbtsaunnt‘
1604 4147 1795 4211 praeceptotti.

437 4215 559 4267 docetur:
577 4214 732 4283 Excerpere
749 4212 792 4266 rel
810 4207 1085 4282 computarepro‘sth.
1103 4225 1153 4266 seu
1170 4209 1322 4279 parallaxiu
1335 4211 1420 4278 orbis,
1439 4221 1463 4263 ct
1480 4216 1506 4262 tn
1519 4215 1567 4262 uua
1586 4214 1698 4263 additor:
1718 4213 1796 4265 Hanc

435 4291 618 4348 communiter
635 4290 793 4362 parallaxin
812 4306 861 4345 seu
879 4289 1141 4359 prostbaplraeresin
1159 4288 1232 4344 orbis
1250 4290 1342 4358 magni
1360 4290 1500 4358 appellant
1513 4288 1678 4358 (lopernicus
1690 4296 1718 4344 et
1729 4290 1795 4344 Pru·

435 4367 547 4426 tcnicae
566 4376 594 4423 et
611 4369 753 4425 brevitatis
773 4383 856 4423 causa
874 4367 1136 4438 prosthaphaeresia
1159 4367 1233 4423 orbis
1253 4367 1420 4436 simpliciter.
1455 4366 1548 4437 Tycha
1565 4367 1688 4421 Braheus
1712 4359 1795 4423 inter·

437 4448 506 4504 dum
525 4447 675 4518 appellarit
692 4447 954 4516 prosthaphacresin
972 4449 1091 4505 eccentri
1114 4465 1169 4504 non
1187 4449 1268 4518 plane
1286 4449 1410 4519 proprie,
1437 4447 1484 4502 scd
1504 4463 1536 4502 ιο
1555 4455 1697 4516 respectu,
1721 4447 1794 4518 quod

435 4535 564 4583 centrum
584 4524 701 4594 alicujus
719 4526 898 4591 conceptrici,
923 4528 952 4582 in
970 4541 1024 4596 quo
1042 4526 1130 4581 fertur
1146 4526 1322 4594 eccentricus,
1341 4526 1455 4595 ejusque
1478 4525 1551 4579 linea
1569 4525 1706 4596 apsidum,
1733 4541 1794 4580 cum

434 4606 499 4674 ipso
519 4603 583 4682 Sole
609 4591 804 4660 circumiens'
796 4621 823 4659 ιι
848 4621 938 4660 annuo
966 4605 1044 4675 orbe,
1071 4613 1200 4660 causetur
1226 4604 1297 4659 hanc
1318 4603 1584 4673 prosthapheeresiu.
1621 4603 1794 4673 Maginusia

435 4682 535 4751 Suppl.
545 4673 676 4751 thern.
700 4683 821 4753 appellat
847 4684 1035 4753 aequationem
1063 4682 1135 4738 orbis
1160 4682 1203 4738 vel
1228 4683 1379 4750 argumenti
1402 4681 1528 4751 planetae
1551 4697 1586 4736 ex
1609 4679 1793 4750 Alpbonsiuis.

386 4761 388 4768 '
436 4761 613 4816 Ptolemaeus
631 4761 891 4831 prosthapbaeresin
910 4762 1023 4835 epinycli
1042 4762 1117 4816 dixit.

544 4842 687 4905 GaplteX.
705 4845 767 4894 Tab.
787 4845 851 4892 llud.
870 4843 1027 4910 lieplerus„
1030 4843 1161 4893 Tabulam
1179 4845 1264 4906 auguli
1282 4845 1439 4906 potissimum
1460 4853 1506 4903 pro
1525 4839 1792 4902 prostbapbaeresibus

435 4915 507 4965 orbis
529 4915 556 4962 tn
575 4915 591 4963 t>
609 4912 737 4975 plausus*
756 4914 895 4978 explicans,
914 4916 975 4963 heac
993 4911 1079 4965 raian:
1106 4911 1284 4966 Desideratur
1302 4927 1318 4965 ι
1337 4908 1435 4964 turbulis
1453 4905 1641 4962 astronomicis
1665 4920 1793 4995 conopeo
1813 4931 1817 4936 ·

435 4999 482 5046 tus
501 4988 601 5058 aliquis
622 4989 783 5045 varietatum
801 4989 1088 5058 prostbaphacresium
1107 4991 1196 5052 orbis,
1221 4999 1253 5043 ut
1269 4986 1527 5057 prosthapbaeresin
1544 5001 1608 5040 uero
1632 4982 1800 5052 proximam,

435 5069 466 5123 iu
486 5074 619 5134 quantum
635 5069 689 5123 hec
706 5069 808 5137 petitur
824 5068 893 5121 mira
909 5066 1080 5136 planetarum
1105 5068 1249 5134 varinas,
1260 5080 1406 5133 excerpere
1429 5072 1457 5119 ιι
1473 5070 1603 5131 nuquam
1621 5060 1786 5130 positionem

435 5146 548 5203 felicem
568 5147 696 5216 deinceps
714 5163 766 5217 per
783 5145 959 5216 legarithnros
977 5145 1102 5199 excolere
1121 5151 1149 5199 et
1165 5144 1258 5198 limare
1275 5142 1382 5211 possim
1400 5141 1588 5198 calcidatores.

542 5225 593 5281 liis
617 5226 652 5282 de
675 5227 764 5282 ιιιιίι
787 5228 928 5283 construxi
952 5227 1010 5296 jam
1025 5234 1101 5283 aute
1117 5229 1217 5282 multos
1234 5241 1322 5282 annes
1347 5224 1468 5281 tabulam
1486 5226 1578 5295 anguli
1602 5224 1737 5295 prolixam
1750 5219 1791 5276 ad

489 5332 584 5383 sepiar
598 5331 681 5384 Opera.
696 5333 736 5376 Vl.
1540 5320 1579 5379 37
