4459 6275
386 744 395 757 ’
434 782 500 845 art
876 874 879 881 Ι
935 777 1289 853 mantissimas

434 958 546 1037 angulo
568 957 669 1032 utu,
701 959 828 1038 angulus
858 977 928 1021 reru
952 958 1036 1020 cue
1067 959 1115 1020 vel
1139 960 1215 1021 cet
1245 961 1315 1022 addi
1346 960 1384 1023 ad
1414 962 1613 1039 compositum
1642 976 1680 1022 ex
1701 960 1785 1041 nau,

316 1100 318 1105 .
434 1046 523 1107 lidii
545 1053 575 1106 et
596 1046 634 1105 ad
657 1047 754 1122 ΠΛΡ,
786 1057 818 1107 ut
840 1047 988 1107 anomalia
1014 1047 1143 1108 secundo
1172 1057 1337 1127 coaequata
1366 1056 1604 1128 repraesentetur
1625 1050 1657 1107 in
1678 1050 1785 1127 ramis

434 1136 478 1194 aie
501 1137 652 1209 correctis,
675 1153 693 1195 a
715 1136 824 1212 quibua
847 1144 945 1195 manen
967 1135 1123 1195 schematis
1146 1139 1221 1196 ratio
1243 1154 1302 1197 riou
1325 1137 1429 1199 ieviter
1451 1137 1604 1210 abhorret,
1635 1138 1692 1195 ulai
1712 1138 1785 1197 exii

434 1231 568 1283 secautas
591 1224 671 1299 ipsas
695 1222 756 1295 CA,
781 1222 846 1297 cit,
872 1223 920 1283 ct>
944 1222 1087 1295 eduxeris,
1111 1222 1222 1284 indices
1244 1224 1301 1285 loci
1325 1224 1427 1285 Lunae
1450 1226 1494 1285 sie
1513 1222 1648 1285 seeundo
1666 1228 1785 1301 musti,

435 1308 515 1386 quod
539 1309 655 1369 ridetur
677 1312 839 1369 iutrieatius
862 1307 942 1390 (eide
966 1309 1071 1369 librum
1085 1310 1146 1387 V.).
1192 1310 1230 1370 Et
1251 1312 1339 1389 liuius
1361 1314 1531 1391 posterioris
1555 1328 1628 1371 usus
1650 1322 1785 1389 respeau,

433 1413 499 1457 curu
522 1398 547 1456 is
571 1408 714 1473 congruat
735 1396 773 1455 ad
795 1414 926 1456 normam
951 1399 1088 1457 usitatam
1111 1400 1320 1475 aequationem
1344 1403 1372 1458 iu
1395 1400 1539 1479 planetis,
1563 1402 1646 1477 prior
1666 1400 1787 1461 semielt·

434 1483 534 1557 mins,
561 1502 581 1543 a
603 1483 710 1560 copula
739 1501 873 1561 apogaea
896 1487 1028 1561 inceptus
1051 1484 1089 1544 ad
1112 1502 1244 1545 normam
1267 1490 1395 1548 usitatae
1417 1490 1634 1559 astronomiae,
1662 1498 1787 1549 omsetu

434 1571 543 1632 habere
566 1572 749 1631 allectionem
771 1574 1006 1652 subtractoriam,
1028 1572 1184 1648 secundus,
1208 1577 1342 1653 inceptus
1365 1593 1384 1635 a
1406 1574 1514 1654 copula
1532 1578 1683 1653 perigene,
1704 1576 1787 1637 adee-

432 1659 542 1720 iionem
565 1658 764 1735 adjectoriam.

524 1746 871 1822 Quomadoappellatur
892 1748 975 1807 lucau
991 1747 1101 1807 Laruae
1123 1746 1244 1807 duabus
1256 1751 1432 1823 praenimia
1452 1748 1788 1827 manducanai-affa-

432 1832 508 1893 tur?
540 1834 689 1911 Respecto
719 1843 873 1895 secuturae
903 1837 1005 1895 tertiae
1033 1834 1280 1910 aequatiuucuiaa
1313 1835 1418 1896 dicitur
1451 1835 1534 1897 iocus
1565 1834 1671 1895 Lunae
1703 1854 1787 1915 propa

309 1934 311 1941 ·
434 1936 523 1981 verus
547 1924 576 1980 iu
598 1921 749 1998 'Pythonis
771 1922 1093 1999 Progymuaamatibus.

520 2000 638 2084 Quibus
662 2011 734 2082 jam
763 2011 876 2086 leuibus
903 2013 1063 2086 utriusque
1088 2011 1209 2085 aaronis
1238 2016 1267 2067 ai
1286 2010 1403 2069 solutae
1425 2017 1453 2069 at
1481 2018 1660 2071 menstruae
1680 2018 1787 2087 tampa-

434 2114 550 2156 macac
573 2098 749 2157 anoruaiiaa
771 2101 965 2173 aequationaa
986 2101 1066 2156 inter
1088 2115 1118 2156 ae
1139 2099 1359 2171 permiscentur
1386 2100 1422 2156 in
1442 2114 1543 2157 unum
1568 2098 1787 2174 compositam?

440 2186 468 2244 l.
497 2184 619 2262 Semper
646 2185 749 2260 majori
782 2194 864 2261 parte
895 2185 1142 2246 semicirculorum
1175 2184 1407 2243 accumulantur.
1451 2184 1485 2244 ld
1516 2203 1552 2245 ex
1584 2202 1623 2245 eo
1653 2188 1787 2263 sequitur,

436 2272 508 2348 qaia
531 2271 640 2331 dictum
663 2279 721 2331 eet:
745 2288 804 2348 quo
828 2282 957 2349 tempore
979 2273 1163 2346 semicirculi,
1187 2273 1216 2329 in
1240 2272 1338 2331 soluta
1360 2271 1479 2348 quidem
1494 2272 1661 2333 ascendens
1682 2272 1787 2333 atdra-

353 2372 355 2381 ·
386 2354 389 2361 ’
435 2358 571 2433 candens,
595 2360 623 2417 in
647 2367 795 2419 menstrua
819 2377 889 2419 vcro
912 2361 968 2418 ista
990 2362 1147 2419 crescentis
1163 2366 1192 2418 et
1214 2363 1392 2419 senescentia
1409 2358 1518 2431 Lunae,
1541 2378 1574 2420 se
1589 2368 1695 2421 mutuo
1711 2360 1786 2437 quasi

437 2447 570 2507 biseeant
591 2446 788 2525 applicatione
812 2450 1013 2520 terminorum,
1044 2449 1252 2523 aequationem
1275 2455 1451 2506 menstruam
1474 2464 1540 2509 esse
1562 2446 1653 2525 piane
1675 2446 1787 2507 unllam

435 2532 658 2612 Quamprimum
681 2536 769 2611 igitur
791 2543 835 2594 est
857 2534 958 2610 aliqua
981 2535 1176 2611 inaequalitas
1198 2544 1360 2607 menstma,
1388 2534 1450 2610 jam
1472 2534 1539 2612 plus
1562 2535 1729 2612 quadrante
1750 2544 1788 2597 esi

436 2624 465 2681 iu
487 2620 671 2682 semicirculo
695 2625 859 2695 crescentia,
883 2625 1102 2681 communicans
1124 2624 1151 2680 ci
1174 2638 1258 2681 suam
1281 2623 1474 2682 allectionem.

526 2712 556 2771 2.
585 2710 618 2768 iu
642 2710 760 2768 residua
780 2718 864 2786 parte
888 2709 1219 2791 semicirculorumubi
1242 2717 1310 2769 suut
1333 2710 1502 2770 affectiones
1524 2712 1601 2770 iuter
1622 2728 1657 2771 se
1678 2718 1787 2770 eoum·

435 2798 507 2870 riae,
530 2796 562 2855 fit
585 2796 746 2856 subtractio
769 2798 889 2856 mitioris
905 2799 1090 2874 aequationis
1113 2796 1261 2872 amajori,
1285 2804 1314 2857 et
1329 2804 1387 2856 stat
1407 2798 1456 2873 jus
1479 2797 1786 2858 denominatiouiaaea

436 2883 600 2945 domionis
621 2884 659 2943 ab
683 2883 828 2944 elemento
851 2884 964 2961 majori.

526 2974 556 3035 3.
579 2970 705 3047 Quando
729 2988 799 3048 erga
822 2982 891 3030 suut
913 2975 942 3030 iu
965 2970 1079 3049 copulis
1102 2970 1228 3048 apsides,
1252 2979 1321 3030 tune
1344 2970 1427 3029 Lnua
1449 2973 1479 3029 ln
1503 2970 1634 3048 quadras
1658 2974 1786 3033 renituit

435 3075 494 3120 nou
517 3072 668 3121 ureustrua
690 3067 803 3133 tantum
826 3062 980 3136 aequatio,
1008 3057 1060 3118 sed
1084 3060 1174 3117 etiam
1197 3060 1360 3138 composite
1390 3076 1426 3118 ex
1450 3058 1565 3119 duobus
1587 3058 1786 3121 clementinis

435 3150 578 3208 maximat
602 3165 642 3208 sc.
669 3146 703 3205 l⁰
727 3147 787 3208 ὅθ’.

523 3238 554 3296 i.
583 3234 708 3311 Quando
732 3232 850 3312 apsides
873 3236 901 3293 in
925 3232 1053 3308 quadras
1077 3231 1224 3304 incidunt,
1248 3240 1319 3292 tuuc
1339 3238 1402 3292 into
1425 3251 1526 3295 menso
1550 3233 1687 3295 technicn
1710 3235 1786 3310 (etia

436 3332 578 3401 quantum
601 3324 657 3383 iroc
680 3330 743 3382 toto
767 3339 865 3381 mense
888 3319 1013 3380 naturali
1038 3338 1138 3379 venum
1153 3320 1210 3396 esi)
1232 3323 1423 3396 aequatioues
1446 3325 1624 3399 proueniunt
1638 3322 1786 3400 simplicat,

437 3409 502 3487 lege
525 3411 655 3485 solutueq
679 3427 731 3468 nec
755 3418 799 3468 eat
822 3409 922 3485 aliqua
945 3417 1092 3467 menstrua
1115 3409 1264 3483 aequatio,
1288 3426 1348 3484 qua
1370 3425 1436 3468 cum
1459 3407 1510 3469 iiia
1532 3413 1751 3487 permisceatur.

525 3500 553 3557 5.
585 3496 710 3572 Quando
740 3496 859 3573 apsides
884 3505 952 3554 sunt
975 3496 1047 3554 locis
1071 3495 1263 3568 intermediis,
1295 3513 1348 3555 seu
1372 3498 1400 3553 iu
1425 3500 1607 3571 octantibus,
1637 3516 1674 3558 eo
1697 3513 1787 3557 meust

438 3586 523 3644 Luna
545 3588 574 3643 iu
598 3585 711 3662 copulis
734 3583 851 3660 quidem
873 3583 963 3643 habet
985 3586 1192 3659 aequationem
1214 3584 1393 3659 simplicem,
1417 3585 1532 3660 legibus
1555 3585 1724 3646 anomaliae
1744 3601 1788 3642 so-

437 3671 527 3746 lutae,
551 3679 582 3731 at
606 3674 633 3730 iu
658 3671 779 3749 quadris
802 3673 938 3744 existens,
963 3670 1038 3729 ultra
1062 3670 1099 3744 id,
1125 3670 1202 3745 quod
1226 3672 1253 3729 ei
1277 3674 1416 3747 competit
1437 3671 1551 3747 legibus
1574 3672 1709 3744 solutae,
1732 3688 1789 3730 sor·

438 3763 509 3820 titur
537 3763 625 3820 etiam
657 3759 830 3837 particulam
860 3757 896 3817 de
925 3761 1101 3833 aequatione
1126 3767 1289 3829 menstrua,
1320 3767 1430 3834 quanta
1452 3769 1551 3836 potest
1573 3760 1626 3818 iila
1648 3759 1711 3820 fieri
1733 3767 1788 3818 toto

438 3848 490 3908 iiio
512 3850 619 3907 metiris
644 3845 768 3907 teeiuiici
791 3849 926 3920 semisse3
956 3846 1082 3921 deuiquc
1111 3847 1139 3902 iu
1164 3846 1282 3923 apsidas
1313 3847 1442 3905 incidens
1471 3848 1563 3922 gibba
1587 3847 1635 3906 rel
1659 3849 1788 3907 cornitu-

432 3935 508 4006 iaia,
540 3937 648 4012 quibus
681 3936 709 3992 in
741 3936 857 4010 punctis
888 3951 986 3993 carere
1017 3932 1119 3992 debuit
1141 3935 1318 4009 aequatione
1341 3951 1378 3993 cx
1400 3933 1516 4009 legibus
1538 3934 1675 4006 solutae,
1708 3933 1790 3992 habel

437 4031 533 4083 tamen
558 4023 688 4099 aliquam
711 4023 917 4098 aequationem
940 4030 1134 4094 menstruam
1158 4022 1287 4079 vicissim
1304 4022 1333 4077 iu
1356 4020 1468 4081 medias
1483 4021 1684 4096 longitudines
1707 4022 1790 4098 gihit

436 4111 483 4170 rel
508 4109 687 4170 comieulata
712 4112 841 4180 veniens,
866 4110 914 4167 ubi
938 4110 1093 4168 maximam
1118 4110 1243 4185 acquirit
1265 4111 1470 4184 aequationem
1492 4106 1559 4184 iege
1582 4110 1715 4185 solutae,
1737 4123 1787 4167 unt

435 4197 538 4274 adjicit
560 4205 659 4256 tamen
683 4198 839 4255 maximum
863 4205 1050 4255 menstruam.
1178 4244 1187 4266 ,

523 4292 608 4362 Quae
628 4285 700 4343 diue
721 4287 857 4358 sequitur
879 4285 1083 4360 inaequalitas
1104 4285 1244 4358 partium
1261 4283 1394 4341 mensis?
1415 4282 1517 4342 Potest
1540 4285 1674 4342 semissis
1689 4283 1789 4343 mensis

434 4392 452 4430 a
475 4373 588 4449 quadra
611 4371 648 4430 ad
673 4369 814 4446 quadram
838 4387 988 4430 excurrere
1012 4372 1143 4448 proxime
1166 4368 1203 4428 ad
1226 4369 1288 4428 dies
1310 4369 1450 4443 sedecim,
1475 4371 1605 4430 semissis
1628 4369 1704 4430 aiter
1724 4387 1789 4430 enu-

437 4460 512 4518 trahi
537 4459 574 4518 ad
598 4458 661 4518 dies
684 4457 823 4517 tredecim
847 4475 912 4516 curu
937 4457 1066 4531 dimidio,
1091 4456 1181 4535 paulo
1205 4455 1280 4532 plus.

480 4597 532 4657 De
564 4601 682 4659 teriia
715 4597 1008 4672 inaequalitate
1039 4605 1162 4656 motus
1188 4594 1317 4657 Lunata
1346 4597 1383 4654 in
1414 4596 1583 4672 longum,
1614 4613 1680 4657 seu
1711 4593 1753 4656 de

988 4685 1238 4744 Variatioue.

525 4808 679 4880 Quomodo
700 4807 848 4884 differunt
870 4810 949 4864 iuter
971 4824 1001 4864 se
1022 4810 1056 4864 in
1077 4807 1182 4883 forma
1206 4807 1439 4881 inaequalitates
1460 4814 1652 4876 mmatruae,
1683 4813 1790 4884 tanpo·

435 4911 532 4954 rariea
562 4895 705 4953 imaum
734 4896 900 4970 explicata,
930 4901 957 4952 et
984 4902 1063 4953 ttaia
1086 4912 1138 4952 sau
1159 4901 1307 4969 perpetua
1332 4895 1400 4965 jam
1423 4897 1568 4968 sequens?
1608 4897 1635 4954 l.
1668 4893 1790 4970 Tempu·

434 5000 540 5056 tanea,
570 4989 603 5040 ut
624 4981 748 5052 dietum,
776 4983 900 5058 junctim
924 4982 1068 5058 dependet
1091 4993 1151 5039 tam
1174 4981 1212 5038 ab
1237 4996 1387 5055 apogaeo,
1416 4998 1505 5055 quam
1528 4999 1547 5040 a
1570 4981 1650 5040 linea
1672 4981 1789 5057 copula·

435 5087 512 5145 tum3
544 5079 685 5147 perpetua
714 5068 859 5146 dependet
887 5088 905 5128 a
932 5069 996 5128 sola
1027 5069 1104 5126 linea
1135 5069 1313 5142 copularum.
1360 5071 1389 5124 2.
1419 5067 1474 5126 iliu
1500 5071 1592 5127 oritur
1615 5087 1651 5128 ex
1674 5085 1789 5145 compa·

434 5159 547 5217 ratione
570 5157 795 5217 eeeeutricitatis
820 5157 920 5217 Lunae
943 5175 1008 5216 euru
1031 5155 1120 5234 piuuo
1144 5155 1243 5214 circuli
1267 5154 1503 5228 illuminationis,
1534 5157 1609 5216 liaeo
1624 5158 1725 5217 existit
1745 5171 1789 5232 pet

435 5243 560 5306 sautia
589 5242 732 5306 monium
759 5242 998 5318 illuminationis,
1030 5241 1083 5304 sed
1112 5245 1186 5302 citra
1208 5249 1370 5320 respectum
1393 5244 1629 5307 eccnntricitatis.
1674 5245 1710 5306 3.
1739 5241 1789 5302 ilia
