4459 6275
433 754 497 816 teo
583 775 590 792 ·
929 756 1073 826 Epitomes
1090 750 1281 810 Astrono'miee

433 945 541 1004 gonum
565 935 727 1006 octogonus
751 938 815 1004 ete,
849 931 887 991 ad
909 941 1108 1011 pentagonum
1132 931 1315 1011 decagonus,
1338 933 1508 1010 icosigonus
1531 940 1599 1009 etc,
1623 932 1658 994 ad
1676 942 1763 1012 pente·

432 1015 672 1094 lraedecagonum
695 1020 933 1096 triaconta'gonus
951 1022 1011 1081 etc.

523 1105 603 1181 Quot
627 1115 701 1166 aunt
725 1110 820 1183 ἱρέων
842 1108 1000 1182 aspecturi
1031 1108 1124 1168 Vetus
1146 1106 1306 1184 astrologia
1328 1109 1462 1184 agnoscit
1492 1115 1609 1167 tantum
1640 1111 1765 1184 quinque:

434 1191 669 1267 cunjunctionem
690 1191 764 1274 (or),
788 1212 853 1253 cum
876 1195 950 1254 radii
972 1195 1155 1272 planetarum
1179 1196 1311 1255 binorum
1334 1198 1363 1253 in
1387 1195 1507 1255 Terram
1525 1195 1767 1255 descendentesiu

381 1282 384 1289 '
434 1296 521 1338 unam
544 1281 760 1356 coniunguntur
789 1282 911 1357 lineam3
943 1283 1022 1359 quod
1054 1292 1098 1342 est
1126 1282 1219 1346 veluti
1245 1284 1418 1359 principium
1447 1290 1620 1359 aspectuum
1650 1286 1769 1342 omniura

435 1364 465 1444 2)
488 1364 719 1444 oppositionem
731 1367 807 1449 (φ),
831 1386 896 1428 cum
913 1371 974 1428 bini
995 1369 1069 1429 radii
1092 1378 1159 1429 sunt
1173 1369 1306 1447 ejusdcm
1321 1377 1417 1430 rectae
1432 1378 1539 1447 partes,
1562 1387 1617 1429 eeu
1632 1387 1696 1429 curn
1710 1369 1771 1429 dure

435 1464 557 1531 quartae
579 1465 677 1533 partes
700 1458 799 1516 circuli
823 1474 841 1515 a
864 1458 940 1516 binis
962 1457 1052 1517 radiis
1075 1461 1252 1534 interceptae
1275 1466 1351 1531 sunt,
1375 1457 1465 1516 idest
1489 1474 1565 1517 unus
1582 1457 1772 1517 semicirculus.

436 1538 466 1619 3)
488 1541 685 1618 'tetragonum
708 1561 760 1602 seu
784 1543 957 1620 quadratum
979 1544 1051 1626 (U),
1083 1563 1148 1604 cum
1173 1563 1231 1604 uua
1254 1556 1367 1621 quarta.
1414 1542 1445 1622 4)
1473 1543 1637 1627 Trigonum
1659 1562 1711 1604 seu
1734 1548 1774 1603 tri·

433 1645 503 1687 num
526 1625 608 1711 (Δ),
647 1647 712 1689 cum
741 1649 800 1691 una
830 1636 916 1691 tertia
943 1650 994 1691 seu
1025 1633 1099 1692 duae
1129 1641 1238 1692 sextae.
1286 1637 1319 1708 5)
1347 1632 1541 1707 Hexagonum
1572 1649 1627 1691 seu
1658 1632 1775 1692 sextilem

434 1713 501 1796 (alr),
525 1734 590 1775 cum
614 1735 672 1777 una
686 1726 779 1779 sexta
823 1718 881 1779 Sed
905 1720 1125 1780 observationes
1141 1719 1385 1796 meteorologicae
1409 1718 1587 1780 addiderunt
1605 1722 1777 1780 semisexlcn

436 1811 465 1862 et
487 1807 679 1879 quincuncem
702 1823 738 1865 ex
760 1806 966 1884 dodecagono,
991 1826 1056 1868 curn
1079 1806 1191 1867 scilicet
1213 1824 1270 1866 una
1292 1806 1339 1868 vel
1361 1809 1492 1884 quinque
1517 1809 1638 1880 unciae,
1670 1807 1725 1865 lroc
1745 1816 1777 1866 ut

436 1891 626 1952 duodecimae
649 1892 758 1964 circuli,
782 1897 867 1968 signa
890 1895 994 1968 dictae,
1019 1897 1248 1972 intercipiuntur,
1272 1903 1304 1953 ut
1327 1899 1369 1954 ita
1392 1911 1492 1954 omues
1514 1904 1617 1969 partes
1640 1894 1777 1954 division's

436 1978 632 2040 duodenariae
655 1981 754 2040 circuli
777 1996 846 2040 suos
869 1983 1029 2059 praebeant
1050 1990 1196 2059 aspectus.

522 2066 577 2126 His
601 2086 669 2127 vero
693 2067 836 2127 accedunt
857 2070 908 2128 alii
932 2079 1058 2146 quatuor
1081 2088 1118 2128 cx
1141 2070 1308 2146 decagono:
1333 2068 1443 2143 decilis,
1467 2069 1518 2143 qui
1534 2070 1685 2145 intercipit
1705 2085 1779 2125 omn

437 2153 579 2213 decimam
605 2156 717 2228 circuli,
749 2156 894 2232 quintilis,
927 2160 976 2234 qui
1006 2158 1077 2217 duas
1102 2176 1154 2216 seu
1178 2174 1265 2215 utram
1289 2159 1434 2233 quintam,
1466 2155 1625 2234 trideciiis,
1660 2158 1711 2233 qui
1735 2166 1780 2213 tres

437 2239 573 2316 decimas,
598 2242 775 2321 biquintilis,
800 2245 848 2318 qui
872 2254 998 2320 quatuor
1021 2245 1149 2305 decimas
1173 2262 1225 2303 seu
1248 2244 1321 2303 duas
1344 2247 1475 2321 quintas,
1506 2244 1617 2319 quibus
1640 2260 1674 2302 se
1697 2241 1781 2300 itidem

437 2331 585 2388 associant
607 2331 773 2405 conjunctio
796 2339 825 2391 ct
848 2335 1003 2411 oppositio,
1027 2335 1136 2410 quippe
1159 2349 1236 2408 quae
1259 2332 1388 2408 quinque
1410 2331 1554 2404 decimas,
1586 2330 1616 2389 id
1640 2340 1688 2389 est
1708 2331 1782 2390 reui-

437 2413 576 2476 cit'culum
599 2419 753 2494 intercipit

524 2503 627 2564 Solent
648 2514 678 2565 et
696 2506 873 2567 medicorum
896 2507 947 2580 illi,
972 2509 1021 2583 qul
1045 2507 1082 2563 ad
1106 2523 1204 2565 curum
1219 2522 1372 2581 aegromnr
1394 2511 1445 2564 aut
1461 2502 1498 2563 ad
1522 2506 1614 2563 crises
1629 2503 1783 2563 adsciscunt

438 2590 642 2669 astrologiam,
672 2593 766 2653 solent
795 2596 912 2671 inquam
937 2604 1112 2670 octogonum
1135 2592 1336 2667 considerare,
1370 2595 1399 2650 in
1420 2608 1480 2669 quo
1504 2608 1620 2650 rursum
1645 2600 1783 2649 occurrorl

438 2679 614 2754 conjunctio,
633 2681 738 2755 octilis,
764 2681 1027 2758 semiquadrusscu
1045 2681 1217 2755 sequuturos,
1241 2684 1291 2756 qui
1308 2689 1442 2740 octavam
1457 2687 1571 2756 partem
1587 2678 1691 2738 circuli
1711 2681 1783 2736 iutu-

385 2780 387 2787 '
439 2767 518 2842 cipit,
543 2766 711 2843 quadratus,
737 2772 786 2844 qui
811 2768 883 2828 duas
906 2776 1043 2841 octavas,
1069 2768 1202 2827 trioctilis
1220 2785 1272 2827 scu
1295 2758 1482 2844 sesquadrus,
1508 2769 1559 2843 qui
1584 2774 1645 2825 tres
1670 2778 1783 2835 ecura,

439 2856 596 2932 oppositio,
621 2872 699 2930 quae
721 2866 859 2932 quatuor.

528 2941 665 3018 Quanam
687 2960 724 3002 ec
746 2947 783 3002 iia
804 2952 876 3002 suut
885 2946 1054 3019 praecipui,
1079 2950 1106 3000 et
1129 2945 1183 3018 qui
1205 2950 1373 3001 ceterorum
1389 2939 1529 3017 prodas?
1550 2939 1782 3016 conjunctioni

438 3031 612 3108 principium
636 3030 772 3105 omnium,
797 3032 951 3109 oppositio,
976 3040 1007 3088 ut
1030 3047 1106 3107 quac
1130 3032 1255 3088 occurrit
1276 3032 1306 3086 in
1329 3029 1465 3087 omnibus
1489 3028 1582 3087 tribus
1603 3027 1782 3086 divisionibus

440 3117 555 3191 circuli,
587 3117 763 3194 quadratus,
795 3121 899 3194 utqui
922 3120 1046 3178 occurrit
1069 3120 1097 3176 in
1123 3116 1250 3190 duobus,
1274 3134 1343 3176 area
1367 3116 1476 3193 ligurae
1507 3117 1656 3175 existente
1680 3112 1782 3182 ellebili.

440 3205 568 3276 sextilis,
594 3214 626 3264 ut
649 3207 732 3282 cnjus
754 3205 832 3265 latus
855 3213 899 3265 est
922 3205 1052 3278 ellabile,
1076 3208 1258 3278 semisexlus,
1282 3211 1314 3262 ut
1335 3203 1421 3280 cujus
1443 3202 1521 3262 lalus
1543 3205 1729 3279 perfectioris
1747 3218 1783 3260 or·

441 3295 516 3351 dinis
540 3295 614 3352 iuter
635 3295 807 3364 ineffabilia,
840 3303 870 3353 et
892 3294 969 3369 quod
993 3292 1151 3351 duodecies
1174 3294 1329 3369 repetitum
1351 3293 1443 3351 ambit
1465 3290 1587 3367 planum
1612 3291 1744 3351 ellabile:
1762 3297 1784 3345 rt

440 3383 541 3450 trinus,
566 3389 598 3439 ut
621 3382 704 3456 cujus
727 3382 804 3441 latus
828 3390 871 3440 est
898 3381 1012 3440 ellabile
1037 3382 1177 3458 potentia.

529 3468 654 3527 Secundi
679 3468 787 3526 ordinis
811 3478 894 3525 sunt:
919 3469 1049 3543 quintilis
1071 3476 1099 3526 et
1122 3465 1298 3542 biquintilis,
1322 3468 1407 3540 qnia,
1432 3467 1486 3524 ctsl
1510 3464 1606 3523 latera
1629 3482 1731 3524 eorum
1749 3466 1784 3518 in·

442 3554 569 3615 effabilia
586 3554 736 3614 deterioris
760 3556 942 3624 conditionis,
966 3556 1142 3631 participant
1165 3564 1260 3611 tamen
1285 3556 1358 3611 inter
1381 3571 1411 3611 sc
1434 3556 1626 3629 proportione
1650 3553 1784 3610 dirimet

443 3644 553 3718 figurae
583 3644 666 3718 ipsae
698 3649 848 3718 praestant
870 3643 1058 3715 congruentia
1081 3646 1109 3700 in
1142 3642 1249 3715 ligures
1272 3640 1394 3710 solidas,
1426 3640 1532 3715 quibus
1567 3640 1684 3698 accedit
1716 3642 1785 3714 quin·

443 3747 526 3802 cuux,
551 3733 621 3805 quia
636 3729 730 3804 figura
752 3731 815 3804 ejus
832 3730 955 3788 secunda
978 3737 1022 3789 est
1037 3732 1065 3787 in
1090 3732 1279 3804 congruentia
1296 3728 1456 3803 planorum,
1482 3726 1559 3784 latus
1583 3730 1699 3785 socium
1714 3727 1786 3784 senti·

443 3817 565 3880 sextilis.
612 3818 722 3877 Decilis
746 3835 815 3876 vero
839 3826 867 3876 ct
886 3818 1022 3876 tridceilis
1042 3818 1104 3891 jum
1123 3818 1364 3891 incongruentia
1381 3815 1526 3873 deliciunt.
1576 3815 1720 3872 vilissimi
1735 3823 1787 3870 eunt

444 3907 539 3969 octilis
562 3915 591 3966 et
613 3904 800 3981 sesquadrus,
825 3908 894 3981 quia
917 3907 1076 3964 lornruntur
1099 3903 1237 3962 lateribus
1261 3921 1315 3961 nec
1339 3903 1513 3970 effabilibus,
1538 3919 1593 3959 nec
1616 3903 1788 3977 proportione

444 3998 544 4056 divina
575 3994 649 4065 usis,
683 4010 736 4050 ncc
768 3995 895 4050 vicissim
927 3993 1118 4051 sublevantur
1148 3993 1255 4063 insigni
1283 3991 1473 4064 congruentia
1505 3988 1627 4063 figurae.
1683 3993 1788 4047 Ceterae

444 4086 554 4159 figurae
579 4080 820 4139 demonstrabiles
841 4081 902 4154 jam
927 4090 1037 4137 tanlunr
1061 4088 1243 4137 recesserunt
1265 4097 1283 4133 a
1305 4077 1481 4152 perfectione
1503 4078 1657 4151 utriusque
1681 4075 1787 4150 generis.

444 4183 476 4229 ut
499 4171 656 4230 efficacitas
681 4185 779 4226 earum
803 4176 960 4225 evanescat
981 4170 1009 4223 in
1031 4164 1187 4223 formandis
1206 4166 1381 4242 aspectibus.
1406 4165 1450 4222 lle
1474 4164 1519 4221 his
1542 4164 1612 4222 ride
1629 4164 1733 4222 librum
1748 4159 1787 4218 ll'.

445 4258 688 4317 Harmonicorum
712 4272 851 4313 meorum.

535 4346 689 4418 Compara
711 4345 891 4416 praecipuos
914 4348 1050 4415 aspectae
1072 4358 1140 4397 cum
1169 4340 1312 4414 pbrreibue
1338 4338 1455 4394 Lunae.
1493 4337 1578 4396 Luna
1608 4340 1637 4395 in
1663 4337 1788 4412 conjunc-

446 4437 524 4492 tione
548 4451 612 4490 cum
637 4431 705 4488 Solu
728 4441 772 4487 est
797 4446 875 4486 treva
899 4428 944 4486 vel
968 4427 1072 4497 silens,
1105 4430 1132 4482 in
1156 4426 1252 4483 sextili
1277 4426 1354 4484 Solis
1379 4436 1423 4481 est
1445 4426 1643 4497 corniculata,
1671 4428 1701 4482 in
1727 4439 1788 4496 qur·

447 4521 529 4578 druto
545 4521 623 4579 Solis
640 4529 685 4576 est
702 4519 821 4587 bisecta,
846 4518 874 4571 in
893 4518 967 4572 trino
984 4515 1061 4572 Solis
1076 4524 1121 4572 cst
1136 4515 1234 4588 gibba,
1260 4511 1449 4590 riqrqrnuprng,
1474 4515 1501 4569 in
1518 4512 1597 4570 Solis
1620 4514 1788 4590 oppositione

448 4619 492 4668 est
514 4608 611 4684 plena.
660 4605 735 4664 Vide
758 4605 876 4663 schema
901 4605 950 4662 66.

536 4696 615 4772 Quot
637 4693 753 4769 gradus
777 4693 822 4749 uel
836 4695 925 4765 siqua
947 4690 1036 4749 babel
1050 4691 1173 4765 quilibet
1197 4696 1333 4763 aspectus
1358 4695 1385 4745 el
1408 4686 1559 4762 quomodo
1575 4679 1789 4744 numerantur?

560 4794 631 4840 Stans
697 4791 764 4830 trabat
842 4785 931 4826 Gradus

585 4857 603 4908 0
657 4848 818 4914 Conlunctio
882 4853 899 4892 Ι)
1178 4844 1371 4905 (Numerantur
1389 4841 1415 4893 in
1435 4839 1536 4895 circulo
1554 4853 1670 4906 magno,
1693 4835 1737 4905 qui
1751 4846 1788 4902 prr

590 4937 598 4986 l
657 4929 824 4981 Semisextns
867 4925 901 4978 :to
1233 4924 1293 4975 loca
1311 4922 1434 4974 lrinorunr
1458 4919 1630 4987 planetarum
1656 4917 1787 4981 contiguu-

694 5006 792 5059 lucius
938 5007 971 5060 :ro
1233 5011 1320 5054 torrrnr
1344 5000 1369 5051 in
1390 4999 1505 5067 sphaera
1530 4997 1647 5049 lixarum
1665 4992 1787 5048 rnlnms

692 5085 786 5138 Octilis
1013 5081 1047 5135 lb
1231 5079 1397 5148 intelligitur,
1417 5079 1462 5144 qui
1476 5075 1561 5131 estad
1581 5074 1730 5144 eclipticam
1744 5068 1786 5140 ple

588 5171 604 5224 2
658 5164 767 5220 Sextilis
867 5163 901 5218 ab
1231 5171 1345 5229 rumque
1365 5151 1510 5229 obliquus.)

692 5242 819 5313 Quintilis
938 5243 972 5297 72
