4459 6275
436 789 496 848 tao
934 781 1075 853 Epitomes
1093 781 1281 839 astronomiae

538 955 575 1009 l't
593 952 616 1009 si
635 952 791 1022 superficies
809 970 897 1023 aquae
915 964 987 1011 esset
1005 964 1120 1011 extensa
1136 972 1185 1026 per
1202 955 1301 1011 lineam
1319 962 1420 1011 rectam
1439 956 1487 1011 DF
1514 957 1543 1011 in
1560 956 1722 1011 immensum
1744 970 1783 1011 tu·

432 1048 535 1103 perque
553 1048 612 1086 eam
630 1032 759 1086 emineret
775 1047 853 1087 mons
873 1035 910 1098 li,
936 1034 1000 1101 quia
1017 1034 1112 1090 eadem
1131 1034 1203 1089 linea
1220 1035 1268 1089 DF
1287 1043 1360 1089 esset
1378 1034 1459 1089 etiam
1477 1034 1550 1089 linea
1567 1037 1657 1101 meus,
1683 1050 1785 1103 semper

432 1114 460 1165 in
478 1118 595 1166 montem
615 1110 638 1164 Ι)
657 1109 786 1179 incidens,
804 1111 861 1167 sive
880 1113 905 1166 in
925 1112 949 1166 Ε
967 1120 1041 1169 esset
1059 1114 1155 1169 oculus
1174 1113 1230 1167 sive
1248 1112 1276 1166 in
1294 1112 1316 1164 l'
1335 1112 1390 1165 sire
1408 1113 1435 1165 in
1452 1126 1617 1180 quocunque
1635 1110 1690 1165 alio
1708 1110 1785 1179 hedua

433 1190 520 1245 lineae
538 1196 641 1259 puncto
660 1189 847 1245 remotissimo.
1558 1215 1564 1226 ·

520 1297 635 1358 Deinde
662 1315 753 1359 naves
782 1307 835 1358 aut
863 1308 977 1361 montes
1007 1303 1131 1378 primum
1157 1301 1291 1360 videntur
1319 1301 1356 1359 ab
1386 1302 1469 1375 apice
1492 1300 1576 1373 mali,
1608 1296 1730 1376 quando
1751 1298 1785 1359 ab

438 1387 502 1462 ejus
525 1386 600 1463 pede
624 1385 715 1446 videri
745 1386 875 1447 nondum
897 1398 1037 1463 possunt,
1072 1390 1160 1448 etium
1191 1407 1256 1448 cum
1280 1389 1369 1446 nullis
1391 1389 1509 1448 ornnino
1532 1387 1671 1447 fluctibus
1702 1403 1786 1463 aspe-

433 1482 532 1533 rantur
556 1473 668 1547 urrdae,
692 1473 757 1533 solo
782 1478 902 1533 tumoris
926 1493 1025 1534 corum
1049 1476 1177 1551 objectu.

523 1562 625 1622 Proba
654 1561 689 1619 dc
715 1570 776 1621 totu
806 1582 905 1637 aquea
933 1563 1098 1639 saepesqicic.
1150 1564 1195 1622 lie
1225 1572 1287 1621 tota
1317 1564 1494 1638 experientia
1532 1561 1678 1621 hodierna
1713 1557 1786 1619 idem

438 1649 546 1721 docuit,
570 1666 634 1708 esse
657 1651 792 1707 niurimm
816 1660 1058 1723 consummatum,
1082 1650 1110 1707 id
1135 1657 1178 1707 est
1202 1650 1329 1725 undiquc
1354 1654 1381 1707 in
1404 1669 1436 1709 se
1459 1664 1635 1709 conversum
1657 1648 1786 1725 globum.

433 1736 634 1797 l'erdinundus
657 1736 843 1811 Magellanus
873 1756 907 1795 ex
937 1737 1080 1815 Hispania
1110 1736 1228 1796 solvens
1260 1755 1361 1797 uersus
1384 1754 1521 1796 occasum
1543 1738 1715 1811 nauigauit,
1745 1738 1787 1793 in-

435 1834 583 1899 ventoque
608 1824 681 1882 ireto
709 1826 874 1900 penetrauit
902 1842 937 1882 ex
961 1824 1110 1883 Atlantico
1135 1840 1245 1883 oceano
1268 1827 1297 1881 in
1321 1824 1414 1882 Eoum
1441 1825 1537 1899 adque
1560 1823 1715 1883 llloluecas
1736 1839 1788 1899 ap·

433 1912 526 1988 pulit;
549 1910 626 1970 urrde
648 1911 768 1971 solvens
792 1928 849 1971 rrna
873 1914 957 1971 navis
981 1914 1121 1971 continuo
1144 1919 1173 1969 et
1194 1912 1305 1971 directo
1328 1910 1526 1991 (nequaquem
1541 1928 1612 1971 vero
1635 1908 1788 1985 converso)

434 2016 529 2072 crrrsu,
554 2014 669 2075 semper
692 2015 793 2057 uersus
807 2015 952 2071 occasum,
975 2016 1028 2076 per
1051 2015 1192 2058 occanum
1216 1998 1350 2060 Indicum
1372 2009 1403 2059 et
1424 1999 1621 2072 Atlanticum,
1649 1997 1734 2058 velut
1754 2012 1786 2057 ex

434 2090 545 2145 oriente
569 2103 687 2144 reuersa
710 2094 754 2144 est
778 2085 911 2158 domum,
935 2087 1012 2145 urrde
1036 2088 1155 2145 exierat.

522 2176 652 2251 Apparet
675 2190 761 2249 ergo,
793 2172 975 2249 superficiem
1006 2191 1100 2248 nqeue
1132 2184 1158 2230 et
1184 2182 1277 2232 terrae
1308 2176 1336 2231 in
1369 2192 1401 2234 sc
1432 2175 1527 2250 ipsam
1555 2171 1651 2231 redire
1680 2170 1786 2231 circulo

389 2258 395 2271 '
434 2260 673 2334 circumductam,
698 2276 793 2337 neque
816 2260 899 2321 coeto
920 2270 1075 2339 connatam
1099 2260 1268 2320 adhaerere.

521 2346 568 2406 Dc
597 2364 682 2424 aqua
710 2346 832 2423 quidem
862 2351 935 2421 istu,
970 2347 1021 2406 secl
1048 2366 1090 2406 on
1122 2355 1149 2406 et
1182 2350 1216 2406 in
1247 2351 1431 2409 continentes
1461 2348 1565 2407 coelem
1598 2342 1787 2422 sequestrium?

436 2440 508 2495 Cam
532 2451 660 2495 oceanus
682 2437 720 2493 sit
743 2437 825 2494 terris
849 2435 1005 2495 interfusus
1028 2436 1065 2495 ab
1082 2438 1194 2495 oriente
1218 2438 1246 2493 in
1263 2436 1444 2495 occidentem
1467 2453 1625 2510 rursusque
1649 2435 1786 2492 inorieu·

434 2534 507 2595 tem,
540 2524 663 2598 ejusque
686 2521 744 2581 duo
767 2522 897 2596 ingentia
920 2540 1048 2598 aequora
1077 2522 1193 2582 dnobus
1221 2524 1302 2583 tretis
1331 2524 1494 2595 corilluant,
1524 2522 1617 2581 altero
1641 2522 1730 2579 nobis
1750 2518 1784 2578 ad

434 2610 630 2677 succidentem,
661 2609 739 2684 quod
763 2610 867 2667 luctum
892 2609 1119 2687 blagcllanicum
1143 2608 1324 2688 appellatur,
1353 2609 1444 2669 altero
1467 2610 1505 2668 ad
1530 2613 1687 2675 orientem,
1717 2610 1786 2665 inter

434 2717 540 2758 trovam
565 2696 709 2757 Goineam
726 2706 768 2756 ¹et
794 2695 962 2756 lloluccaa:
998 2698 1088 2756 'lurra
1118 2700 1204 2773 igitur
1237 2697 1376 2756 diuiditur
1405 2699 1442 2755 ab
1473 2714 1584 2757 oceano
1616 2698 1646 2753 in
1675 2701 1786 2773 partem

433 2784 690 2864 septentrionalem
714 2786 871 2862 cognitam,
895 2794 924 2843 et
947 2785 1104 2844 australem
1128 2788 1267 2861 ignotam,
1295 2802 1383 2861 quam
1405 2784 1538 2845 similiter
1560 2780 1787 2863 blagellanioaut

433 2875 564 2934 elicimus.

520 2960 646 3019 ltursrtm
678 2975 805 3018 oceanus
830 2966 934 3017 terram
958 2956 1215 3036 septentrionalem
1242 2969 1309 3035 post
1330 2958 1494 3017 Tartariam
1522 2955 1680 3031 interfluit,
1713 2954 1788 3015 diri·

434 3048 507 3108 ‹lens
531 3066 596 3107 eam
620 3050 648 3105 in
672 3046 745 3105 duas
770 3048 960 3118 continentes,
985 3048 1135 3122 antiquum
1160 3053 1189 3105 et
1211 3062 1326 3119 novam,
1351 3062 1440 3121 quam
1462 3044 1626 3105 Americam
1651 3044 1787 3113 dicturum

435 3153 562 3197 oceanus
584 3136 672 3212 igitur
694 3142 753 3194 tres
768 3132 875 3193 Terrae
898 3136 1095 3211 continentes,
1120 3132 1212 3193 voluti
1235 3143 1293 3193 tres
1315 3135 1449 3210 ingentes
1471 3132 1582 3192 insulas
1605 3130 1787 3194 circumfluit.

520 3223 619 3282 Tertio
643 3225 823 3282 continentes
847 3224 920 3281 istae
943 3224 998 3280 etsi
1021 3231 1090 3281 sunt
1112 3221 1309 3299 amplissimae
1317 3265 1324 3295 ,
1353 3228 1451 3281 tamen
1473 3238 1600 3281 oceanum
1622 3237 1656 3280 se
1679 3224 1717 3280 iis
1739 3231 1788 3300 pet

435 3321 532 3388 partes
556 3313 699 3380 insinuat,
733 3319 763 3367 ut
787 3313 870 3384 quasi
902 3312 930 3366 in
954 3309 1123 3387 peninsulas
1147 3308 1328 3382 dividantur,
1358 3311 1409 3366 vix
1435 3310 1651 3384 angustissimis
1673 3305 1787 3368 istbmlt

436 3400 635 3457 entraerentes.
689 3396 754 3456 lloc
785 3395 872 3455 modo
904 3396 1038 3456 rtrnerica
1067 3399 1096 3454 in
1129 3404 1241 3473 partem
1275 3395 1434 3455 australem
1468 3405 1498 3454 et
1529 3395 1786 3472 septentrionalem

436 3487 571 3566 (quarum
596 3483 647 3543 illa
669 3483 801 3542 l‘eruaua
827 3483 905 3543 dictu
928 3493 981 3556 est,
1005 3485 1078 3543 traco
1100 3502 1178 3542 noua
1201 3481 1356 3562 Hispania)
1378 3485 1462 3558 quasi
1486 3482 1608 3541 dircmta
1624 3491 1687 3556 cst;
1710 3483 1788 3542 antl-

436 3576 534 3650 quitus
559 3589 628 3631 uero
657 3581 726 3629 nota
749 3573 899 3631 continens
930 3574 957 3628 in
983 3572 1145 3650 Europum,
1179 3571 1307 3630 Africam
1333 3580 1362 3629 ct
1387 3570 1505 3643 Asiam,
1537 3569 1668 3630 maribus
1691 3567 1787 3629 bledl-

436 3671 583 3731 terranco,
614 3657 719 3730 lenio,
751 3666 841 3735 ponto
874 3659 988 3717 Ermino
1017 3669 1045 3717 et
1069 3659 1186 3731 liubro,
1218 3675 1294 3734 quae
1323 3666 1392 3716 sunt
1419 3659 1502 3732 qnasi
1529 3660 1612 3716 sinus
1641 3659 1732 3717 unius
1760 3665 1786 3716 ct

436 3745 567 3822 ejusdem
592 3748 702 3806 oceani.
749 3745 826 3822 Ergo
849 3748 984 3822 nuspiam
1008 3746 1161 3805 Terrarum
1186 3743 1271 3804 valde
1299 3743 1400 3821 procul
1424 3746 1529 3804 abstrm
1553 3747 1640 3802 unius
1663 3753 1694 3805 et
1716 3759 1786 3804 cott-

436 3836 507 3896 tinui
532 3836 633 3893 occani
656 3836 745 3891 sinus.

521 3921 612 3980 Hisce.
635 3922 676 3978 sic
700 3920 874 3979 habentibus
891 3919 1046 3996 perpende,
1070 3921 1171 3992 maria,
1195 3937 1253 3995 qua
1275 3920 1350 3978 inter
1372 3937 1403 3978 sc
1426 3920 1557 3994 proxime
1571 3921 1690 3992 coeunt,
1715 3915 1787 3978 mtt-

437 4013 491 4068 mis
515 4008 775 4080 intercedentibus,
807 4010 985 4083 experientia
1008 4017 1081 4065 teste
1112 4006 1234 4065 eandem
1257 4005 1387 4065 obtinere
1416 4004 1625 4084 propemodum
1644 4004 1787 4064 'altitudi-

437 4116 502 4155 nem
535 4105 563 4154 et
591 4099 633 4154 sic
663 4095 759 4154 omnia
793 4094 878 4152 litoru
903 4097 1098 4153 circumcirca.
1144 4093 1258 4153 lleinde
1281 4091 1437 4170 perpende,
1467 4095 1595 4169 origines
1625 4091 1786 4167 flaminum,

436 4203 511 4258 rqrrae
537 4187 565 4240 in
594 4183 665 4242 lracc
696 4185 787 4241 rrraria
818 4199 849 4240 se
880 4192 1052 4255 exorrernnt,
1084 4179 1254 4258 plerumque
1287 4184 1315 4237 iu
1344 4179 1495 4239 altissimis
1525 4199 1589 4240 esse
1620 4181 1787 4242 intimarum

436 4274 644 4328 enrrtinentimn
668 4270 825 4328 montibus.
873 4268 1047 4345 l'lernmqnc
1072 4270 1159 4327 etiam
1182 4268 1308 4346 plurium
1332 4268 1496 4342 ssiri-iorum,
1521 4269 1551 4325 in
1574 4266 1788 4328 arcanissimus

441 4358 543 4435 ,niueas
567 4356 769 4427 detinentium,
801 4357 894 4414 sorites
919 4360 992 4415 inter
1015 4374 1045 4414 se
1069 4359 1192 4431 presumi
1214 4365 1297 4426 sunt,
1326 4353 1572 4414 medicamentis
1599 4355 1676 4432 jugo
1698 4357 1787 4416 iuter·

437 4445 565 4504 cedente.
612 4445 716 4520 ltaque
739 4442 820 4502 nulla
844 4443 950 4503 'l'errac
973 4463 1039 4520 pars
1065 4444 1154 4503 rrrrrlto
1179 4452 1222 4503 est
1237 4443 1324 4502 altior
1345 4443 1466 4500 srrnrmis
1481 4443 1632 4502 tluminum
1648 4443 1787 4504 sontibus.

437 4536 466 4590 st
498 4550 566 4606 ergo
601 4533 695 4592 lentos
724 4550 782 4590 aon
806 4529 897 4590 multo
922 4543 988 4590 sunt
1022 4530 1141 4591 altiores
1171 4531 1323 4598 litoribus,
1355 4533 1477 4590 senices
1504 4547 1622 4606 quoque
1644 4533 1788 4590 monuo·

437 4619 641 4678 altissimorum
665 4637 722 4676 non
746 4620 838 4678 inulto
862 4619 1041 4697 superabunt
1058 4618 1180 4678 candem
1196 4618 1312 4677 litorum
1337 4619 1487 4693 ipsiusque
1504 4618 1580 4678 adeo
1594 4621 1686 4678 erraris
1701 4617 1788 4678 until·

437 4725 493 4782 que
516 4706 677 4765 circumfusi
702 4706 895 4765 altitmlinem.

526 4795 681 4869 (istomodo
711 4795 835 4869 parebas,
866 4797 962 4870 sontes
993 4796 1158 4869 flunrinum
1188 4811 1252 4851 aare
1281 4810 1340 4850 eme
1369 4794 1467 4852 nrultu
1496 4794 1619 4852 altiores
1648 4795 1788 4852 litoribus

438 4885 556 4940 maris?
601 4879 727 4938 l'rimum
750 4891 852 4940 nutant
877 4881 1049 4958 hydragupi.
1073 4899 1132 4939 non
1155 4881 1217 4938 sine
1241 4880 1370 4955 periculo
1392 4882 1525 4954 navigari
1547 4881 1682 4952 durium,
1706 4881 1788 4956 cujum

437 4969 641 5026 libramentum
665 4970 692 5024 iu
717 4967 848 5026 ducentis
872 4969 1007 5044 passibus
1032 4985 1089 5026 uno
1112 4984 1201 5043 passu
1225 4967 1411 5042 deprimatur.
1455 4967 1525 5026 Jam
1548 4984 1619 5026 reru
1647 4968 1788 5044 pleraque

439 5058 568 5114 maxima
591 5057 679 5113 totius
703 5055 780 5112 orbis
805 5057 923 5114 llrrnriua
948 5054 1131 5130 navigabilia
1153 5064 1237 5116 serat:
1261 5055 1372 5113 ntrllnm
1396 5058 1484 5131 igitur
1507 5071 1607 5114 eorrtm
1630 5065 1685 5124 cst,
1707 5051 1786 5131 quot

437 5159 487 5217 per
511 5141 636 5202 ducenta
659 5141 795 5200 uuilliaria
816 5146 862 5200 stri
894 5160 996 5202 cursus
1025 5159 1082 5200 uuo
1105 5140 1220 5200 milliari
1248 5142 1391 5200 subsidat.
1438 5141 1551 5201 lleiuda
1579 5143 1786 5218 perpendetur.

438 5229 539 5288 tlrrtios
571 5233 659 5288 totius
690 5230 768 5287 orbis
798 5233 939 5288 ruranirnns
969 5241 996 5288 et
1021 5232 1070 5304 qni
1094 5229 1248 5306 plurimum
1272 5229 1422 5288 Terrarum
1455 5231 1645 5300 errretimrtrrr,
1680 5229 1785 5308 potiori
