4459 6275
410 778 414 789 '
520 802 583 865 stc
1017 798 1160 871 roseus·
1177 797 1367 856 nmmos

518 993 597 1054 qums
623 976 715 1039 bobes
740 978 984 1039 obacrmca?
1015 978 1153 1056 Aunios
1173 977 1239 1052 bic,
1267 985 1301 1038 ut
1325 978 1388 1054 iam
1415 975 1454 1037 de
1474 976 1628 1037 borlsontc
1648 983 1732 1038 rocio
1753 973 1871 1051 dicium,

518 1073 699 1139 octacilius,
723 1073 753 1125 et
774 1072 856 1125 tauto
879 1067 982 1136 minor,
1003 1074 1115 1142 quanto
1137 1067 1257 1144 propior
1276 1067 1393 1142 punctis
1412 1062 1696 1141 aequinoctialibus,
1726 1078 1873 1140 nunquan

518 1159 616 1213 umen
648 1160 758 1230 aequat
788 1151 1030 1229 complementum
1063 1153 1268 1214 declinationis
1306 1154 1467 1226 maximoe,
1496 1153 1527 1209 iu
1565 1153 1630 1228 ipso
1664 1167 1739 1210 saro
1773 1150 1873 1211 solsti-

517 1239 583 1299 tiaii
612 1247 721 1317 puteo
746 1247 793 1301 est
811 1247 918 1302 rectus
963 1238 1048 1302 Ultra
1078 1239 1237 1300 solstitiale
1262 1246 1404 1317 puuctum
1433 1240 1556 1300 obtusus
1588 1236 1713 1298 eilicitm
1741 1248 1873 1318 ποιμα

517 1325 718 1388 antecedeutb
744 1327 908 1389 remotioris
937 1330 1130 1406 aequinoctii,
1159 1334 1264 1388 acutos
1291 1334 1325 1387 ut
1354 1329 1434 1405 prins
1460 1332 1594 1403 rmpectu
1620 1326 1776 1402 sequentis
1804 1342 1874 1403 pro-

518 1430 620 1491 prona.

506 1576 511 1586 ἱ
604 1500 636 1560 Si
659 1519 677 1560 a
699 1500 848 1562 solstitiali
870 1503 968 1563 vicino
989 1511 1101 1580 puncto
1122 1508 1289 1562 numeretur
1309 1500 1340 1559 iu
1361 1508 1521 1575 sequatorc
1543 1515 1630 1558 arcus
1646 1497 1785 1576 aequalis
1805 1516 1874 1578 nro-

517 1589 616 1664 poalio
637 1591 718 1650 armi
739 1588 892 1666 eclipticas
902 1590 941 1650 ab
963 1589 1174 1667 aequinoctiali
1195 1591 1322 1666 incepto,
1345 1588 1429 1648 stab
1452 1587 1517 1663 ejus
1532 1588 1655 1646 termino
1677 1585 1806 1647 docatus
1818 1590 1874 1647 cir·

517 1674 601 1735 cuius
623 1674 836 1748 declinationis,
860 1678 924 1754 ejus
946 1695 1031 1737 arens
1053 1680 1128 1735 inter
1148 1675 1250 1753 polum
1272 1675 1414 1753 sphaerae
1438 1682 1468 1734 et
1488 1673 1655 1750 eclipticam
1679 1675 1802 1736 uetitos
1821 1691 1875 1735 aa·

516 1761 628 1839 guium,
651 1779 741 1839 quem
762 1764 941 1824 meridianus
962 1766 1034 1825 iacit
1055 1782 1121 1826 cum
1144 1772 1253 1842 punem
1276 1762 1429 1839 eclipticas
1450 1763 1544 1839 primo
1567 1762 1731 1838 proposito.

601 1879 640 1936 Ut
656 1879 679 1935 si
696 1881 839 1950 proponite
857 1883 879 1937 B
897 1888 1000 1952 puncto
1017 1887 1082 1947 «rig.
1100 1882 1154 1951 88),
1172 1887 1327 1937 sumeretur
1344 1880 1394 1949 EQ
1413 1880 1535 1949 aequalis
1551 1878 1606 1948 ipsi
1623 1878 1688 1939 AB,
1711 1877 1798 1935 ducto
1816 1876 1873 1948 00

515 1974 598 2015 arcu
611 1957 659 2013 GP
677 1958 731 2014 crit
746 1973 875 2016 mensura
892 1961 984 2030 anguli
997 1961 1075 2015 ABG.
1093 1960 1219 2016 vicissim
1240 1958 1382 2030 proposito
1401 1958 1424 2012 P
1442 1964 1554 2027 puncto,
1572 1956 1758 2014 ementito
1777 1972 1874 2029 sequ·

513 2036 550 2091 iis
563 2036 620 2106 ipsi
636 2037 698 2106 sP;
717 2038 801 2093 ducto
818 2039 873 2103 00,
891 2054 971 2095 orcus
989 2039 1037 2093 GB
1053 2039 1166 2094 metitur
1182 2037 1311 2108 ungulum
1330 2037 1412 2105 APQ.

606 2145 764 2223 Quomodo
786 2154 983 2222 compotator
1003 2148 1052 2206 bie
1073 2147 1230 2225 monins?
1266 2149 1293 2206 i.
1317 2146 1349 2206 Si
1371 2146 1458 2206 luerit
1472 2145 1511 2204 ad
1533 2161 1637 2204 manos
1660 2143 1765 2206 tabula
1780 2143 1872 2207 decli·

514 2233 670 2292 nationum
691 2242 721 2293 ct
743 2232 845 2294 tabula
866 2236 1071 2294 ascensionum
1093 2242 1257 2308 rectarum,
1280 2250 1388 2312 quaere
1409 2231 1654 2311 complementum
1670 2250 1759 2294 arcus
1780 2233 1872 2312 eclip-

515 2321 608 2393 ticas,
631 2336 651 2379 a
671 2320 806 2380 viciniori
828 2322 1017 2398 aequinoctio
1039 2324 1164 2400 incepti,
1188 2323 1265 2382 inter
1285 2323 1471 2383 ascensiones
1493 2328 1600 2394 rectas,
1622 2326 1693 2380 tuuc
1714 2337 1733 2381 c
1755 2322 1872 2399 wenc

519 2408 550 2464 in
572 2404 709 2467 columna
731 2406 959 2469 declinationum
982 2410 1115 2470 invenies
1137 2407 1380 2487 complementum
1402 2407 1504 2485 anguli
1526 2409 1672 2484 quaesiti..

603 2500 636 2582 8)
657 2502 709 2564 Sin
732 2512 831 2565 autem
853 2503 967 2565 calculo
988 2503 1087 2583 piacet
1108 2505 1160 2577 uti,
1182 2520 1338 2582 procerem
1360 2505 1415 2564 erit
1435 2505 1501 2563 iste.

552 2620 634 2671 Arcus
650 2618 781 2685 eclipticas
802 2638 819 2673 a
836 2625 920 2673 ricino
939 2626 1099 2690 aequinoctio
1169 2624 1219 2674 80ο

725 2693 934 2756 complementum
1170 2694 1219 2744 o0⁰
1460 2693 1531 2741 aluus
1566 2692 1654 2742 88008

861 2762 1006 2812 Decliuatio
1023 2766 1135 2814 maxima
1168 2765 1273 2817 2881.
1292 2765 1334 2814 80.
1427 2768 1532 2824 ungens
1567 2762 1655 2812 48588

724 2920 867 2984 ΜυΙῑΙρΙίοι
884 2922 992 2970 absectis
1010 2922 1027 2970 b
1045 2918 1151 2972 ultimis.
1566 2851 1682 3041 ἏΞΞΞΞ
1717 2930 1725 2945 ·

1639 3064 1652 3110 i
1663 3062 1681 3110 Ξ

768 3150 847 3199 Arcus
865 3148 913 3200 20⁰
930 3152 972 3201 ³⁹⁴
990 3150 1042 3201 2⁶¹⁶
1060 3154 1165 3210 nucem
1217 3181 1529 3201 ........
1565 3144 1661 3204 ciitill

708 3217 845 3281 Complan.
865 3221 906 3270 08.
930 3222 972 3271 ii).
991 3221 1034 3272 80.
1054 3225 1091 3268 cst
1109 3215 1218 3280 angulus
1236 3218 1375 3280 quaesitus.
1388 3213 1423 3282 ⁸³)

604 3323 688 3401 Quid
707 3331 749 3383 cat
770 3328 903 3387 ascensio
923 3333 1004 3385 recto
1018 3324 1121 3384 atellae
1142 3324 1188 3383 oei
1200 3328 1309 3401 poncii
1324 3326 1358 3383 ire
1370 3323 1510 3400 sphoera,
1534 3344 1614 3401 quoe
1624 3333 1666 3385 cot
1680 3333 1770 3386 atro
1783 3327 1873 3405 colip-

516 3411 633 3471 ticom?
662 3410 716 3469 Est
736 3427 821 3470 arens
845 3413 1026 3488 aequatoris,
1057 3414 1234 3489 interceptus
1257 3413 1331 3470 inter
1352 3413 1525 3490 principium
1550 3413 1657 3472 Arietis
1681 3421 1711 3472 ct
1734 3413 1873 3473 circulum

517 3497 721 3558 declinationis
743 3498 847 3560 stellae
870 3500 918 3559 vel
941 3500 1041 3577 puncti
1072 3507 1102 3558 et
1132 3501 1162 3556 ln
1184 3501 1395 3575 consequentia
1416 3508 1594 3559 numeratus.
1640 3500 1686 3559 De
1716 3499 1774 3561 bae
1805 3518 1873 3562 vcro

518 3583 604 3663 plura
627 3585 714 3656 inira,
736 3593 819 3663 parte
841 3585 992 3647 doctrinae
1013 3585 1184 3664 sphaericae
1207 3588 1317 3662 quinta.

607 3689 691 3767 Qtsid
711 3696 753 3749 cat
774 3698 938 3766 myrtatum
961 3693 1129 3750 meantem·
1150 3698 1248 3750 rectae
1269 3691 1393 3750 culice?
1425 3688 1594 3765 Longitudo
1617 3689 1674 3749 loci
1697 3692 1727 3748 in
1752 3690 1855 3754 Terta.

607 3777 689 3854 Quid
709 3783 752 3836 eti
773 3777 830 3837 loci
851 3778 1034 3854 linqitudo?
1067 3778 1118 3836 Est
1135 3795 1219 3837 arom
1242 3779 1410 3855 aequatoris
1426 3780 1568 3837 terrestris
1592 3776 1651 3855 (vel
1668 3780 1760 3837 etiarn
1775 3777 1874 3856 paral·

516 3865 567 3926 leli
588 3882 641 3943 per
661 3864 760 3923 locum
783 3861 889 3947 ducti),
913 3869 1090 3943 interceptus
1115 3868 1190 3924 inter
1213 3867 1335 3943 primurn
1358 3865 1550 3924 meridianum
1573 3873 1738 3924 terrestrem
1755 3877 1786 3928 et
1801 3869 1873 3927 inter

516 3951 708 4015 meridianum
730 3951 797 4025 loci,
819 3962 849 4012 et
872 3955 899 4009 in
923 3954 1132 4030 consequentia
1154 3961 1333 4012 numeratus.
1378 3952 1424 4012 De
1446 3952 1503 4011 bac
1525 3951 1599 4010 inira
1621 3960 1704 4029 parte
1727 3955 1843 4030 quinta.

538 4124 593 4185 De
615 4126 920 4185 ascensionibus
944 4124 1119 4202 obliquis
1142 4134 1369 4203 punctorum
1392 4133 1429 4185 et
1452 4141 1604 4184 arcuum
1627 4124 1852 4203 eclipticas.

606 4263 763 4341 &eomodo
786 4267 1009 4339 invaderentur
1031 4267 1217 4323 ωοαιείοηα
1237 4265 1399 4342 obliquae?
1421 4263 1504 4342 Opus
1527 4273 1572 4324 est
1587 4267 1708 4341 cognita
1729 4269 1873 4345 propositi

516 4353 617 4427 puncti
640 4350 844 4423 declinatione,
867 4353 1040 4411 ascensione
1062 4359 1142 4410 recta
1164 4360 1194 4410 et
1216 4351 1378 4412 differentia
1399 4351 1601 4423 ascensionaii,
1626 4370 1704 4429 quac
1721 4371 1758 4412 cx
1782 4354 1874 4415 dccli·

517 4440 636 4497 natione
668 4440 833 4498 innotescit.
878 4438 953 4497 Nam
983 4436 1038 4497 bac
1067 4437 1232 4499 differentia
1261 4439 1456 4499 ascensionuli
1478 4440 1516 4498 ad
1539 4442 1742 4499 ascensionem
1764 4451 1873 4502 rcctan

517 4523 619 4584 addita
639 4526 688 4585 vel
710 4525 778 4586 iude
800 4525 902 4586 ablato
923 4527 1109 4585 constituitur
1131 4526 1195 4602 ejus
1217 4529 1317 4605 pondi
1340 4529 1473 4586 ascensio
1496 4525 1626 4601 obliqua

607 4627 690 4705 Quid
719 4636 761 4688 cat
788 4629 960 4706 differentia
989 4633 1202 4691 ammonete
1228 4640 1255 4689 ct
1288 4631 1437 4707 quomodo
1459 4631 1683 4706 investientes?
1718 4631 1872 4694 Collocsio

517 4725 627 4794 puncto
642 4719 792 4796 proposito
809 4718 837 4774 in
852 4716 1003 4777 horizonte
1017 4719 1123 4790 ordeo,
1146 4721 1286 4777 iormatur
1300 4718 1501 4793 rectangulum
1522 4719 1561 4777 ab
1576 4717 1738 4793 boriaoutc,
1761 4737 1875 4798 ecqua·

516 4815 579 4864 tora
609 4812 640 4863 ct
667 4802 776 4863 circulo
798 4802 1001 4863 declinationis
1029 4808 1129 4883 puden
1156 4806 1316 4884 propositi3
1349 4807 1378 4863 in
1408 4822 1467 4881 quo
1498 4805 1643 4879 triangulo
1666 4805 1737 4865 tria'
1751 4806 1870 4867 dautur:

517 4890 595 4951 latus
617 4892 647 4948 iu
670 4890 777 4949 circulo
800 4888 1014 4962 declinationis,
1038 4891 1068 4950 id
1089 4901 1136 4952 cst
1157 4892 1315 4952 declinatio
1330 4894 1440 4969 puncti,
1464 4892 1589 4967 ungulus
1602 4896 1744 4954 sectionis
1758 4911 1872 4971 acqua

516 4979 588 5038 toris
610 4986 641 5037 ct
662 4976 837 5041 borisoutis.
861 4995 949 5053 quem
970 4982 1088 5039 metitur
1110 4978 1236 5039 altitudo
1259 4981 1436 5055 aequatoris,
1459 4993 1488 5038 et
1510 4980 1636 5055 angulus
1659 4982 1737 5041 inter
1758 4998 1870 5059 acqua·

518 5076 610 5124 torem
634 5072 663 5123 et
686 5064 827 5123 circulum
851 5064 1062 5136 declinationis,
1087 5069 1138 5142 qui
1161 5079 1257 5125 rectus
1280 5075 1340 5139 est3
1368 5083 1426 5124 non
1450 5069 1557 5141 poterit
1579 5069 1669 5142 igitur
1690 5069 1821 5146 elingere
1841 5077 1869 5129 et

519 5161 665 5227 quartum,
687 5167 729 5211 ac.
752 5151 831 5210 latus
855 5155 883 5209 iu
905 5163 1064 5230 aequatore
1087 5169 1140 5212 seu
1163 5152 1325 5215 differentia
1347 5153 1566 5214 ascensioualis.

588 5250 751 5310 iuncosus:
770 5249 812 5308 iit
828 5250 860 5310 ⁰⁹
877 5251 953 5310 (in.
971 5250 1015 5309 rei
1031 5254 1063 5311 0·
1078 5252 1180 5323 squsr.
1198 5261 1330 5324 punem
1346 5255 1524 5326 propositum.
