4459 6275
432 814 495 873 dii
930 806 1072 877 summes
1090 804 1281 862 Asuouomire

520 985 605 1046 Num
634 988 726 1045 etiom
753 1002 773 1043 o
799 984 961 1061 periodicis
989 986 1176 1061 temporibus
1202 986 1309 1061 aliquo
1337 986 1513 1058 conjecturo
1543 982 1581 1043 sle
1609 983 1784 1061 murentur

433 1076 663 1151 interpositione
684 1072 800 1131 wunri
813 1071 930 1147 potest?
952 1069 1062 1132 Omnes
1078 1072 1196 1149 quidem
1212 1075 1414 1151 proportiones
1429 1072 1626 1149 temporariae
1640 1080 1711 1131 sunt
1724 1086 1786 1129 ma·

428 1163 510 1237 jnres
533 1160 769 1238 proportionibus
797 1176 916 1218 suorum
946 1161 1104 1219 orbitarum
1135 1170 1165 1219 et
1186 1163 1230 1219 sic
1252 1161 1340 1220 ctiam
1362 1160 1603 1238 proportionibus
1626 1160 1690 1219 suis
1712 1156 1786 1234 dgn-

432 1248 558 1323 ralibue,
589 1256 623 1308 ut
649 1255 731 1325 parte
760 1247 888 1308 secunda
915 1246 1003 1323 hujus
1028 1247 1093 1306 libri
1117 1246 1325 1324 explicabitur:
1357 1256 1456 1325 potest
1478 1255 1577 1308 umen
1600 1248 1693 1307 eliam
1715 1246 1786 1305 iuter

433 1335 498 1397 illes
519 1339 640 1412 agnosci
663 1337 827 1413 proprietas
848 1332 1013 1411 figuralium
1035 1352 1094 1395 non
1119 1334 1283 1397 difficulter.
1321 1334 1404 1396 Sicut
1427 1337 1506 1395 enim
1526 1334 1698 1413 figuralium
1719 1348 1786 1411 pro·

432 1426 597 1502 portionum
620 1433 678 1484 tres
700 1430 783 1496 snat,
810 1425 939 1482 maxima
961 1422 1078 1498 quidem
1101 1421 1249 1497 solitaria,
1273 1421 1371 1484 media
1394 1439 1464 1483 vero
1486 1430 1516 1484 ot
1536 1424 1662 1483 minima
1684 1420 1786 1480 ambas

432 1512 597 1589 geminatae
627 1512 749 1590 (qnippe
779 1509 832 1570 illa
858 1527 894 1571 ex
926 1514 1013 1570 unico
1036 1508 1198 1586 tetraidro,
1229 1511 1287 1570 ista
1314 1519 1344 1570 et
1366 1528 1402 1571 ex
1424 1511 1501 1571 cubo
1524 1518 1554 1570 et
1577 1527 1614 1570 ex
1638 1506 1784 1581 omens,

432 1598 505 1661 haec
535 1607 565 1658 et
593 1615 628 1657 ex
658 1595 841 1657 dodecaddro
869 1603 899 1656 et
925 1615 960 1656 cx
985 1596 1166 1675 icosaddro):
1197 1598 1240 1657 slc
1267 1599 1356 1678 eiiam
1380 1600 1455 1658 inter
1476 1595 1584 1659 Jurcm
1609 1604 1641 1657 st
1663 1594 1786 1657 Martem

432 1688 560 1746 maxima
583 1695 613 1745 et
643 1685 775 1745 solitaria
805 1692 850 1744 cat
880 1692 1041 1761 temporum
1069 1686 1220 1763 proportio
1253 1685 1312 1745 iere
1340 1702 1376 1745 ca
1405 1702 1481 1763 quac
1506 1686 1524 1745 6
1548 1684 1587 1746 ad
1613 1688 1648 1759 l,
1680 1684 1786 1761 quippe

432 1790 575 1835 annorum
604 1774 640 1831 ii
664 1771 702 1833 ad
725 1774 822 1831 minus
844 1789 934 1848 quarn
958 1775 993 1841 b,
1023 1780 1227 1848 argumentum
1250 1773 1414 1851 interpositi
1437 1770 1591 1849 tetraddri3
1621 1774 1699 1832 inter
1720 1786 1786 1831 vero

342 1908 350 1931 .
433 1861 592 1922 Saturnum
616 1869 645 1920 ct
667 1858 776 1920 lovem
799 1862 932 1935 interque
955 1859 1099 1920 Venerem
1132 1868 1161 1918 et
1183 1858 1360 1919 Mercurium
1382 1860 1533 1937 proportio
1556 1867 1725 1937 temporum
1747 1866 1786 1917 cst

432 1953 527 2009 minor
558 1958 587 2007 et
615 1950 750 2023 utrinque
781 1946 840 2007 iere
864 1945 985 2022 aedem,
1015 1955 1218 2022 argumentum
1241 1948 1477 2025 interpositorum
1500 1964 1656 2025 corporum
1678 1962 1786 2023 cogns-

433 2047 538 2110 torum,
561 2035 622 2094 illic
645 2036 721 2107 cubi,
746 2034 794 2093 iric
816 2033 956 2110 octa'e'dri,
980 2052 1056 2111 quac
1078 2035 1296 2112 proportionem
1319 2035 1434 2094 orbium
1454 2052 1575 2095 sucrum
1590 2034 1705 2095 tactust
1719 2050 1786 2093 ean·

433 2124 509 2185 dam.
554 2122 630 2182 Nem
658 2125 733 2181 sicut
759 2139 792 2181 se
820 2122 931 2182 hebent
954 2124 995 2182 30
1017 2125 1086 2181 anni
1108 2121 1226 2181 Saturni
1250 2121 1288 2181 ad
1315 2125 1351 2180 12
1376 2139 1470 2182 annos
1492 2120 1598 2195 Jurls,
1629 2124 1676 2182 sic
1702 2136 1786 2199 quau

433 2213 565 2289 proxime
588 2226 620 2269 se
643 2209 752 2270 babent
776 2211 839 2268 ‘tib
863 2208 926 2269 diss
942 2208 1064 2270 Veneris
1086 2209 1125 2269 ad
1148 2210 1188 2269 88
1212 2206 1275 2269 dies
1290 2206 1442 2285 Mercarii;
1466 2209 1594 2288 denique
1617 2212 1695 2269 iuter
1709 2206 1786 2269 llar-

433 2309 492 2359 tem
520 2305 550 2357 et
571 2295 718 2357 Tellurem
748 2299 880 2372 interque
909 2297 985 2356 hauc
1016 2304 1045 2356 et
1066 2295 1211 2357 Venerem
1234 2297 1385 2375 proportio
1415 2304 1580 2374 temporum
1602 2306 1650 2357 est
1670 2298 1787 2355 minius

432 2400 605 2463 rursumque
627 2400 702 2463 pens
724 2382 827 2445 eadem
850 2385 1001 2461 unirique,
1030 2391 1234 2461 argumentum
1259 2385 1421 2461 interpositi
1444 2384 1505 2445 illie
1526 2382 1722 2459 dodecalidri,
1743 2382 1788 2443 bie

433 2471 590 2546 icosaddri,
623 2479 812 2547 cognatorum
840 2477 870 2530 ot
898 2469 1030 2547 eiusdem
1053 2472 1250 2548 proportionis
1273 2488 1435 2549 corporum
1480 2470 1557 2532 Nam
1579 2473 1657 2532 sicut
1679 2488 1714 2532 se
1735 2470 1788 2531 be·

432 2560 587 2622 bontilli
620 2558 682 2619 dies
705 2557 809 2618 Martis
838 2556 876 2616 ad
906 2559 969 2618 365
998 2556 1033 2641 Ἀ
1056 2558 1197 2635 Telluris,
1227 2562 1269 2619 sic
1298 2557 1361 2618 dies
1389 2559 1452 2619 365
1480 2554 1518 2640 V,
1548 2576 1581 2621 sc
1610 2559 1726 2620 habent
1752 2556 1787 2617 sd

436 2649 512 2723 lut,
544 2663 609 2707 cum
633 2646 735 2706 Venus
757 2644 867 2705 babeat
888 2661 940 2722 pro
964 2644 1009 2705 iris
1031 2645 1094 2706 dics
1118 2647 1198 2720 225,
1220 2646 1333 2707 scilieet
1355 2645 1509 2724 aliquanto
1525 2645 1616 2724 plns,
1639 2648 1786 2707 minimam

433 2736 543 2797 isaeus
566 2737 696 2794 omnium
718 2732 794 2793 hanc
816 2734 1020 2809 temporariam
1043 2735 1269 2810 proportionem.
1308 2733 1425 2795 Causae
1447 2733 1580 2797 aurulas
1604 2733 1788 2795 dissimilitu-

434 2823 510 2883 dinis
531 2822 715 2899 explicantur
734 2819 835 2881 Herm.
859 2820 910 2881 lib.
934 2819 972 2879 V.
1753 2868 1757 2875 .

522 2908 606 2969 Num
629 2908 719 2970 uliud
738 2908 829 2968 bobes
850 2908 1074 2980 documentum,
1095 2914 1219 2982 prosus·
1240 2908 1320 2967 illud
1334 2926 1371 2969 ee
1383 2907 1560 2984 figurarum
1574 2908 1700 2969 unaue
1713 2906 1787 2967 etur·

432 2998 527 3071 sidtu,
557 2998 638 3075 globi
665 2996 792 3056 Telluris
821 2998 856 3055 iu
884 2993 1014 3055 locando
1039 2997 1243 3071 pruenpuom
1270 2999 1424 3056 sunonem
1454 2995 1615 3056 habiturn?
1645 2993 1787 3073 Equidem

434 3086 584 3147 iortuitum
605 3101 663 3145 nou
687 3092 747 3160 eat,
771 3082 851 3162 quod
873 3082 1014 3156 Telluris,
1037 3080 1127 3142 medii
1149 3081 1295 3161 planetae,
1318 3082 1446 3144 medium
1468 3082 1658 3144 intervalium
1681 3100 1702 3144 a
1722 3080 1788 3144 Sole

432 3176 564 3252 praecisa
587 3172 744 3233 admodum
766 3173 914 3232 invenitur
936 3170 1033 3231 madio
1056 3169 1123 3229 loco
1145 3170 1365 3248 proportionale
1387 3173 1463 3230 iuter
1479 3170 1584 3231 Martis
1606 3173 1787 3251 superiorum

435 3261 524 3320 inilmi
555 3260 741 3321 intervalium
772 3259 977 3320 brevissimum
1007 3265 1036 3317 et
1064 3256 1189 3318 Veneris
1220 3258 1387 3318 inferiorum
1419 3260 1546 3335 supremi
1575 3257 1786 3336 longissimum.

433 3349 509 3408 Nam
533 3356 675 3425 utsupra
699 3347 823 3420 dictum,
852 3349 981 3424 spatium
1009 3347 1084 3404 inter
1105 3343 1233 3405 Martem
1262 3354 1291 3406 ct
1313 3346 1457 3406 Venerem
1480 3363 1532 3423 pro
1556 3345 1676 3407 Tellure
1701 3346 1786 3408 relin-

435 3436 580 3512 quebatur
607 3452 659 3512 per
689 3436 891 3510 inscriptiones
919 3432 1056 3510 figurales
1084 3430 1268 3492 indefinitum
1297 3441 1328 3493 ct
1348 3433 1447 3493 laxum
1471 3441 1500 3493 et
1521 3436 1564 3493 sic
1586 3434 1732 3509 liberum,
1759 3435 1786 3490 iu

435 3538 495 3600 quo
518 3520 676 3581 dividendo
699 3538 751 3598 per
772 3522 872 3580 orbem
894 3520 1021 3581 Telluris
1044 3517 1093 3578 vel
1116 3518 1190 3580 baec
1216 3520 1261 3580 vel
1285 3520 1345 3581 alia
1366 3523 1528 3598 proportio,
1555 3523 1581 3580 si
1605 3521 1711 3584 melior
1732 3521 1787 3581 slis

434 3610 546 3683 luisset,
569 3611 691 3687 exprimi
713 3615 822 3685 posset
867 3607 984 3668 Medius
1007 3609 1097 3683 igitur
1120 3608 1175 3667 isle
1199 3607 1335 3668 classium
1358 3608 1538 3684 figuralium,
1563 3609 1680 3671 medius
1702 3625 1788 3687 eupe-

434 3699 542 3756 riorum
566 3704 595 3758 ct
617 3696 784 3756 interiorum
806 3695 989 3773 planetarum
1013 3696 1118 3771 paries,
1141 3694 1269 3756 mediare
1292 3698 1380 3756 ctiam
1402 3698 1579 3773 geometrice
1604 3697 1717 3758 debuit.

526 3784 609 3862 Quid
629 3787 726 3860 ipitur
747 3784 881 3859 &finiuit
902 3787 1036 3861 apetium
1058 3782 1146 3855 illud,
1171 3782 1253 3858 quod
1273 3799 1337 3843 uon
1359 3784 1541 3861 derisionem
1555 3781 1787 3862 insertptroueri

435 3872 496 3932 Etsi
520 3880 565 3932 est
587 3870 681 3948 figura
704 3870 848 3948 quaedem
871 3878 967 3944 aucta,
990 3868 1194 3930 dodecaddron
1217 3871 1330 3931 scilicet
1351 3871 1526 3948 aculeatum,
1550 3889 1628 3948 quae
1647 3872 1706 3932 lroc
1720 3889 1787 3950 sps·

434 3963 507 4019 tium
531 3957 756 4037 deprehenditur
779 3958 897 4019 definire
920 3967 980 4018 iam
1003 3965 1148 4031 accurata,
1172 3974 1260 4034 quam
1284 3961 1412 4035 spatium
1437 3961 1510 4019 inter
1530 3957 1640 4021 Jovem
1664 3971 1695 4021 et
1710 3959 1788 4019 liar·

435 4058 493 4108 tem
517 4046 693 4107 delinitura
716 4045 871 4120 tetraidro,
894 4063 948 4105 nec
971 4045 1049 4105 illius
1074 4045 1260 4122 imperfectae
1283 4045 1393 4122 figurae
1415 4048 1574 4106 associatio
1595 4048 1633 4108 ad
1648 4057 1787 4126 cognatae

435 4152 520 4208 suas,
544 4134 745 4195 dodemcdron
770 4142 799 4195 et
821 4132 1003 4207 icosaidron,
1027 4149 1082 4192 sua
1105 4136 1218 4192 ratione
1241 4150 1339 4193 carere
1363 4133 1492 4194 videtur:
1517 4143 1615 4193 tanuen
1638 4153 1695 4196 nec
1718 4135 1787 4194 uass

435 4239 490 4283 nec
513 4238 704 4299 quaecunque
727 4221 787 4281 alia
809 4224 907 4298 spatia
929 4221 1010 4281 solas
1034 4220 1145 4296 figurac
1168 4219 1310 4281 definiunt
1337 4230 1457 4297 exacte,
1492 4220 1545 4281 sed
1574 4222 1710 4282 relictum
1737 4221 1787 4281 ibit

435 4308 492 4368 hoc
514 4325 618 4369 munus
641 4311 755 4371 omatui
780 4308 950 4368 harmonico
972 4316 1122 4381 motuum,
1155 4310 1205 4384 qai
1237 4308 1294 4368 sibi
1324 4309 1487 4385 postulavit
1509 4308 1642 4385 aliquam
1664 4313 1695 4368 in
1718 4307 1787 4369 ded·

437 4395 550 4456 nlendis
574 4409 675 4459 exacta
698 4400 802 4475 spatiis
824 4395 906 4457 bisce
927 4395 1101 4457 libertatern.

491 4534 544 4596 lV.
586 4537 644 4598 Dc
674 4538 1035 4614 praecipuorum
1065 4533 1219 4594 mundi
1253 4551 1495 4611 corporum
1525 4536 1658 4596 inter
1688 4552 1735 4598 se

902 4621 1313 4701 proportionibus.

530 4744 613 4804 Unde
634 4763 731 4804 mures
752 4749 876 4805 initium
898 4745 1075 4823 fuciordum
1098 4760 1157 4804 esse
1178 4743 1348 4820 indagandi
1359 4741 1789 4821 corpoream-proportiones?

350 4855 354 4862 ·
439 4831 621 4905 ATellnre,
656 4829 684 4913 1)
710 4841 743 4892 nt
772 4831 921 4893 domicilio
952 4842 1101 4893 creaturae
1132 4828 1394 4909 contemplatricis,
1428 4829 1462 4908 2)
1484 4829 1680 4909 ejusdemque
1706 4833 1789 4892 etiam

439 4922 573 4997 imaginis
595 4920 651 4978 Dei
674 4922 821 4993 mentoris,
846 4922 878 4997 3)
902 4918 1026 4997 legimus
1049 4923 1126 4980 enim
1149 4921 1177 4977 in
1202 4919 1303 4978 divino
1322 4918 1417 4994 Mose,
1441 4919 1520 4996 quod
1543 4921 1629 4980 initio
1651 4919 1790 4982 crearent

439 5007 519 5068 Deus
543 5006 664 5067 Caelum
687 5017 716 5066 et
737 5007 866 5068 Terram.
914 5007 946 5082 i)
970 5007 1021 5065 Est
1051 5010 1139 5067 etiarn
1162 5005 1289 5067 Telluris
1317 5007 1396 5066 orbis
1419 5006 1548 5068 modium
1571 5005 1698 5083 figurale
1720 5009 1789 5066 inter

439 5093 572 5168 planetas
595 5102 625 5154 ct
648 5097 807 5154 communis
831 5095 947 5153 illorum
970 5097 1126 5167 maceries,
1158 5101 1187 5153 et
1210 5093 1377 5154 intestines
1400 5094 1585 5171 planetarum
1608 5097 1788 5172 superiorum

440 5182 662 5259 inferiorumque
696 5185 785 5241 etiam
819 5184 1026 5258 geometricum
1060 5182 1186 5244 medium
1218 5182 1446 5259 proportionale.
1505 5179 1537 5262 ir)
1560 5181 1700 5262 Denique
1730 5183 1789 5260 ipss

440 5266 548 5328 fabrica
569 5270 789 5347 proportionum
811 5269 914 5330 barum
937 5269 1045 5332 clamat
1067 5269 1145 5332 elata
1169 5286 1250 5345 voce,
1275 5268 1373 5332 Deum
1396 5277 1557 5333 creatorem
1570 5272 1601 5330 iu
1623 5285 1788 5334 mommo·
