4459 6275
907 753 1117 824 Regiomontani
1136 759 1165 809 et
1183 752 1327 812 Waltheri
1735 761 1798 821 tte

437 930 542 991 diurno
572 931 776 1008 ephemeridis.
820 931 899 1008 Ergo
924 938 975 993 30.
999 932 1071 1008 Maj.
1093 951 1124 1010 p.
1147 952 1186 994 m.
1215 934 1244 994 h.
1270 940 1299 994 9.
1326 932 1376 993 140
1402 932 1536 992 scribitur
1568 939 1592 1001 6
1624 931 1798 993 observatus

436 1022 466 1077 in
491 1013 548 1078 200
572 1019 601 1078 00
624 1024 664 1093 ti,
688 1022 707 1079 i.
732 1037 759 1078 0.
782 1021 812 1076 in
837 1025 888 1081 20.
914 1016 1007 1100 40],,0
1039 1023 1091 1080 101.
1119 1027 1133 1080 1
1162 1021 1212 1080 100
1235 1023 1264 1083 h.
1311 1020 1455 1096 Computa
1480 1017 1538 1079 200
1565 1014 1654 1100 11000
1676 1023 1715 1092 a,
1746 1020 1798 1081 lat.

439 1114 466 1167 1.
487 1105 628 1188 19'l2b.,
652 1107 750 1166 locum
766 1109 959 1166 eccentricnm
980 1101 1173 1190 2301301111.
1219 1109 1277 1168 Hic
1298 1108 1363 1167 linis
1380 1110 1617 1167 observationum
1641 1106 1799 1169 Waltheri.

526 1193 613 1268 Quod
636 1197 742 1253 attinet
765 1195 887 1269 primam
911 1194 1147 1270 Regiomontani,
1171 1198 1196 1254 si
1220 1196 1374 1271 diligenter
1398 1197 1575 1271 pensitemus
1600 1194 1704 1269 verba,
1729 1199 1800 1254 certi

438 1280 611 1355 reddemur,
641 1281 909 1357 Regiomontauum
932 1283 962 1338 in
986 1286 1208 1358 consignatione
1232 1283 1290 1341 diei
1319 1282 1529 1341 hallucinatum
1554 1298 1618 1340 csse
1654 1291 1684 1340 ct
1706 1285 1799 1358 scrip-

435 1373 511 1429 sisse
536 1369 564 1430 d.
590 1375 619 1429 2.
645 1369 736 1443 Dec,
761 1386 837 1444 quae
861 1377 923 1428 erat
950 1375 975 1431 1.
999 1369 1071 1430 Dec.
1119 1371 1179 1429 Aut
1204 1370 1318 1446 decepit
1341 1388 1372 1428 00
1396 1373 1507 1445 ipsum,
1534 1385 1600 1427 cunr
1623 1371 1666 1428 sic
1688 1371 1800 1429 scribe·

436 1464 496 1517 ret:
526 1457 582 1516 Dia
607 1456 733 1517 21100.
758 1458 787 1514 in
811 1458 893 1515 initio
921 1458 1016 1515 noctis
1048 1456 1192 1517 1101110.
1218 1458 1253 1516 de
1278 1457 1462 1533 Monteregio
1486 1455 1597 1515 Romae
1620 1454 1746 1515 Martem
1769 1465 1799 1516 ct

436 1545 605 1605 Saturnum.
651 1543 751 1619 Nuper
773 1543 898 1603 Romam
921 1551 1055 1619 venerat,
1087 1562 1155 1604 uam
1179 1545 1207 1604 d.
1232 1552 1283 1606 22.
1306 1543 1377 1604 Jun.
1404 1542 1596 1621 praecedente
1619 1542 1715 1603 adhuc
1738 1552 1801 1604 erat

437 1636 466 1690 in
500 1631 616 1691 Mellico
647 1631 796 1692 Austriae.
844 1631 917 1690 Cum
951 1634 1039 1707 igitur
1068 1631 1223 1709 horologia
1254 1633 1387 1692 Romana
1422 1633 1562 1706 incipiant
1594 1648 1660 1689 cum
1693 1649 1800 1692 occasu

436 1718 531 1792 Solis,
562 1720 624 1778 lieri
654 1727 766 1794 potest,
797 1725 829 1777 ut
849 1717 1101 1794 Regiomontanus
1135 1729 1251 1781 noctem
1283 1719 1506 1798 praecedentem
1540 1722 1720 1778 acccnsuerit
1742 1718 1800 1780 diei

436 1810 571 1881 sequenti
596 1813 624 1866 2.
649 1807 723 1868 Dec.
770 1805 894 1880 Vesperi
917 1807 1047 1865 cubitum
1071 1809 1178 1879 iturus,
1208 1817 1310 1885 typum
1334 1806 1439 1865 rudem
1463 1807 1565 1864 1001000
1590 1804 1705 1865 videtur
1727 1810 1800 1866 situs

436 1893 580 1973 siderum,
604 1911 689 1952 mane
713 1910 783 1951 vero
806 1910 944 1969 surgens,
970 1911 1035 1951 cum
1054 1895 1118 1969 jam
1142 1905 1268 1956 curreret
1293 1902 1320 1954 2.
1344 1895 1439 1966 Dea,
1464 1893 1696 1969 descriptionem,
1721 1894 1800 1970 quod

437 1990 560 2057 apparet
584 1999 620 2040 ex
643 1998 697 2054 00,
721 1982 791 2056 quia
820 1982 911 2039 utitur
933 1981 1032 2039 verbis
1062 1986 1212 2057 praeteriti
1234 1985 1390 2059 temporis:
1435 1980 1518 2039 Vidit
1541 1988 1593 2039 etc.
1617 1979 1750 2041 Martem
1773 1990 1801 2041 et

435 2069 621 2141 Saturnum,
636 2071 691 2145 qui
704 2067 870 2126 secundum
889 2067 1111 2143 longitudinem
1128 2070 1246 2130 zodiaci
1257 2071 1459 2129 censebantur
1474 2071 1628 2141 conjuncti
1642 2087 1679 2130 ea
1689 2088 1800 2128 nume-

434 2160 479 2216 ris
505 2156 684 2228 almanacb,
714 2155 798 2231 quad
827 2162 931 2214 tamen
962 2159 1043 2214 01001
1073 2174 1137 2216 non
1165 2161 1325 2233 apparuit.
1378 2156 1463 2214 Tunc
1485 2158 1566 2214 enim
1597 2157 1801 2216 consideranti

436 2245 512 2302 mihi
534 2244 614 2303 duae
635 2243 736 2302 stellae
756 2243 845 2319 ricae,
870 2246 1099 2318 quassantia
1122 2249 1220 2320 capite
1244 2246 1303 2324 ᾖ,
1330 2263 1399 2302 cum
1422 2243 1507 2301 steila
1525 2239 1633 2321 Martis
1656 2248 1801 2304 aestima·

437 2333 554 2391 bantur
575 2335 609 2390 in
631 2349 699 2390 una
721 2331 804 2389 linea
826 2337 908 2388 recta
931 2337 983 2388 etc.
1028 2330 1086 2390 Sed
1117 2335 1306 2409 praecipuum
1330 2339 1533 2407 argumentum
1563 2331 1650 2406 hujus
1672 2332 1800 2391 halluci-

435 2420 563 2477 nationis
593 2419 757 2478 continetur
787 2418 883 2477 verbis
917 2420 1126 2494 sequentihus,
1157 2438 1221 2480 aum
1245 2423 1304 2479 ait:
1338 2418 1497 2477 Distantia
1529 2426 1631 2476 cirtem
1664 2423 1744 2478 inter
1773 2412 1797 2497 1)

434 2515 463 2566 et
495 2513 519 2575 ό
545 2507 698 2581 aequabat
725 2524 809 2578 sam,
844 2522 923 2581 quae
953 2510 1033 2564 inter
1055 2506 1135 2565 duas
1156 2509 1256 2568 stellas
1286 2507 1381 2565 dictas
1408 2513 1464 2579 est,
1496 2505 1687 2580 distantiam,
1721 2525 1801 2584 quae

437 2593 560 2670 quidem
592 2591 626 2650 20
652 2593 716 2670 fere
749 2594 965 2668 complectitur.
1014 2593 1091 2654 Sane
1121 2599 1227 2671 reperit
1255 2593 1357 2672 Tycha
1389 2592 1580 2652 differentiam
1612 2592 1799 2655 latitudinum

436 2677 474 2742 20
497 2680 566 2755 220,
599 2679 817 2756 longitudinum
847 2697 906 2739 non
936 2679 1012 2740 ultra
1037 2688 1095 2741 13‘.
1143 2683 1201 2740 Sed
1233 2689 1436 2758 argumentum
1465 2683 1492 2737 in
1523 2683 1713 2756 sequentibus
1743 2699 1799 2759 ego

434 2776 597 2846 perieram.
641 2768 709 2844 lpse
741 2770 818 2827 enim
847 2784 914 2827 cum
936 2785 1020 2832 suam
1049 2771 1332 2844 argumentationem
1360 2768 1514 2828 deerrare
1539 2767 1574 2827 20
1596 2768 1798 2842 conclusisset,

436 2857 587 2917 subnectit
609 2871 718 2915 nonum
742 2855 975 2931 paragraphum:
1007 2856 1068 2915 Die
1089 2859 1119 2914 5.
1144 2857 1215 2918 Dec.
1240 2856 1363 2916 aduerte
1386 2858 1502 2925 oculos,
1531 2863 1604 2914 tunc
1626 2859 1707 2914 enim
1733 2860 1800 2916 0100

434 2943 623 3003 videbantur
652 2945 817 3016 conjuncti.
862 2940 1004 3002 Habebat
1034 2943 1131 3003 adhue
1161 2947 1190 3002 in
1210 2947 1319 3003 ‘animo
1356 2942 1432 3001 diem
1472 2948 1506 3014 2,
1538 2960 1556 3001 a
1586 2960 1644 3021 quo
1673 2943 1800 3003 triduum

434 3038 571 3090 numerat
592 3047 686 3106 usque
709 3030 748 3089 ad
770 3028 888 3104 plenam
904 3031 1150 3106 conjunctionem,
1175 3033 1288 3091 sciehat
1309 3033 1386 3091 enim
1402 3030 1519 3088 Saturni
1544 3029 1663 3105 quidem
1686 3040 1799 3091 matum

436 3118 528 3179 tridui
552 3135 617 3179 esse
640 3133 665 3181 c.
685 3115 744 3191 18¹,
768 3115 871 3176 Martis
894 3134 964 3178 vero
989 3116 1023 3178 20
1042 3119 1093 3179 210
1110 3138 1149 3193 0.,
1173 3136 1267 3196 eoque
1291 3119 1506 3196 superationem
1526 3117 1587 3177 iore
1610 3117 1699 3195 paulo
1724 3119 1801 3179 ultra

439 3202 491 3280 20,
515 3214 656 3283 quautam
679 3223 714 3264 ex
737 3205 896 3265 collatione
919 3205 957 3264 ad
972 3205 1046 3265 fixas
1068 3210 1277 3268 aestimaverat
1299 3202 1400 3268 eorum
1416 3206 1592 3267 distantiam.
1638 3205 1800 3265 110101011-

436 3288 555 3372 101101)
584 3293 720 3353 australis
743 3302 815 3366 erat,
838 3292 942 3352 Martis
965 3293 1065 3352 itidem
1088 3295 1236 3370 australis,
1260 3313 1314 3355 nea
1335 3292 1428 3352 multo
1444 3294 1537 3370 major
1561 3311 1649 3369 quam
1665 3293 1800 3370 Saturni3

435 3398 529 3459 quare
552 3381 691 3440 distantia
714 3381 896 3456 planetarum
920 3398 994 3455 pene
1017 3389 1080 3440 tota
1103 3385 1263 3459 imputatur
1278 3382 1463 3459 longitudini.
1508 3380 1553 3440 Sit
1569 3383 1645 3440 enim
1661 3380 1802 3442 distantia

435 3478 529 3542 tauta,
554 3475 664 3545 quauta
685 3468 818 3540 fixarum,
841 3485 881 3527 sa.
907 3467 942 3527 20
966 3466 1026 3541 220,
1050 3477 1079 3528 01
1103 3470 1237 3533 differant
1259 3471 1395 3548 planctae
1426 3472 1455 3527 in
1479 3468 1633 3529 latitudine
1660 3464 1707 3529 1⁰:
1740 3470 1799 3532 diff.

435 3557 517 3633 long.
540 3556 702 3616 remanebit
725 3554 760 3615 20
784 3555 822 3628 90,
856 3572 944 3630 quam
968 3556 1041 3615 vidit
1065 3559 1230 3618 consectum
1254 3562 1288 3617 iri
1311 3561 1339 3615 in
1364 3557 1470 3616 triduo.
1515 3556 1598 3617 Haec
1622 3558 1710 3633 igitur
1733 3575 1801 3634 per-

438 3647 550 3722 scripta
580 3661 645 3703 eum
669 3650 765 3702 essent
789 3640 985 3717 (10.1)00,
1017 3647 1209 3720 sequentibus
1232 3646 1336 3706 dicbus
1366 3645 1538 3705 observator
1568 3644 1702 3720 adjunxit
1726 3646 1800 3703 ista:

439 3734 555 3807 Aspexi
581 3732 636 3791 boc
665 3731 714 3789 die
736 3729 753 3809 (
771 3728 810 3808 .),
840 3729 892 3788 sed
922 3730 1016 3789 nubes
1046 3734 1261 3809 impedimenta
1288 3735 1384 3811 fuere.
1443 3733 1557 3791 Verum
1586 3734 1620 3789 in
1645 3734 1799 3808 principio

434 3822 534 3879 noctis
549 3820 578 3879 6.
595 3818 668 3877 Dec.
691 3821 848 3893 aspiciens,
873 3816 936 3876 vidi
952 3814 1085 3878 Martem
1103 3823 1173 3894 jam
1191 3825 1382 3897 praeteriisse
1398 3820 1571 3878 Saturnum
1594 3837 1652 3893 per
1664 3818 1799 3894 pradum

436 3915 467 3966 et
489 3906 663 3977 dimidium,
695 3905 843 3964 distantia
871 3907 952 3963 enim
982 3908 1062 3965 inter
1084 3926 1132 3968 eos
1160 3917 1234 3968 crat:
1253 3910 1317 3985 fere
1339 3907 1592 3983 subsesquialtera
1620 3905 1662 3963 ad
1683 3905 1798 3964 distan·
1859 3967 1861 3972 ⁴

435 3997 524 4067 tiam,
556 4012 635 4070 quae
662 3995 742 4051 inter
771 3993 849 4051 duas
876 3992 976 4051 stellas
1006 3997 1113 4071 capitis
1142 3996 1178 4075 ,ὅ
1205 4004 1287 4056 utut.
1332 3996 1369 4054 Et
1399 4010 1471 4054 sane
1494 3993 1547 4052 hes
1572 3991 1606 4050 dc
1630 3988 1799 4052 20220001

440 4079 476 4141 1⁰
499 4080 560 4141 310.
606 4080 703 4139 Το010
726 4080 830 4139 siluit
854 4079 993 4139 distantia
1015 4081 1199 4158 planetarum
1224 4082 1419 4143 differentium
1449 4082 1477 4137 in
1501 4079 1655 4139 latitudine
1679 4098 1730 4157 per
1756 4078 1797 4154 10,

434 4169 494 4228 1011
524 4169 613 4243 igitur
644 4168 702 4226 diff.
726 4168 806 4242 lang.
835 4162 868 4227 10
894 4166 957 4241 120,
989 4171 1089 4246 itaque
1121 4172 1147 4228 si
1175 4180 1278 4229 exacta
1307 4171 1362 4228 init
1385 4170 1563 4246 comparatio
1588 4167 1799 4242 distantiarum,

438 4255 667 4331 deprehenditur
706 4263 729 4324 ,s
765 4258 839 4313 inter
875 4262 1029 4332 utrumque
1066 4256 1329 4318 considerationem
1365 4274 1521 4333 superasse
1552 4263 1662 4314 motum
1691 4250 1714 4332 1)
1747 4273 1799 4331 per

436 4341 474 4404 3⁰
498 4343 550 4403 210
579 4351 608 4402 01
637 4346 681 4403 010
707 4353 859 4420 promotus
888 4360 951 4403 esse
980 4345 1114 4420 longius,
1146 4352 1287 4421 quantum
1318 4340 1401 4416 001)
1433 4350 1477 4403 001
1508 4351 1670 4420 promotus.
1715 4342 1800 4403 Haec

433 4432 499 4507 jam
524 4437 725 4505 comparemus
749 4447 815 4489 cnm
839 4432 995 4491 intervallo
1020 4432 1140 4493 dierum.
1186 4433 1261 4493 Nam
1284 4434 1309 4493 si
1332 4433 1434 4491 similis
1459 4439 1502 4490 cst
1526 4432 1695 4491 observatio
1719 4432 1800 4509 prin·
1873 4444 1876 4449 ’

435 4520 515 4594 cipio
539 4521 689 4594 utriusque
720 4518 793 4590 diei,
835 4518 1024 4593 quatriduum
1054 4521 1150 4580 salum
1174 4522 1337 4581 intercessit
1366 4528 1394 4578 et
1418 4521 1565 4597 superatio
1591 4517 1695 4577 diurna
1718 4525 1741 4586 ό
1768 4518 1800 4577 fit

437 4605 490 4667 50¹
514 4612 543 4665 et
565 4607 607 4665 sie
629 4612 726 4665 motus
750 4604 870 4664 diurnas
896 4604 956 4681 560,
980 4607 1060 4684 quod
1083 4610 1205 4667 nimiam
1228 4615 1281 4669 001.
1326 4606 1376 4666 Sin
1392 4614 1490 4666 autem
1507 4606 1553 4665 die
1570 4611 1598 4664 2.
1615 4606 1688 4664 Dec.
1712 4605 1800 4665 intel-

433 4692 555 4769 ligenda
579 4700 623 4752 est
645 4709 705 4751 nor
727 4693 914 4771 praecedens,
940 4694 986 4754 die
1008 4713 1079 4756 1010
1105 4703 1134 4756 6.
1158 4696 1230 4756 Dee.
1253 4712 1313 4754 nox
1337 4713 1480 4771 sequens,
1507 4701 1524 4754 5
1548 4693 1611 4752 dies
1634 4692 1800 4752 intercede·

435 4788 500 4841 rent
524 4788 553 4840 et
575 4782 724 4858 superatio
748 4780 852 4839 diurna
878 4788 900 4850 ό
926 4783 1028 4842 111400
1051 4792 1079 4843 01
1102 4786 1145 4843 010
1167 4783 1288 4844 diurnus
1310 4779 1452 4860 1000160.
1501 4783 1537 4841 Et
1559 4798 1626 4840 ecce
1649 4782 1679 4837 in
1704 4782 1800 4839 omni-

437 4869 494 4928 hus
516 4866 731 4947 hypothesibus
755 4867 875 4928 diurnus
900 4871 956 4930 hoc
978 4872 1037 4930 situ
1062 4878 1091 4930 et
1112 4871 1217 4931 habitu
1241 4871 1280 4930 ad
1303 4867 1345 4950 Θ
1369 4877 1414 4929 001
1437 4876 1551 4940 tantus,
1584 4885 1624 4927 se.
1650 4867 1701 4926 410
1724 4867 1799 4943 iere,

433 4972 504 5016 nam
527 4949 565 5015 ad
589 4972 743 5032 vesperam
767 4961 796 5014 6.
821 4956 894 5016 Dec.
917 4965 1054 5034 computo
1081 4953 1115 5018 10
1133 4956 1224 5041 110120
1246 4969 1315 5023 3330.
1362 4956 1435 5032 Quis
1459 4957 1588 5029 dubitet,
1613 4957 1683 5030 quin
1706 4957 1801 5032 prima

437 5045 608 5104 observatio
631 5045 670 5103 sit
692 5043 771 5102 iacta
793 5060 934 5120 vespera,
967 5062 1043 5121 quae
1067 5049 1199 5122 sequitur
1221 5046 1299 5105 diem
1327 5052 1353 5104 1.
1371 5044 1566 5104 Decembris?
1603 5042 1647 5103 Ne
1670 5061 1740 5101 1010
1765 5042 1800 5101 de

434 5132 483 5194 dis
509 5138 537 5192 6.
561 5139 648 5193 nocte
663 5147 733 5208 seq.
756 5133 847 5191 etiam
870 5133 1016 5194 dubitatio
1040 5141 1126 5209 esset,
1151 5151 1218 5195 ecco
1243 5133 1440 5194 characterem
1455 5131 1682 5193 irrefutabilem:
1706 5129 1801 5190 Luna

486 5250 581 5302 Keplert
596 5248 680 5303 Opera.
701 5249 741 5294 Vl.
1534 5241 1574 5296 48
