<?xml version="1.0" encoding="UTF-8"?>
<!DOCTYPE html PUBLIC "-//W3C//DTD XHTML 1.0 Transitional//EN"
    "http://www.w3.org/TR/xhtml1/DTD/xhtml1-transitional.dtd">
<html xmlns="http://www.w3.org/1999/xhtml" xml:lang="en" lang="en">
 <head>
  <title>
</title>
<meta http-equiv="Content-Type" content="text/html;charset=utf-8" />
  <meta name='ocr-system' content='tesseract 3.04.00' />
  <meta name='ocr-capabilities' content='ocr_page ocr_carea ocr_par ocr_line ocrx_word'/>
</head>
<body>
  <div class='ocr_page' id='page_1' title='image "./joanniskepleria03frisgoog/joanniskepleria03frisgoog_0185.png"; bbox 0 0 4459 6275; ppageno 0'>
   <div class='ocr_carea' id='block_1_1' title="bbox 894 735 1796 848">
    <p class='ocr_par' dir='ltr' id='par_1_1' title="bbox 894 735 1796 848">
     <span class='ocr_line' id='line_1_1' title="bbox 894 735 1796 848; baseline 0.011 -15"><span class='ocrx_word' id='word_1_1' title='bbox 894 750 1115 834; x_wconf 61' lang='lat' dir='ltr'><strong>nnuma·</strong></span> <span class='ocrx_word' id='word_1_2' title='bbox 1143 739 1349 848; x_wconf 70' lang='lat' dir='ltr'><strong>rmoma‘</strong></span> <span class='ocrx_word' id='word_1_3' title='bbox 1645 755 1648 760; x_wconf 82' lang='grc'><strong>’</strong></span> <span class='ocrx_word' id='word_1_4' title='bbox 1698 735 1796 843; x_wconf 84' lang='grc' dir='ltr'><strong>ἰιι</strong></span> 
     </span>
    </p>
   </div>
   <div class='ocr_carea' id='block_1_2' title="bbox 429 951 1927 5330">
    <p class='ocr_par' dir='ltr' id='par_1_2' title="bbox 442 951 1799 1820">
     <span class='ocr_line' id='line_1_2' title="bbox 446 951 1796 1035; baseline 0 -21"><span class='ocrx_word' id='word_1_5' title='bbox 446 955 535 1014; x_wconf 58' lang='lat' dir='ltr'><strong>cende</strong></span> <span class='ocrx_word' id='word_1_6' title='bbox 556 952 691 1015; x_wconf 69' lang='lat' dir='ltr'><strong>mnam?</strong></span> <span class='ocrx_word' id='word_1_7' title='bbox 721 951 805 1013; x_wconf 87' lang='lat' dir='ltr'><strong>Idem</strong></span> <span class='ocrx_word' id='word_1_8' title='bbox 826 954 903 1029; x_wconf 84' lang='lat' dir='ltr'><strong>iere,</strong></span> <span class='ocrx_word' id='word_1_9' title='bbox 926 954 1006 1032; x_wconf 91' lang='lat' dir='ltr'><strong>quod</strong></span> <span class='ocrx_word' id='word_1_10' title='bbox 1027 958 1057 1014; x_wconf 91' lang='lat' dir='ltr'><strong>in</strong></span> <span class='ocrx_word' id='word_1_11' title='bbox 1079 954 1195 1015; x_wconf 90' lang='lat' dir='ltr'><strong>turbius</strong></span> <span class='ocrx_word' id='word_1_12' title='bbox 1219 971 1392 1032; x_wconf 86' lang='lat' dir='ltr'><strong>puerorum,</strong></span> <span class='ocrx_word' id='word_1_13' title='bbox 1415 959 1574 1030; x_wconf 88' lang='lat' dir='ltr'><strong>antequam</strong></span> <span class='ocrx_word' id='word_1_14' title='bbox 1596 955 1622 1014; x_wconf 91' lang='lat' dir='ltr'><strong>is</strong></span> <span class='ocrx_word' id='word_1_15' title='bbox 1643 953 1796 1035; x_wconf 85' lang='lat' dir='ltr'><strong>planitiem</strong></span> 
     </span>
     <span class='ocr_line' id='line_1_3' title="bbox 446 1036 1798 1120; baseline 0.001 -20"><span class='ocrx_word' id='word_1_16' title='bbox 446 1036 571 1118; x_wconf 84' lang='lat' dir='ltr'><strong>attingit.</strong></span> <span class='ocrx_word' id='word_1_17' title='bbox 594 1040 724 1102; x_wconf 86' lang='lat' dir='ltr'><strong>Primum</strong></span> <span class='ocrx_word' id='word_1_18' title='bbox 747 1043 824 1101; x_wconf 92' lang='lat' dir='ltr'><strong>enim</strong></span> <span class='ocrx_word' id='word_1_19' title='bbox 846 1049 925 1115; x_wconf 91' lang='lat' dir='ltr'><strong>totus</strong></span> <span class='ocrx_word' id='word_1_20' title='bbox 948 1041 1056 1103; x_wconf 75' lang='lat' dir='ltr'><strong>&#39;l&#39;errae</strong></span> <span class='ocrx_word' id='word_1_21' title='bbox 1078 1041 1194 1120; x_wconf 78' lang='lat' dir='ltr'>globus,</span> <span class='ocrx_word' id='word_1_22' title='bbox 1217 1049 1359 1118; x_wconf 86' lang='lat' dir='ltr'><strong>quantum</strong></span> <span class='ocrx_word' id='word_1_23' title='bbox 1381 1041 1420 1102; x_wconf 93' lang='lat' dir='ltr'><strong>ad</strong></span> <span class='ocrx_word' id='word_1_24' title='bbox 1445 1045 1571 1119; x_wconf 89' lang='lat' dir='ltr'><strong>primum</strong></span> <span class='ocrx_word' id='word_1_25' title='bbox 1592 1050 1704 1102; x_wconf 90' lang='lat' dir='ltr'><strong>motum</strong></span> <span class='ocrx_word' id='word_1_26' title='bbox 1727 1044 1798 1102; x_wconf 89' lang='lat' dir='ltr'><strong>atti·</strong></span> 
     </span>
     <span class='ocr_line' id='line_1_4' title="bbox 444 1127 1798 1209; baseline 0.003 -23"><span class='ocrx_word' id='word_1_27' title='bbox 444 1136 500 1202; x_wconf 88' lang='lat' dir='ltr'><strong>net,</strong></span> <span class='ocrx_word' id='word_1_28' title='bbox 524 1145 579 1188; x_wconf 91' lang='lat' dir='ltr'><strong>suo</strong></span> <span class='ocrx_word' id='word_1_29' title='bbox 603 1127 669 1189; x_wconf 91' lang='lat' dir='ltr'><strong>loco</strong></span> <span class='ocrx_word' id='word_1_30' title='bbox 691 1134 806 1209; x_wconf 84' lang='lat' dir='ltr'><strong>manet,</strong></span> <span class='ocrx_word' id='word_1_31' title='bbox 834 1136 932 1208; x_wconf 86' lang='lat' dir='ltr'><strong>partes</strong></span> <span class='ocrx_word' id='word_1_32' title='bbox 955 1146 1024 1190; x_wconf 93' lang='lat' dir='ltr'><strong>vero</strong></span> <span class='ocrx_word' id='word_1_33' title='bbox 1046 1129 1124 1190; x_wconf 88' lang='lat' dir='ltr'><strong>aliae</strong></span> <span class='ocrx_word' id='word_1_34' title='bbox 1148 1131 1177 1188; x_wconf 89' lang='lat' dir='ltr'><strong>in</strong></span> <span class='ocrx_word' id='word_1_35' title='bbox 1200 1128 1323 1189; x_wconf 87' lang='lat' dir='ltr'><strong>aliamm</strong></span> <span class='ocrx_word' id='word_1_36' title='bbox 1344 1129 1580 1207; x_wconf 88' lang='lat' dir='ltr'><strong>praecedentium</strong></span> <span class='ocrx_word' id='word_1_37' title='bbox 1602 1129 1669 1190; x_wconf 86' lang='lat' dir='ltr'><strong>loca</strong></span> <span class='ocrx_word' id='word_1_38' title='bbox 1694 1145 1798 1190; x_wconf 89' lang='lat' dir='ltr'><strong>succe-</strong></span> 
     </span>
     <span class='ocr_line' id='line_1_5' title="bbox 444 1214 1798 1296; baseline 0.001 -21"><span class='ocrx_word' id='word_1_39' title='bbox 444 1214 525 1275; x_wconf 79' lang='lat' dir='ltr'><strong>dunt</strong></span> <span class='ocrx_word' id='word_1_40' title='bbox 571 1216 695 1290; x_wconf 65' lang='lat' dir='ltr'><strong>Danda,</strong></span> <span class='ocrx_word' id='word_1_41' title='bbox 718 1223 750 1275; x_wconf 93' lang='lat' dir='ltr'><strong>ut</strong></span> <span class='ocrx_word' id='word_1_42' title='bbox 772 1220 867 1294; x_wconf 87' lang='lat' dir='ltr'><strong>magis</strong></span> <span class='ocrx_word' id='word_1_43' title='bbox 882 1216 920 1277; x_wconf 88' lang='lat' dir='ltr'><strong>ad</strong></span> <span class='ocrx_word' id='word_1_44' title='bbox 943 1220 1071 1296; x_wconf 88' lang='lat' dir='ltr'><strong>speeiem</strong></span> <span class='ocrx_word' id='word_1_45' title='bbox 1085 1215 1307 1291; x_wconf 76' lang='lat' dir='ltr'>descendamus,</span> <span class='ocrx_word' id='word_1_46' title='bbox 1330 1217 1408 1278; x_wconf 91' lang='lat' dir='ltr'><strong>idern</strong></span> <span class='ocrx_word' id='word_1_47' title='bbox 1423 1216 1529 1293; x_wconf 80' lang='lat' dir='ltr'><strong>globus</strong></span> <span class='ocrx_word' id='word_1_48' title='bbox 1545 1216 1704 1277; x_wconf 88' lang='lat' dir='ltr'><strong>secundum</strong></span> <span class='ocrx_word' id='word_1_49' title='bbox 1720 1226 1798 1277; x_wconf 89' lang='lat' dir='ltr'><strong>trac-</strong></span> 
     </span>
     <span class='ocr_line' id='line_1_6' title="bbox 443 1292 1797 1384; baseline 0 -22"><span class='ocrx_word' id='word_1_50' title='bbox 443 1310 504 1362; x_wconf 91' lang='lat' dir='ltr'><strong>tum</strong></span> <span class='ocrx_word' id='word_1_51' title='bbox 517 1292 780 1378; x_wconf 54' lang='lat' dir='ltr'><strong>rectilineumfaxl</strong></span> <span class='ocrx_word' id='word_1_52' title='bbox 802 1304 990 1384; x_wconf 78' lang='lat' dir='ltr'><strong>parallelum,</strong></span> <span class='ocrx_word' id='word_1_53' title='bbox 1007 1306 1038 1368; x_wconf 84' lang='lat' dir='ltr'><strong>in</strong></span> <span class='ocrx_word' id='word_1_54' title='bbox 1061 1322 1121 1381; x_wconf 91' lang='lat' dir='ltr'><strong>qno</strong></span> <span class='ocrx_word' id='word_1_55' title='bbox 1145 1306 1234 1365; x_wconf 90' lang='lat' dir='ltr'><strong>etiam</strong></span> <span class='ocrx_word' id='word_1_56' title='bbox 1257 1311 1353 1364; x_wconf 88' lang='lat' dir='ltr'><strong>tractu</strong></span> <span class='ocrx_word' id='word_1_57' title='bbox 1375 1312 1574 1381; x_wconf 89' lang='lat' dir='ltr'><strong>agnoscuntur</strong></span> <span class='ocrx_word' id='word_1_58' title='bbox 1589 1307 1652 1365; x_wconf 83' lang='lat' dir='ltr'><strong>axis</strong></span> <span class='ocrx_word' id='word_1_59' title='bbox 1675 1313 1705 1365; x_wconf 90' lang='lat' dir='ltr'><strong>et</strong></span> <span class='ocrx_word' id='word_1_60' title='bbox 1727 1305 1797 1384; x_wconf 87' lang='lat' dir='ltr'><strong>poli,</strong></span> 
     </span>
     <span class='ocr_line' id='line_1_7' title="bbox 443 1384 1799 1471; baseline 0.001 -20"><span class='ocrx_word' id='word_1_61' title='bbox 443 1398 556 1469; x_wconf 76' lang='lat' dir='ltr'><strong>pentat</strong></span> <span class='ocrx_word' id='word_1_62' title='bbox 576 1390 751 1465; x_wconf 88' lang='lat' dir='ltr'><strong>immobilis,</strong></span> <span class='ocrx_word' id='word_1_63' title='bbox 781 1391 879 1468; x_wconf 91' lang='lat' dir='ltr'><strong>quoad</strong></span> <span class='ocrx_word' id='word_1_64' title='bbox 902 1401 1013 1453; x_wconf 90' lang='lat' dir='ltr'><strong>motum</strong></span> <span class='ocrx_word' id='word_1_65' title='bbox 1035 1391 1261 1471; x_wconf 84' lang='lat' dir='ltr'><strong>buncprimum,</strong></span> <span class='ocrx_word' id='word_1_66' title='bbox 1284 1409 1457 1469; x_wconf 87' lang='lat' dir='ltr'><strong>rursumque</strong></span> <span class='ocrx_word' id='word_1_67' title='bbox 1480 1391 1558 1452; x_wconf 86' lang='lat' dir='ltr'><strong>idem</strong></span> <span class='ocrx_word' id='word_1_68' title='bbox 1581 1399 1661 1452; x_wconf 91' lang='lat' dir='ltr'><strong>totus</strong></span> <span class='ocrx_word' id='word_1_69' title='bbox 1683 1384 1799 1469; x_wconf 84' lang='lat' dir='ltr'><strong>globus,</strong></span> 
     </span>
     <span class='ocr_line' id='line_1_8' title="bbox 442 1477 1798 1558; baseline 0.001 -20"><span class='ocrx_word' id='word_1_70' title='bbox 442 1477 604 1539; x_wconf 76' lang='lat' dir='ltr'><strong>meandum</strong></span> <span class='ocrx_word' id='word_1_71' title='bbox 627 1485 750 1539; x_wconf 85' lang='lat' dir='ltr'><strong>tractum</strong></span> <span class='ocrx_word' id='word_1_72' title='bbox 780 1478 880 1539; x_wconf 90' lang='lat' dir='ltr'><strong>circuli</strong></span> <span class='ocrx_word' id='word_1_73' title='bbox 912 1480 1001 1540; x_wconf 87' lang='lat' dir='ltr'><strong>modii</strong></span> <span class='ocrx_word' id='word_1_74' title='bbox 1023 1480 1221 1558; x_wconf 84' lang='lat' dir='ltr'><strong>interpolas,</strong></span> <span class='ocrx_word' id='word_1_75' title='bbox 1254 1486 1299 1538; x_wconf 88' lang='lat' dir='ltr'><strong>est</strong></span> <span class='ocrx_word' id='word_1_76' title='bbox 1320 1480 1485 1555; x_wconf 88' lang='lat' dir='ltr'><strong>subjectum</strong></span> <span class='ocrx_word' id='word_1_77' title='bbox 1506 1487 1603 1540; x_wconf 90' lang='lat' dir='ltr'><strong>motus</strong></span> <span class='ocrx_word' id='word_1_78' title='bbox 1630 1479 1737 1557; x_wconf 86' lang='lat' dir='ltr'><strong>hujus,</strong></span> <span class='ocrx_word' id='word_1_79' title='bbox 1768 1491 1798 1540; x_wconf 89' lang='lat' dir='ltr'><strong>et</strong></span> 
     </span>
     <span class='ocr_line' id='line_1_9' title="bbox 443 1565 1796 1646; baseline 0.002 -23"><span class='ocrx_word' id='word_1_80' title='bbox 443 1566 576 1626; x_wconf 91' lang='lat' dir='ltr'><strong>innititur</strong></span> <span class='ocrx_word' id='word_1_81' title='bbox 601 1565 651 1627; x_wconf 89' lang='lat' dir='ltr'><strong>bic</strong></span> <span class='ocrx_word' id='word_1_82' title='bbox 672 1573 770 1626; x_wconf 88' lang='lat' dir='ltr'><strong>motus</strong></span> <span class='ocrx_word' id='word_1_83' title='bbox 791 1566 835 1626; x_wconf 93' lang='lat' dir='ltr'><strong>illi</strong></span> <span class='ocrx_word' id='word_1_84' title='bbox 857 1569 958 1644; x_wconf 81' lang='lat' dir='ltr'>quieti,</span> <span class='ocrx_word' id='word_1_85' title='bbox 981 1583 1041 1627; x_wconf 92' lang='lat' dir='ltr'><strong>non</strong></span> <span class='ocrx_word' id='word_1_86' title='bbox 1063 1566 1164 1642; x_wconf 89' lang='lat' dir='ltr'><strong>aliter,</strong></span> <span class='ocrx_word' id='word_1_87' title='bbox 1193 1569 1331 1643; x_wconf 91' lang='lat' dir='ltr'><strong>quamsi</strong></span> <span class='ocrx_word' id='word_1_88' title='bbox 1354 1569 1428 1627; x_wconf 89' lang='lat' dir='ltr'><strong>inter</strong></span> <span class='ocrx_word' id='word_1_89' title='bbox 1455 1570 1541 1628; x_wconf 92' lang='lat' dir='ltr'><strong>binas</strong></span> <span class='ocrx_word' id='word_1_90' title='bbox 1562 1570 1638 1628; x_wconf 89' lang='lat' dir='ltr'><strong>torni</strong></span> <span class='ocrx_word' id='word_1_91' title='bbox 1661 1566 1796 1646; x_wconf 77' lang='lat' dir='ltr'><strong>cuspides</strong></span> 
     </span>
     <span class='ocr_line' id='line_1_10' title="bbox 444 1652 1798 1733; baseline 0 -20"><span class='ocrx_word' id='word_1_92' title='bbox 444 1652 610 1714; x_wconf 88' lang='lat' dir='ltr'><strong>immobiles</strong></span> <span class='ocrx_word' id='word_1_93' title='bbox 631 1653 739 1732; x_wconf 83' lang='lat' dir='ltr'><strong>globus</strong></span> <span class='ocrx_word' id='word_1_94' title='bbox 762 1652 925 1715; x_wconf 81' lang='lat' dir='ltr'><strong>decurreret</strong></span> <span class='ocrx_word' id='word_1_95' title='bbox 941 1654 1055 1717; x_wconf 81' lang='lat' dir='ltr'><strong>affixus.</strong></span> <span class='ocrx_word' id='word_1_96' title='bbox 1101 1652 1185 1730; x_wconf 84' lang='lat' dir='ltr'><strong>Quae</strong></span> <span class='ocrx_word' id='word_1_97' title='bbox 1209 1654 1410 1733; x_wconf 89' lang='lat' dir='ltr'><strong>omniaplanc</strong></span> <span class='ocrx_word' id='word_1_98' title='bbox 1433 1657 1476 1715; x_wconf 91' lang='lat' dir='ltr'><strong>sic</strong></span> <span class='ocrx_word' id='word_1_99' title='bbox 1491 1655 1625 1715; x_wconf 88' lang='lat' dir='ltr'><strong>dicuntur</strong></span> <span class='ocrx_word' id='word_1_100' title='bbox 1647 1654 1684 1716; x_wconf 88' lang='lat' dir='ltr'><strong>de</strong></span> <span class='ocrx_word' id='word_1_101' title='bbox 1699 1655 1798 1730; x_wconf 76' lang='lat' dir='ltr'><strong>Terra,</strong></span> 
     </span>
     <span class='ocr_line' id='line_1_11' title="bbox 443 1739 1795 1820; baseline 0.002 -20"><span class='ocrx_word' id='word_1_102' title='bbox 443 1742 518 1802; x_wconf 90' lang='lat' dir='ltr'><strong>sicut</strong></span> <span class='ocrx_word' id='word_1_103' title='bbox 538 1757 659 1802; x_wconf 89' lang='lat' dir='ltr'><strong>necesse</strong></span> <span class='ocrx_word' id='word_1_104' title='bbox 682 1750 727 1802; x_wconf 89' lang='lat' dir='ltr'><strong>cst</strong></span> <span class='ocrx_word' id='word_1_105' title='bbox 749 1739 806 1802; x_wconf 91' lang='lat' dir='ltr'><strong>dici</strong></span> <span class='ocrx_word' id='word_1_106' title='bbox 829 1740 865 1802; x_wconf 91' lang='lat' dir='ltr'><strong>de</strong></span> <span class='ocrx_word' id='word_1_107' title='bbox 880 1742 1005 1816; x_wconf 88' lang='lat' dir='ltr'><strong>turbine,</strong></span> <span class='ocrx_word' id='word_1_108' title='bbox 1029 1759 1094 1801; x_wconf 95' lang='lat' dir='ltr'><strong>cum</strong></span> <span class='ocrx_word' id='word_1_109' title='bbox 1117 1741 1144 1801; x_wconf 89' lang='lat' dir='ltr'><strong>is</strong></span> <span class='ocrx_word' id='word_1_110' title='bbox 1159 1741 1263 1801; x_wconf 91' lang='lat' dir='ltr'><strong>volans</strong></span> <span class='ocrx_word' id='word_1_111' title='bbox 1285 1743 1315 1800; x_wconf 91' lang='lat' dir='ltr'><strong>in</strong></span> <span class='ocrx_word' id='word_1_112' title='bbox 1337 1747 1404 1803; x_wconf 86' lang='lat' dir='ltr'><strong>a&#39;e&#39;re</strong></span> <span class='ocrx_word' id='word_1_113' title='bbox 1426 1745 1599 1820; x_wconf 82' lang='lat' dir='ltr'><strong>interimque</strong></span> <span class='ocrx_word' id='word_1_114' title='bbox 1622 1750 1652 1803; x_wconf 89' lang='lat' dir='ltr'><strong>et</strong></span> <span class='ocrx_word' id='word_1_115' title='bbox 1673 1748 1795 1803; x_wconf 86' lang='lat' dir='ltr'><strong>rotatur.</strong></span> 
     </span>
    </p>

    <p class='ocr_par' dir='ltr' id='par_1_3' title="bbox 442 1828 1927 2524">
     <span class='ocr_line' id='line_1_12' title="bbox 531 1828 1799 1907; baseline 0 -19"><span class='ocrx_word' id='word_1_116' title='bbox 531 1828 566 1888; x_wconf 78' lang='lat' dir='ltr'><strong>st</strong></span> <span class='ocrx_word' id='word_1_117' title='bbox 587 1832 656 1889; x_wconf 79' lang='lat' dir='ltr'><strong>auis</strong></span> <span class='ocrx_word' id='word_1_118' title='bbox 677 1828 725 1887; x_wconf 93' lang='lat' dir='ltr'><strong>hic</strong></span> <span class='ocrx_word' id='word_1_119' title='bbox 746 1836 817 1889; x_wconf 88' lang='lat' dir='ltr'><strong>eeeet</strong></span> <span class='ocrx_word' id='word_1_120' title='bbox 838 1830 960 1907; x_wconf 81' lang='lat' dir='ltr'><strong>aliquid</strong></span> <span class='ocrx_word' id='word_1_121' title='bbox 980 1830 1076 1904; x_wconf 86' lang='lat' dir='ltr'><strong>reale,</strong></span> <span class='ocrx_word' id='word_1_122' title='bbox 1099 1837 1291 1905; x_wconf 81' lang='lat' dir='ltr'><strong>protractum</strong></span> <span class='ocrx_word' id='word_1_123' title='bbox 1313 1830 1352 1889; x_wconf 91' lang='lat' dir='ltr'><strong>ab</strong></span> <span class='ocrx_word' id='word_1_124' title='bbox 1374 1848 1441 1889; x_wconf 83' lang='lat' dir='ltr'><strong>ana</strong></span> <span class='ocrx_word' id='word_1_125' title='bbox 1463 1835 1650 1892; x_wconf 79' lang='lat' dir='ltr'><strong>extremitate</strong></span> <span class='ocrx_word' id='word_1_126' title='bbox 1671 1831 1744 1890; x_wconf 88' lang='lat' dir='ltr'><strong>coeli</strong></span> <span class='ocrx_word' id='word_1_127' title='bbox 1765 1833 1799 1890; x_wconf 85' lang='lat' dir='ltr'><strong>in</strong></span> 
     </span>
     <span class='ocr_line' id='line_1_13' title="bbox 444 1915 1889 2007; baseline 0.001 -32"><span class='ocrx_word' id='word_1_128' title='bbox 444 1915 541 1975; x_wconf 82' lang='lat' dir='ltr'><strong>aliam</strong></span> <span class='ocrx_word' id='word_1_129' title='bbox 563 1923 593 1976; x_wconf 87' lang='lat' dir='ltr'><strong>et</strong></span> <span class='ocrx_word' id='word_1_130' title='bbox 614 1917 774 1990; x_wconf 79' lang='lat' dir='ltr'><strong>traiectum</strong></span> <span class='ocrx_word' id='word_1_131' title='bbox 793 1935 853 1993; x_wconf 82' lang='lat' dir='ltr'><strong>per</strong></span> <span class='ocrx_word' id='word_1_132' title='bbox 874 1918 996 1993; x_wconf 73' lang='lat' dir='ltr'><strong>globum</strong></span> <span class='ocrx_word' id='word_1_133' title='bbox 1016 1916 1137 1990; x_wconf 79' lang='lat' dir='ltr'><strong>Terrae,</strong></span> <span class='ocrx_word' id='word_1_134' title='bbox 1160 1924 1196 1976; x_wconf 81' lang='lat' dir='ltr'><strong>at</strong></span> <span class='ocrx_word' id='word_1_135' title='bbox 1211 1917 1316 1993; x_wconf 77' lang='lat' dir='ltr'><strong>piabor</strong></span> <span class='ocrx_word' id='word_1_136' title='bbox 1331 1920 1366 1976; x_wconf 84' lang='lat' dir='ltr'><strong>in</strong></span> <span class='ocrx_word' id='word_1_137' title='bbox 1381 1925 1470 1980; x_wconf 87' lang='lat' dir='ltr'><strong>torno</strong></span> <span class='ocrx_word' id='word_1_138' title='bbox 1490 1935 1652 2007; x_wconf 77' lang='lat' dir='ltr'><strong>snspensas</strong></span> <span class='ocrx_word' id='word_1_139' title='bbox 1673 1924 1799 1977; x_wconf 77' lang='lat' dir='ltr'><strong>entrea-</strong></span> <span class='ocrx_word' id='word_1_140' title='bbox 1884 1938 1889 1947; x_wconf 91' lang='lat'><strong>·</strong></span> 
     </span>
     <span class='ocr_line' id='line_1_14' title="bbox 443 2002 1927 2083; baseline 0.003 -22"><span class='ocrx_word' id='word_1_141' title='bbox 443 2002 522 2078; x_wconf 83' lang='lat' dir='ltr'><strong>liter,</strong></span> <span class='ocrx_word' id='word_1_142' title='bbox 545 2011 621 2063; x_wconf 84' lang='lat' dir='ltr'><strong>tanc</strong></span> <span class='ocrx_word' id='word_1_143' title='bbox 643 2021 718 2064; x_wconf 83' lang='lat' dir='ltr'><strong>rane</strong></span> <span class='ocrx_word' id='word_1_144' title='bbox 738 2004 887 2064; x_wconf 85' lang='lat' dir='ltr'><strong>credibilis</strong></span> <span class='ocrx_word' id='word_1_145' title='bbox 908 2005 1178 2083; x_wconf 71' lang='lat' dir='ltr'><strong>arethaecsorma</strong></span> <span class='ocrx_word' id='word_1_146' title='bbox 1199 2011 1298 2064; x_wconf 81' lang='lat' dir='ltr'><strong>motae</strong></span> <span class='ocrx_word' id='word_1_147' title='bbox 1320 2009 1455 2081; x_wconf 83' lang='lat' dir='ltr'><strong>corporis</strong></span> <span class='ocrx_word' id='word_1_148' title='bbox 1475 2006 1588 2080; x_wconf 71' lang='lat' dir='ltr'><strong>pabore·</strong></span> <span class='ocrx_word' id='word_1_149' title='bbox 1606 2009 1688 2065; x_wconf 88' lang='lat' dir='ltr'><strong>circo</strong></span> <span class='ocrx_word' id='word_1_150' title='bbox 1709 2021 1797 2066; x_wconf 74' lang='lat' dir='ltr'><strong>acon</strong></span> <span class='ocrx_word' id='word_1_151' title='bbox 1922 2048 1927 2066; x_wconf 87' lang='lat'>.</span> 
     </span>
     <span class='ocr_line' id='line_1_15' title="bbox 443 2090 1798 2171; baseline 0.004 -22"><span class='ocrx_word' id='word_1_152' title='bbox 443 2090 635 2152; x_wconf 79' lang='lat' dir='ltr'><strong>immobilem.</strong></span> <span class='ocrx_word' id='word_1_153' title='bbox 679 2091 746 2152; x_wconf 86' lang='lat' dir='ltr'><strong>Non</strong></span> <span class='ocrx_word' id='word_1_154' title='bbox 768 2100 814 2152; x_wconf 91' lang='lat' dir='ltr'><strong>est</strong></span> <span class='ocrx_word' id='word_1_155' title='bbox 836 2109 974 2168; x_wconf 88' lang='lat' dir='ltr'><strong>necesse,</strong></span> <span class='ocrx_word' id='word_1_156' title='bbox 1000 2101 1035 2151; x_wconf 90' lang='lat' dir='ltr'><strong>ut</strong></span> <span class='ocrx_word' id='word_1_157' title='bbox 1056 2108 1087 2152; x_wconf 89' lang='lat' dir='ltr'><strong>re</strong></span> <span class='ocrx_word' id='word_1_158' title='bbox 1110 2094 1176 2171; x_wconf 87' lang='lat' dir='ltr'><strong>ipsa</strong></span> <span class='ocrx_word' id='word_1_159' title='bbox 1197 2094 1382 2153; x_wconf 90' lang='lat' dir='ltr'><strong>continuetur</strong></span> <span class='ocrx_word' id='word_1_160' title='bbox 1402 2092 1450 2154; x_wconf 91' lang='lat' dir='ltr'><strong>hic</strong></span> <span class='ocrx_word' id='word_1_161' title='bbox 1472 2096 1537 2153; x_wconf 86' lang='lat' dir='ltr'><strong>axis</strong></span> <span class='ocrx_word' id='word_1_162' title='bbox 1560 2109 1653 2170; x_wconf 82' lang='lat' dir='ltr'><strong>ireque</strong></span> <span class='ocrx_word' id='word_1_163' title='bbox 1675 2095 1705 2151; x_wconf 89' lang='lat' dir='ltr'><strong>in</strong></span> <span class='ocrx_word' id='word_1_164' title='bbox 1727 2108 1798 2153; x_wconf 87' lang='lat' dir='ltr'><strong>ccc·</strong></span> 
     </span>
     <span class='ocr_line' id='line_1_16' title="bbox 442 2176 1799 2259; baseline 0.001 -23"><span class='ocrx_word' id='word_1_165' title='bbox 442 2176 504 2238; x_wconf 86' lang='lat' dir='ltr'><strong>lum</strong></span> <span class='ocrx_word' id='word_1_166' title='bbox 525 2179 626 2256; x_wconf 90' lang='lat' dir='ltr'><strong>sitque</strong></span> <span class='ocrx_word' id='word_1_167' title='bbox 648 2179 798 2259; x_wconf 85' lang='lat' dir='ltr'><strong>corporale</strong></span> <span class='ocrx_word' id='word_1_168' title='bbox 821 2187 850 2240; x_wconf 91' lang='lat' dir='ltr'><strong>et</strong></span> <span class='ocrx_word' id='word_1_169' title='bbox 873 2180 976 2240; x_wconf 92' lang='lat' dir='ltr'><strong>durum</strong></span> <span class='ocrx_word' id='word_1_170' title='bbox 999 2179 1127 2257; x_wconf 84' lang='lat' dir='ltr'><strong>aliquid,</strong></span> <span class='ocrx_word' id='word_1_171' title='bbox 1154 2186 1252 2258; x_wconf 89' lang='lat' dir='ltr'><strong>potest</strong></span> <span class='ocrx_word' id='word_1_172' title='bbox 1275 2183 1352 2240; x_wconf 90' lang='lat' dir='ltr'><strong>euim</strong></span> <span class='ocrx_word' id='word_1_173' title='bbox 1374 2180 1563 2240; x_wconf 89' lang='lat' dir='ltr'><strong>nihilomiuus</strong></span> <span class='ocrx_word' id='word_1_174' title='bbox 1586 2181 1654 2241; x_wconf 91' lang='lat' dir='ltr'><strong>talis</strong></span> <span class='ocrx_word' id='word_1_175' title='bbox 1676 2181 1799 2240; x_wconf 81' lang='lat' dir='ltr'><strong>existere</strong></span> 
     </span>
     <span class='ocr_line' id='line_1_17' title="bbox 442 2264 1800 2349; baseline 0.003 -25"><span class='ocrx_word' id='word_1_176' title='bbox 442 2274 549 2326; x_wconf 86' lang='lat' dir='ltr'><strong>motus.</strong></span> <span class='ocrx_word' id='word_1_177' title='bbox 595 2264 631 2327; x_wconf 94' lang='lat' dir='ltr'><strong>Id</strong></span> <span class='ocrx_word' id='word_1_178' title='bbox 658 2274 741 2345; x_wconf 88' lang='lat' dir='ltr'><strong>patet</strong></span> <span class='ocrx_word' id='word_1_179' title='bbox 770 2267 904 2349; x_wconf 82' lang='lat' dir='ltr'><strong>exemplo</strong></span> <span class='ocrx_word' id='word_1_180' title='bbox 932 2267 1057 2328; x_wconf 87' lang='lat' dir='ltr'><strong>turbinis</strong></span> <span class='ocrx_word' id='word_1_181' title='bbox 1082 2268 1148 2344; x_wconf 85' lang='lat' dir='ltr'><strong>jam</strong></span> <span class='ocrx_word' id='word_1_182' title='bbox 1177 2265 1271 2341; x_wconf 88' lang='lat' dir='ltr'><strong>dicto,</strong></span> <span class='ocrx_word' id='word_1_183' title='bbox 1304 2268 1373 2328; x_wconf 92' lang='lat' dir='ltr'><strong>dum</strong></span> <span class='ocrx_word' id='word_1_184' title='bbox 1395 2271 1420 2329; x_wconf 89' lang='lat' dir='ltr'><strong>is</strong></span> <span class='ocrx_word' id='word_1_185' title='bbox 1443 2267 1540 2329; x_wconf 90' lang='lat' dir='ltr'><strong>adhuc</strong></span> <span class='ocrx_word' id='word_1_186' title='bbox 1561 2267 1644 2329; x_wconf 86' lang='lat' dir='ltr'><strong>volat</strong></span> <span class='ocrx_word' id='word_1_187' title='bbox 1665 2269 1695 2326; x_wconf 92' lang='lat' dir='ltr'><strong>in</strong></span> <span class='ocrx_word' id='word_1_188' title='bbox 1717 2271 1800 2341; x_wconf 78' lang='lat' dir='ltr'><strong>aire3</strong></span> 
     </span>
     <span class='ocr_line' id='line_1_18' title="bbox 443 2353 1800 2434; baseline 0.002 -22"><span class='ocrx_word' id='word_1_189' title='bbox 443 2369 538 2430; x_wconf 86' lang='lat' dir='ltr'><strong>nsque</strong></span> <span class='ocrx_word' id='word_1_190' title='bbox 562 2355 639 2414; x_wconf 89' lang='lat' dir='ltr'><strong>enim</strong></span> <span class='ocrx_word' id='word_1_191' title='bbox 663 2357 803 2415; x_wconf 87' lang='lat' dir='ltr'><strong>evertitur</strong></span> <span class='ocrx_word' id='word_1_192' title='bbox 826 2356 890 2432; x_wconf 90' lang='lat' dir='ltr'><strong>ejus</strong></span> <span class='ocrx_word' id='word_1_193' title='bbox 908 2358 982 2430; x_wconf 85' lang='lat' dir='ltr'><strong>axia,</strong></span> <span class='ocrx_word' id='word_1_194' title='bbox 1005 2355 1058 2415; x_wconf 90' lang='lat' dir='ltr'><strong>ssd</strong></span> <span class='ocrx_word' id='word_1_195' title='bbox 1081 2353 1180 2433; x_wconf 83' lang='lat' dir='ltr'><strong>cuspis</strong></span> <span class='ocrx_word' id='word_1_196' title='bbox 1195 2359 1225 2415; x_wconf 92' lang='lat' dir='ltr'><strong>in</strong></span> <span class='ocrx_word' id='word_1_197' title='bbox 1247 2354 1396 2431; x_wconf 87' lang='lat' dir='ltr'><strong>ejaculatu</strong></span> <span class='ocrx_word' id='word_1_198' title='bbox 1418 2355 1554 2416; x_wconf 89' lang='lat' dir='ltr'><strong>deorsum</strong></span> <span class='ocrx_word' id='word_1_199' title='bbox 1577 2372 1663 2418; x_wconf 89' lang='lat' dir='ltr'><strong>versa</strong></span> <span class='ocrx_word' id='word_1_200' title='bbox 1685 2371 1800 2434; x_wconf 83' lang='lat' dir='ltr'><strong>semper</strong></span> 
     </span>
     <span class='ocr_line' id='line_1_19' title="bbox 444 2440 1533 2524; baseline 0.003 -23"><span class='ocrx_word' id='word_1_201' title='bbox 444 2447 543 2502; x_wconf 81' lang='lat' dir='ltr'><strong>manet</strong></span> <span class='ocrx_word' id='word_1_202' title='bbox 566 2441 650 2516; x_wconf 83' lang='lat' dir='ltr'><strong>inira,</strong></span> <span class='ocrx_word' id='word_1_203' title='bbox 675 2440 767 2504; x_wconf 90' lang='lat' dir='ltr'><strong>dousc</strong></span> <span class='ocrx_word' id='word_1_204' title='bbox 789 2442 941 2522; x_wconf 76' lang='lat' dir='ltr'><strong>planitiem</strong></span> <span class='ocrx_word' id='word_1_205' title='bbox 964 2444 1124 2520; x_wconf 89' lang='lat' dir='ltr'><strong>contingat,</strong></span> <span class='ocrx_word' id='word_1_206' title='bbox 1147 2449 1243 2503; x_wconf 85' lang='lat' dir='ltr'><strong>rotato</strong></span> <span class='ocrx_word' id='word_1_207' title='bbox 1266 2444 1381 2504; x_wconf 88' lang='lat' dir='ltr'><strong>iuterim</strong></span> <span class='ocrx_word' id='word_1_208' title='bbox 1403 2460 1533 2524; x_wconf 88' lang='lat' dir='ltr'><strong>corpore.</strong></span> 
     </span>
    </p>

    <p class='ocr_par' dir='ltr' id='par_1_4' title="bbox 440 2527 1902 3049">
     <span class='ocr_line' id='line_1_20' title="bbox 526 2527 1798 2609; baseline 0 -22"><span class='ocrx_word' id='word_1_209' title='bbox 526 2527 565 2587; x_wconf 95' lang='lat' dir='ltr'><strong>In</strong></span> <span class='ocrx_word' id='word_1_210' title='bbox 587 2530 686 2608; x_wconf 89' lang='lat' dir='ltr'><strong>specie</strong></span> <span class='ocrx_word' id='word_1_211' title='bbox 708 2548 778 2591; x_wconf 86' lang='lat' dir='ltr'><strong>vero</strong></span> <span class='ocrx_word' id='word_1_212' title='bbox 801 2538 920 2609; x_wconf 88' lang='lat' dir='ltr'><strong>recepta</strong></span> <span class='ocrx_word' id='word_1_213' title='bbox 943 2538 988 2592; x_wconf 92' lang='lat' dir='ltr'><strong>est</strong></span> <span class='ocrx_word' id='word_1_214' title='bbox 1009 2531 1083 2590; x_wconf 87' lang='lat' dir='ltr'><strong>haee</strong></span> <span class='ocrx_word' id='word_1_215' title='bbox 1104 2530 1199 2592; x_wconf 80' lang='lat' dir='ltr'><strong>torma</strong></span> <span class='ocrx_word' id='word_1_216' title='bbox 1220 2538 1317 2591; x_wconf 89' lang='lat' dir='ltr'><strong>motus</strong></span> <span class='ocrx_word' id='word_1_217' title='bbox 1344 2531 1383 2592; x_wconf 89' lang='lat' dir='ltr'><strong>ab</strong></span> <span class='ocrx_word' id='word_1_218' title='bbox 1405 2532 1580 2592; x_wconf 87' lang='lat' dir='ltr'><strong>astronomis</strong></span> <span class='ocrx_word' id='word_1_219' title='bbox 1612 2530 1701 2591; x_wconf 88' lang='lat' dir='ltr'><strong>ctiam</strong></span> <span class='ocrx_word' id='word_1_220' title='bbox 1723 2527 1798 2604; x_wconf 75' lang='lat' dir='ltr'><strong>aliis,</strong></span> 
     </span>
     <span class='ocr_line' id='line_1_21' title="bbox 442 2613 1870 2696; baseline 0.001 -23"><span class='ocrx_word' id='word_1_221' title='bbox 442 2613 509 2676; x_wconf 89' lang='lat' dir='ltr'><strong>licet</strong></span> <span class='ocrx_word' id='word_1_222' title='bbox 531 2632 619 2676; x_wconf 87' lang='lat' dir='ltr'><strong>axem</strong></span> <span class='ocrx_word' id='word_1_223' title='bbox 642 2617 821 2696; x_wconf 75' lang='lat' dir='ltr'><strong>corporalem</strong></span> <span class='ocrx_word' id='word_1_224' title='bbox 845 2621 875 2676; x_wconf 89' lang='lat' dir='ltr'><strong>in</strong></span> <span class='ocrx_word' id='word_1_225' title='bbox 897 2617 1007 2678; x_wconf 91' lang='lat' dir='ltr'><strong>mundo</strong></span> <span class='ocrx_word' id='word_1_226' title='bbox 1029 2623 1223 2696; x_wconf 86' lang='lat' dir='ltr'><strong>nonpossint</strong></span> <span class='ocrx_word' id='word_1_227' title='bbox 1246 2616 1454 2680; x_wconf 84' lang='lat' dir='ltr'><strong>demonstrare.</strong></span> <span class='ocrx_word' id='word_1_228' title='bbox 1499 2619 1709 2689; x_wconf 88' lang='lat' dir='ltr'><strong>Dicuntcnim‚</strong></span> <span class='ocrx_word' id='word_1_229' title='bbox 1733 2633 1799 2675; x_wconf 90' lang='lat' dir='ltr'><strong>ma·</strong></span> <span class='ocrx_word' id='word_1_230' title='bbox 1868 2684 1870 2687; x_wconf 18' lang='lat'>¹</span> 
     </span>
     <span class='ocr_line' id='line_1_22' title="bbox 443 2702 1800 2783; baseline -0.001 -21"><span class='ocrx_word' id='word_1_231' title='bbox 443 2702 560 2764; x_wconf 79' lang='lat' dir='ltr'><strong>chinum</strong></span> <span class='ocrx_word' id='word_1_232' title='bbox 582 2703 683 2764; x_wconf 89' lang='lat' dir='ltr'><strong>mundi</strong></span> <span class='ocrx_word' id='word_1_233' title='bbox 710 2708 801 2766; x_wconf 87' lang='lat' dir='ltr'><strong>totius</strong></span> <span class='ocrx_word' id='word_1_234' title='bbox 824 2708 866 2766; x_wconf 91' lang='lat' dir='ltr'><strong>sic</strong></span> <span class='ocrx_word' id='word_1_235' title='bbox 889 2705 972 2767; x_wconf 89' lang='lat' dir='ltr'><strong>volvi</strong></span> <span class='ocrx_word' id='word_1_236' title='bbox 994 2708 1070 2765; x_wconf 89' lang='lat' dir='ltr'><strong>circa</strong></span> <span class='ocrx_word' id='word_1_237' title='bbox 1092 2723 1177 2765; x_wconf 84' lang='lat' dir='ltr'><strong>axem</strong></span> <span class='ocrx_word' id='word_1_238' title='bbox 1200 2709 1406 2783; x_wconf 86' lang='lat' dir='ltr'><strong>imaginatum,</strong></span> <span class='ocrx_word' id='word_1_239' title='bbox 1429 2704 1505 2766; x_wconf 89' lang='lat' dir='ltr'><strong>nulli</strong></span> <span class='ocrx_word' id='word_1_240' title='bbox 1526 2707 1568 2766; x_wconf 88' lang='lat' dir='ltr'><strong>rei</strong></span> <span class='ocrx_word' id='word_1_241' title='bbox 1591 2722 1679 2781; x_wconf 89' lang='lat' dir='ltr'><strong>quam</strong></span> <span class='ocrx_word' id='word_1_242' title='bbox 1702 2702 1800 2763; x_wconf 83' lang='lat' dir='ltr'><strong>Terris</strong></span> 
     </span>
     <span class='ocr_line' id='line_1_23' title="bbox 440 2790 1799 2872; baseline -0.001 -24"><span class='ocrx_word' id='word_1_243' title='bbox 440 2791 580 2866; x_wconf 84' lang='lat' dir='ltr'><strong>innixam,</strong></span> <span class='ocrx_word' id='word_1_244' title='bbox 603 2790 685 2852; x_wconf 92' lang='lat' dir='ltr'><strong>nullo</strong></span> <span class='ocrx_word' id='word_1_245' title='bbox 708 2810 795 2867; x_wconf 85' lang='lat' dir='ltr'><strong>nexu,</strong></span> <span class='ocrx_word' id='word_1_246' title='bbox 817 2792 898 2854; x_wconf 92' lang='lat' dir='ltr'><strong>nullo</strong></span> <span class='ocrx_word' id='word_1_247' title='bbox 921 2793 1103 2854; x_wconf 88' lang='lat' dir='ltr'><strong>firmamento</strong></span> <span class='ocrx_word' id='word_1_248' title='bbox 1128 2791 1211 2872; x_wconf 88' lang='lat' dir='ltr'><strong>polos</strong></span> <span class='ocrx_word' id='word_1_249' title='bbox 1236 2794 1363 2856; x_wconf 85' lang='lat' dir='ltr'><strong>exterius</strong></span> <span class='ocrx_word' id='word_1_250' title='bbox 1377 2801 1569 2868; x_wconf 85' lang='lat' dir='ltr'><strong>sustentante,</strong></span> <span class='ocrx_word' id='word_1_251' title='bbox 1592 2791 1728 2852; x_wconf 71' lang='lat' dir='ltr'><strong>Terrisvs</strong></span> <span class='ocrx_word' id='word_1_252' title='bbox 1750 2792 1799 2848; x_wconf 91' lang='lat' dir='ltr'><strong>in·</strong></span> 
     </span>
     <span class='ocr_line' id='line_1_24' title="bbox 442 2879 1902 2960; baseline -0.003 -21"><span class='ocrx_word' id='word_1_253' title='bbox 442 2880 531 2939; x_wconf 83' lang='lat' dir='ltr'><strong>terius</strong></span> <span class='ocrx_word' id='word_1_254' title='bbox 561 2886 761 2941; x_wconf 87' lang='lat' dir='ltr'><strong>connectente.</strong></span> <span class='ocrx_word' id='word_1_255' title='bbox 807 2880 898 2958; x_wconf 80' lang='lat' dir='ltr'><strong>Atqui</strong></span> <span class='ocrx_word' id='word_1_256' title='bbox 930 2881 987 2942; x_wconf 91' lang='lat' dir='ltr'><strong>hoc</strong></span> <span class='ocrx_word' id='word_1_257' title='bbox 1013 2882 1106 2942; x_wconf 91' lang='lat' dir='ltr'><strong>multo</strong></span> <span class='ocrx_word' id='word_1_258' title='bbox 1130 2888 1175 2940; x_wconf 88' lang='lat' dir='ltr'><strong>est</strong></span> <span class='ocrx_word' id='word_1_259' title='bbox 1196 2881 1352 2942; x_wconf 88' lang='lat' dir='ltr'><strong>absurdius</strong></span> <span class='ocrx_word' id='word_1_260' title='bbox 1380 2898 1470 2960; x_wconf 89' lang='lat' dir='ltr'><strong>quam</strong></span> <span class='ocrx_word' id='word_1_261' title='bbox 1491 2879 1579 2955; x_wconf 89' lang='lat' dir='ltr'><strong>illud,</strong></span> <span class='ocrx_word' id='word_1_262' title='bbox 1612 2895 1677 2941; x_wconf 91' lang='lat' dir='ltr'><strong>eum</strong></span> <span class='ocrx_word' id='word_1_263' title='bbox 1699 2886 1797 2938; x_wconf 87' lang='lat' dir='ltr'><strong>tamen</strong></span> <span class='ocrx_word' id='word_1_264' title='bbox 1897 2906 1902 2917; x_wconf 51' lang='grc' dir='ltr'><strong>ι</strong></span> 
     </span>
     <span class='ocr_line' id='line_1_25' title="bbox 442 2967 1678 3049; baseline 0.006 -27"><span class='ocrx_word' id='word_1_265' title='bbox 442 2981 561 3028; x_wconf 86' lang='lat' dir='ltr'><strong>necesse</strong></span> <span class='ocrx_word' id='word_1_266' title='bbox 584 2968 632 3041; x_wconf 76' lang='lat' dir='ltr'><strong>sit,</strong></span> <span class='ocrx_word' id='word_1_267' title='bbox 655 2983 757 3028; x_wconf 88' lang='lat' dir='ltr'><strong>verum</strong></span> <span class='ocrx_word' id='word_1_268' title='bbox 780 2985 844 3028; x_wconf 90' lang='lat' dir='ltr'><strong>esse</strong></span> <span class='ocrx_word' id='word_1_269' title='bbox 866 2969 970 3029; x_wconf 89' lang='lat' dir='ltr'><strong>horum</strong></span> <span class='ocrx_word' id='word_1_270' title='bbox 991 2967 1172 3032; x_wconf 78' lang='lat' dir='ltr'><strong>alterutrum.</strong></span> <span class='ocrx_word' id='word_1_271' title='bbox 1495 3043 1499 3049; x_wconf 15' lang='grc' dir='ltr'>ἱ</span> <span class='ocrx_word' id='word_1_272' title='bbox 1675 3012 1678 3017; x_wconf 83' lang='lat'>-</span> 
     </span>
    </p>

    <p class='ocr_par' dir='ltr' id='par_1_5' title="bbox 442 3053 1907 3311">
     <span class='ocr_line' id='line_1_26' title="bbox 534 3053 1798 3135; baseline -0.001 -21"><span class='ocrx_word' id='word_1_273' title='bbox 534 3053 656 3114; x_wconf 80' lang='lat' dir='ltr'><strong>Viderit</strong></span> <span class='ocrx_word' id='word_1_274' title='bbox 667 3058 833 3135; x_wconf 45' lang='lat' dir='ltr'><strong>,maaria</strong></span> <span class='ocrx_word' id='word_1_275' title='bbox 854 3064 995 3133; x_wconf 78' lang='lat' dir='ltr'><strong>statum,</strong></span> <span class='ocrx_word' id='word_1_276' title='bbox 1017 3075 1106 3117; x_wconf 83' lang='lat' dir='ltr'><strong>auem</strong></span> <span class='ocrx_word' id='word_1_277' title='bbox 1122 3059 1203 3116; x_wconf 83' lang='lat' dir='ltr'><strong>hanc</strong></span> <span class='ocrx_word' id='word_1_278' title='bbox 1222 3074 1348 3118; x_wconf 86' lang='lat' dir='ltr'><strong>munere</strong></span> <span class='ocrx_word' id='word_1_279' title='bbox 1363 3057 1546 3118; x_wconf 83' lang='lat' dir='ltr'><strong>immobilem</strong></span> <span class='ocrx_word' id='word_1_280' title='bbox 1569 3061 1597 3114; x_wconf 82' lang='lat' dir='ltr'><strong>ct</strong></span> <span class='ocrx_word' id='word_1_281' title='bbox 1618 3061 1722 3115; x_wconf 86' lang='lat' dir='ltr'><strong>tamen</strong></span> <span class='ocrx_word' id='word_1_282' title='bbox 1735 3068 1798 3113; x_wconf 86' lang='lat' dir='ltr'><strong>non</strong></span> 
     </span>
     <span class='ocr_line' id='line_1_27' title="bbox 442 3134 1907 3224; baseline -0.002 -22"><span class='ocrx_word' id='word_1_283' title='bbox 442 3159 562 3219; x_wconf 82' lang='lat' dir='ltr'><strong>semper</strong></span> <span class='ocrx_word' id='word_1_284' title='bbox 583 3142 704 3203; x_wconf 83' lang='lat' dir='ltr'><strong>tendere</strong></span> <span class='ocrx_word' id='word_1_285' title='bbox 726 3146 761 3203; x_wconf 84' lang='lat' dir='ltr'><strong>in</strong></span> <span class='ocrx_word' id='word_1_286' title='bbox 783 3134 900 3205; x_wconf 81' lang='lat' dir='ltr'><strong>easdem</strong></span> <span class='ocrx_word' id='word_1_287' title='bbox 918 3154 1024 3222; x_wconf 82' lang='lat' dir='ltr'><strong>partes</strong></span> <span class='ocrx_word' id='word_1_288' title='bbox 1045 3147 1192 3224; x_wconf 78' lang='lat' dir='ltr'><strong>sphaerae</strong></span> <span class='ocrx_word' id='word_1_289' title='bbox 1212 3146 1358 3223; x_wconf 73' lang='lat' dir='ltr'><strong>picarum,</strong></span> <span class='ocrx_word' id='word_1_290' title='bbox 1382 3164 1462 3223; x_wconf 85' lang='lat' dir='ltr'><strong>qnae</strong></span> <span class='ocrx_word' id='word_1_291' title='bbox 1475 3146 1575 3206; x_wconf 83' lang='lat' dir='ltr'><strong>locam</strong></span> <span class='ocrx_word' id='word_1_292' title='bbox 1596 3142 1718 3222; x_wconf 86' lang='lat' dir='ltr'><strong>praebet</strong></span> <span class='ocrx_word' id='word_1_293' title='bbox 1731 3158 1799 3200; x_wconf 92' lang='lat' dir='ltr'><strong>mo·</strong></span> <span class='ocrx_word' id='word_1_294' title='bbox 1904 3211 1907 3218; x_wconf 56' lang='lat'><em>,</em></span> 
     </span>
     <span class='ocr_line' id='line_1_28' title="bbox 443 3228 1799 3311; baseline -0.004 -21"><span class='ocrx_word' id='word_1_295' title='bbox 443 3231 523 3290; x_wconf 80' lang='lat' dir='ltr'><strong>tibae</strong></span> <span class='ocrx_word' id='word_1_296' title='bbox 545 3230 696 3292; x_wconf 80' lang='lat' dir='ltr'><strong>omnibns.</strong></span> <span class='ocrx_word' id='word_1_297' title='bbox 744 3230 949 3293; x_wconf 73' lang='lat' dir='ltr'><strong>inclinabitur</strong></span> <span class='ocrx_word' id='word_1_298' title='bbox 970 3236 1067 3309; x_wconf 74' lang='lat' dir='ltr'><strong>igitur</strong></span> <span class='ocrx_word' id='word_1_299' title='bbox 1089 3252 1109 3293; x_wconf 91' lang='lat' dir='ltr'><strong>a</strong></span> <span class='ocrx_word' id='word_1_300' title='bbox 1130 3234 1193 3311; x_wconf 74' lang='lat' dir='ltr'><strong>ileo</strong></span> <span class='ocrx_word' id='word_1_301' title='bbox 1215 3251 1283 3294; x_wconf 82' lang='lat' dir='ltr'><strong>ana</strong></span> <span class='ocrx_word' id='word_1_302' title='bbox 1304 3234 1347 3293; x_wconf 85' lang='lat' dir='ltr'><strong>ad</strong></span> <span class='ocrx_word' id='word_1_303' title='bbox 1368 3234 1465 3293; x_wconf 86' lang='lat' dir='ltr'><strong>otiam</strong></span> <span class='ocrx_word' id='word_1_304' title='bbox 1496 3239 1524 3292; x_wconf 83' lang='lat' dir='ltr'><strong>ct</strong></span> <span class='ocrx_word' id='word_1_305' title='bbox 1552 3234 1595 3291; x_wconf 86' lang='lat' dir='ltr'><strong>ric</strong></span> <span class='ocrx_word' id='word_1_306' title='bbox 1621 3228 1799 3290; x_wconf 80' lang='lat' dir='ltr'><strong>movebitur.</strong></span> 
     </span>
    </p>

    <p class='ocr_par' dir='ltr' id='par_1_6' title="bbox 441 3311 1802 3659">
     <span class='ocr_line' id='line_1_29' title="bbox 442 3311 1802 3394; baseline -0.002 -19"><span class='ocrx_word' id='word_1_307' title='bbox 442 3316 476 3376; x_wconf 92' lang='lat' dir='ltr'><strong>In</strong></span> <span class='ocrx_word' id='word_1_308' title='bbox 502 3334 564 3378; x_wconf 88' lang='lat' dir='ltr'><strong>una</strong></span> <span class='ocrx_word' id='word_1_309' title='bbox 588 3317 720 3394; x_wconf 92' lang='lat' dir='ltr'><strong>qnalibet</strong></span> <span class='ocrx_word' id='word_1_310' title='bbox 741 3311 923 3387; x_wconf 73' lang='lat' dir='ltr'><strong>revolutioric</strong></span> <span class='ocrx_word' id='word_1_311' title='bbox 947 3320 1051 3382; x_wconf 92' lang='lat' dir='ltr'><strong>diurna</strong></span> <span class='ocrx_word' id='word_1_312' title='bbox 1072 3335 1173 3382; x_wconf 88' lang='lat' dir='ltr'><strong>manet</strong></span> <span class='ocrx_word' id='word_1_313' title='bbox 1194 3323 1259 3380; x_wconf 85' lang='lat' dir='ltr'><strong>axis</strong></span> <span class='ocrx_word' id='word_1_314' title='bbox 1281 3323 1336 3382; x_wconf 89' lang='lat' dir='ltr'><strong>iste</strong></span> <span class='ocrx_word' id='word_1_315' title='bbox 1359 3319 1396 3380; x_wconf 90' lang='lat' dir='ltr'><strong>ad</strong></span> <span class='ocrx_word' id='word_1_316' title='bbox 1420 3337 1535 3381; x_wconf 90' lang='lat' dir='ltr'><strong>omnem</strong></span> <span class='ocrx_word' id='word_1_317' title='bbox 1558 3334 1662 3379; x_wconf 87' lang='lat' dir='ltr'><strong>sensus</strong></span> <span class='ocrx_word' id='word_1_318' title='bbox 1684 3314 1802 3375; x_wconf 87' lang='lat' dir='ltr'><strong>subtili·</strong></span> 
     </span>
     <span class='ocr_line' id='line_1_30' title="bbox 443 3399 1801 3487; baseline -0.005 -22"><span class='ocrx_word' id='word_1_319' title='bbox 443 3411 537 3465; x_wconf 87' lang='lat' dir='ltr'><strong>tatem</strong></span> <span class='ocrx_word' id='word_1_320' title='bbox 561 3406 732 3481; x_wconf 86' lang='lat' dir='ltr'><strong>immobilis,</strong></span> <span class='ocrx_word' id='word_1_321' title='bbox 763 3414 795 3467; x_wconf 91' lang='lat' dir='ltr'><strong>at</strong></span> <span class='ocrx_word' id='word_1_322' title='bbox 821 3415 888 3487; x_wconf 92' lang='lat' dir='ltr'><strong>post</strong></span> <span class='ocrx_word' id='word_1_323' title='bbox 914 3408 1112 3469; x_wconf 88' lang='lat' dir='ltr'><strong>revolutiones</strong></span> <span class='ocrx_word' id='word_1_324' title='bbox 1141 3425 1230 3486; x_wconf 88' lang='lat' dir='ltr'><strong>quarn</strong></span> <span class='ocrx_word' id='word_1_325' title='bbox 1260 3408 1400 3487; x_wconf 83' lang='lat' dir='ltr'><strong>plurimun</strong></span> <span class='ocrx_word' id='word_1_326' title='bbox 1423 3404 1647 3487; x_wconf 79' lang='lat' dir='ltr'><strong>deprehenditur</strong></span> <span class='ocrx_word' id='word_1_327' title='bbox 1667 3399 1801 3463; x_wconf 88' lang='lat' dir='ltr'><strong>nonnihil</strong></span> 
     </span>
     <span class='ocr_line' id='line_1_31' title="bbox 441 3491 1800 3575; baseline -0.001 -24"><span class='ocrx_word' id='word_1_328' title='bbox 441 3491 601 3553; x_wconf 91' lang='lat' dir='ltr'><strong>inclinatus</strong></span> <span class='ocrx_word' id='word_1_329' title='bbox 624 3510 707 3554; x_wconf 85' lang='lat' dir='ltr'><strong>cese:</strong></span> <span class='ocrx_word' id='word_1_330' title='bbox 730 3511 822 3571; x_wconf 87' lang='lat' dir='ltr'><strong>quare</strong></span> <span class='ocrx_word' id='word_1_331' title='bbox 845 3495 995 3556; x_wconf 86' lang='lat' dir='ltr'><strong>inclinatio</strong></span> <span class='ocrx_word' id='word_1_332' title='bbox 1019 3497 1093 3573; x_wconf 86' lang='lat' dir='ltr'><strong>ejus,</strong></span> <span class='ocrx_word' id='word_1_333' title='bbox 1118 3514 1195 3575; x_wconf 89' lang='lat' dir='ltr'><strong>quae</strong></span> <span class='ocrx_word' id='word_1_334' title='bbox 1218 3496 1251 3556; x_wconf 89' lang='lat' dir='ltr'><strong>tit</strong></span> <span class='ocrx_word' id='word_1_335' title='bbox 1273 3499 1303 3555; x_wconf 92' lang='lat' dir='ltr'><strong>in</strong></span> <span class='ocrx_word' id='word_1_336' title='bbox 1326 3495 1450 3574; x_wconf 80' lang='lat' dir='ltr'><strong>singtilis</strong></span> <span class='ocrx_word' id='word_1_337' title='bbox 1474 3493 1723 3566; x_wconf 86' lang='lat' dir='ltr'><strong>revolutionibus,</strong></span> <span class='ocrx_word' id='word_1_338' title='bbox 1754 3496 1800 3550; x_wconf 88' lang='lat' dir='ltr'><strong>est</strong></span> 
     </span>
     <span class='ocr_line' id='line_1_32' title="bbox 442 3581 1359 3659; baseline 0.004 -20"><span class='ocrx_word' id='word_1_339' title='bbox 442 3582 615 3658; x_wconf 80' lang='lat' dir='ltr'><strong>quantitatis</strong></span> <span class='ocrx_word' id='word_1_340' title='bbox 637 3581 725 3659; x_wconf 90' lang='lat' dir='ltr'><strong>plane</strong></span> <span class='ocrx_word' id='word_1_341' title='bbox 747 3581 933 3643; x_wconf 87' lang='lat' dir='ltr'><strong>insensibilis.</strong></span> <span class='ocrx_word' id='word_1_342' title='bbox 1348 3597 1359 3618; x_wconf 73' lang='lat'><em>¹</em></span> 
     </span>
    </p>

    <p class='ocr_par' dir='ltr' id='par_1_7' title="bbox 429 3666 1907 4536">
     <span class='ocr_line' id='line_1_33' title="bbox 548 3666 1834 3748; baseline -0.003 -21"><span class='ocrx_word' id='word_1_343' title='bbox 548 3666 634 3727; x_wconf 84' lang='lat' dir='ltr'><strong>Unde</strong></span> <span class='ocrx_word' id='word_1_344' title='bbox 654 3672 718 3743; x_wconf 85' lang='lat' dir='ltr'><strong>acie,</strong></span> <span class='ocrx_word' id='word_1_345' title='bbox 741 3687 830 3731; x_wconf 80' lang='lat' dir='ltr'><strong>anem</strong></span> <span class='ocrx_word' id='word_1_346' title='bbox 858 3670 985 3729; x_wconf 81' lang='lat' dir='ltr'><strong>Telluris</strong></span> <span class='ocrx_word' id='word_1_347' title='bbox 1005 3669 1191 3746; x_wconf 80' lang='lat' dir='ltr'><strong>productum</strong></span> <span class='ocrx_word' id='word_1_348' title='bbox 1212 3687 1308 3748; x_wconf 82' lang='lat' dir='ltr'><strong>aeque</strong></span> <span class='ocrx_word' id='word_1_349' title='bbox 1329 3674 1364 3730; x_wconf 85' lang='lat' dir='ltr'><strong>in</strong></span> <span class='ocrx_word' id='word_1_350' title='bbox 1386 3672 1501 3731; x_wconf 83' lang='lat' dir='ltr'><strong>coelam</strong></span> <span class='ocrx_word' id='word_1_351' title='bbox 1523 3667 1654 3728; x_wconf 79' lang='lat' dir='ltr'><strong>incidere</strong></span> <span class='ocrx_word' id='word_1_352' title='bbox 1673 3682 1732 3742; x_wconf 84' lang='lat' dir='ltr'><strong>per·</strong></span> <span class='ocrx_word' id='word_1_353' title='bbox 1752 3671 1800 3723; x_wconf 91' lang='lat' dir='ltr'><strong>to·</strong></span> <span class='ocrx_word' id='word_1_354' title='bbox 1830 3703 1834 3710; x_wconf 85' lang='lat'><strong>·</strong></span> 
     </span>
     <span class='ocr_line' id='line_1_34' title="bbox 441 3756 1797 3835; baseline -0.004 -20"><span class='ocrx_word' id='word_1_355' title='bbox 441 3763 507 3815; x_wconf 82' lang='lat' dir='ltr'><strong>hem</strong></span> <span class='ocrx_word' id='word_1_356' title='bbox 539 3763 658 3832; x_wconf 79' lang='lat' dir='ltr'><strong>tempore</strong></span> <span class='ocrx_word' id='word_1_357' title='bbox 686 3758 884 3819; x_wconf 78' lang='lat' dir='ltr'><strong>renotationis</strong></span> <span class='ocrx_word' id='word_1_358' title='bbox 911 3757 1044 3817; x_wconf 80' lang='lat' dir='ltr'><strong>diurnae</strong></span> <span class='ocrx_word' id='word_1_359' title='bbox 1072 3761 1107 3817; x_wconf 86' lang='lat' dir='ltr'><strong>in</strong></span> <span class='ocrx_word' id='word_1_360' title='bbox 1138 3758 1217 3818; x_wconf 70' lang='grc' dir='ltr'><strong>ι’ἀεηι</strong></span> <span class='ocrx_word' id='word_1_361' title='bbox 1247 3776 1365 3835; x_wconf 83' lang='lat' dir='ltr'><strong>semper</strong></span> <span class='ocrx_word' id='word_1_362' title='bbox 1393 3758 1465 3819; x_wconf 88' lang='lat' dir='ltr'><strong>coeii</strong></span> <span class='ocrx_word' id='word_1_363' title='bbox 1498 3756 1608 3816; x_wconf 68' lang='lat' dir='ltr'><strong>trebati</strong></span> <span class='ocrx_word' id='word_1_364' title='bbox 1636 3759 1797 3829; x_wconf 79' lang='lat' dir='ltr'><strong>punctam,</strong></span> 
     </span>
     <span class='ocr_line' id='line_1_35' title="bbox 429 3836 1871 3921; baseline -0.006 -20"><span class='ocrx_word' id='word_1_365' title='bbox 429 3846 556 3920; x_wconf 64' lang='lat' dir='ltr'><strong>xqnippe</strong></span> <span class='ocrx_word' id='word_1_366' title='bbox 578 3861 647 3902; x_wconf 85' lang='lat' dir='ltr'><strong>cam</strong></span> <span class='ocrx_word' id='word_1_367' title='bbox 670 3852 785 3904; x_wconf 83' lang='lat' dir='ltr'><strong>tractae</strong></span> <span class='ocrx_word' id='word_1_368' title='bbox 805 3847 865 3920; x_wconf 87' lang='lat' dir='ltr'><strong>ille,</strong></span> <span class='ocrx_word' id='word_1_369' title='bbox 889 3863 978 3921; x_wconf 82' lang='lat' dir='ltr'><strong>quern</strong></span> <span class='ocrx_word' id='word_1_370' title='bbox 1000 3863 1089 3904; x_wconf 74' lang='lat' dir='ltr'><strong>acan</strong></span> <span class='ocrx_word' id='word_1_371' title='bbox 1113 3846 1196 3918; x_wconf 83' lang='lat' dir='ltr'><strong>dicis,</strong></span> <span class='ocrx_word' id='word_1_372' title='bbox 1218 3848 1257 3905; x_wconf 88' lang='lat' dir='ltr'><strong>eit</strong></span> <span class='ocrx_word' id='word_1_373' title='bbox 1279 3849 1364 3906; x_wconf 87' lang='lat' dir='ltr'><strong>intra</strong></span> <span class='ocrx_word' id='word_1_374' title='bbox 1390 3845 1501 3904; x_wconf 66' lang='lat' dir='ltr'><strong>Ter‘rae</strong></span> <span class='ocrx_word' id='word_1_375' title='bbox 1523 3858 1633 3917; x_wconf 82' lang='lat' dir='ltr'><strong>corpas</strong></span> <span class='ocrx_word' id='word_1_376' title='bbox 1654 3836 1798 3898; x_wconf 79' lang='lat' dir='ltr'><strong>abditas?</strong></span> <span class='ocrx_word' id='word_1_377' title='bbox 1868 3845 1871 3850; x_wconf 81' lang='grc'><em>·</em></span> 
     </span>
     <span class='ocr_line' id='line_1_36' title="bbox 441 3924 1796 4016; baseline -0.007 -26"><span class='ocrx_word' id='word_1_378' title='bbox 441 3928 469 3990; x_wconf 81' lang='lat' dir='ltr'><strong>bi</strong></span> <span class='ocrx_word' id='word_1_379' title='bbox 493 3929 553 3991; x_wconf 89' lang='lat' dir='ltr'><strong>hoc</strong></span> <span class='ocrx_word' id='word_1_380' title='bbox 574 3937 704 4008; x_wconf 78' lang='lat' dir='ltr'><strong>praestet</strong></span> <span class='ocrx_word' id='word_1_381' title='bbox 726 3931 811 3992; x_wconf 93' lang='lat' dir='ltr'><strong>stilus</strong></span> <span class='ocrx_word' id='word_1_382' title='bbox 834 3934 864 3991; x_wconf 93' lang='lat' dir='ltr'><strong>in</strong></span> <span class='ocrx_word' id='word_1_383' title='bbox 885 3932 1037 4012; x_wconf 85' lang='lat' dir='ltr'><strong>superficie</strong></span> <span class='ocrx_word' id='word_1_384' title='bbox 1052 3933 1162 3995; x_wconf 81' lang='lat' dir='ltr'><strong>Tenue</strong></span> <span class='ocrx_word' id='word_1_385' title='bbox 1185 3942 1308 4016; x_wconf 70' lang='lat' dir='ltr'><strong>erectus,</strong></span> <span class='ocrx_word' id='word_1_386' title='bbox 1332 3940 1384 3992; x_wconf 89' lang='lat' dir='ltr'><strong>aut</strong></span> <span class='ocrx_word' id='word_1_387' title='bbox 1400 3932 1479 3992; x_wconf 91' lang='lat' dir='ltr'><strong>linea</strong></span> <span class='ocrx_word' id='word_1_388' title='bbox 1501 3931 1611 3990; x_wconf 93' lang='lat' dir='ltr'><strong>visoria</strong></span> <span class='ocrx_word' id='word_1_389' title='bbox 1626 3924 1696 3999; x_wconf 88' lang='lat' dir='ltr'><strong>ulla,</strong></span> <span class='ocrx_word' id='word_1_390' title='bbox 1720 3940 1796 4001; x_wconf 91' lang='lat' dir='ltr'><strong>quue</strong></span> 
     </span>
     <span class='ocr_line' id='line_1_37' title="bbox 443 4010 1799 4101; baseline -0.007 -22"><span class='ocrx_word' id='word_1_391' title='bbox 443 4035 478 4079; x_wconf 83' lang='lat' dir='ltr'><strong>ex</strong></span> <span class='ocrx_word' id='word_1_392' title='bbox 502 4017 590 4078; x_wconf 92' lang='lat' dir='ltr'><strong>oculo</strong></span> <span class='ocrx_word' id='word_1_393' title='bbox 613 4019 643 4077; x_wconf 91' lang='lat' dir='ltr'><strong>in</strong></span> <span class='ocrx_word' id='word_1_394' title='bbox 666 4019 781 4079; x_wconf 89' lang='lat' dir='ltr'><strong>coelum</strong></span> <span class='ocrx_word' id='word_1_395' title='bbox 803 4020 936 4081; x_wconf 88' lang='lat' dir='ltr'><strong>educitur</strong></span> <span class='ocrx_word' id='word_1_396' title='bbox 959 4018 1148 4081; x_wconf 90' lang='lat' dir='ltr'><strong>inclinatione</strong></span> <span class='ocrx_word' id='word_1_397' title='bbox 1172 4020 1209 4081; x_wconf 89' lang='lat' dir='ltr'><strong>ad</strong></span> <span class='ocrx_word' id='word_1_398' title='bbox 1225 4019 1407 4101; x_wconf 87' lang='lat' dir='ltr'><strong>superficiem</strong></span> <span class='ocrx_word' id='word_1_399' title='bbox 1432 4015 1587 4090; x_wconf 84' lang='lat' dir='ltr'><strong>immobili,</strong></span> <span class='ocrx_word' id='word_1_400' title='bbox 1610 4013 1698 4073; x_wconf 86' lang='lat' dir='ltr'><strong>iactet</strong></span> <span class='ocrx_word' id='word_1_401' title='bbox 1720 4010 1799 4070; x_wconf 90' lang='lat' dir='ltr'><strong>idem</strong></span> 
     </span>
     <span class='ocr_line' id='line_1_38' title="bbox 440 4099 1801 4170; baseline -0.007 -5"><span class='ocrx_word' id='word_1_402' title='bbox 440 4106 528 4165; x_wconf 87' lang='lat' dir='ltr'><strong>etiam</strong></span> <span class='ocrx_word' id='word_1_403' title='bbox 552 4106 626 4165; x_wconf 84' lang='lat' dir='ltr'><strong>axis.</strong></span> <span class='ocrx_word' id='word_1_404' title='bbox 670 4104 761 4166; x_wconf 87' lang='lat' dir='ltr'><strong>Stilus</strong></span> <span class='ocrx_word' id='word_1_405' title='bbox 783 4111 859 4167; x_wconf 92' lang='lat' dir='ltr'><strong>enirn</strong></span> <span class='ocrx_word' id='word_1_406' title='bbox 874 4108 917 4169; x_wconf 91' lang='lat' dir='ltr'><strong>sic</strong></span> <span class='ocrx_word' id='word_1_407' title='bbox 939 4106 1100 4170; x_wconf 88' lang='lat' dir='ltr'><strong>adhaerens</strong></span> <span class='ocrx_word' id='word_1_408' title='bbox 1115 4109 1223 4169; x_wconf 80' lang='lat' dir='ltr'><strong>Terrae</strong></span> <span class='ocrx_word' id='word_1_409' title='bbox 1246 4108 1486 4169; x_wconf 87' lang='lat' dir='ltr'><strong>circumvolvitur</strong></span> <span class='ocrx_word' id='word_1_410' title='bbox 1500 4113 1582 4163; x_wconf 91' lang='lat' dir='ltr'><strong>motu</strong></span> <span class='ocrx_word' id='word_1_411' title='bbox 1605 4100 1708 4159; x_wconf 90' lang='lat' dir='ltr'><strong>diurno</strong></span> <span class='ocrx_word' id='word_1_412' title='bbox 1724 4099 1801 4157; x_wconf 86' lang='lat' dir='ltr'><strong>circa</strong></span> 
     </span>
     <span class='ocr_line' id='line_1_39' title="bbox 439 4186 1801 4272; baseline -0.007 -21"><span class='ocrx_word' id='word_1_413' title='bbox 439 4191 567 4252; x_wconf 84' lang='lat' dir='ltr'><strong>Telluris</strong></span> <span class='ocrx_word' id='word_1_414' title='bbox 590 4209 691 4268; x_wconf 82' lang='lat' dir='ltr'><strong>axem3</strong></span> <span class='ocrx_word' id='word_1_415' title='bbox 714 4197 764 4271; x_wconf 90' lang='lat' dir='ltr'><strong>qui</strong></span> <span class='ocrx_word' id='word_1_416' title='bbox 786 4198 813 4255; x_wconf 88' lang='lat' dir='ltr'><strong>si</strong></span> <span class='ocrx_word' id='word_1_417' title='bbox 834 4212 892 4254; x_wconf 92' lang='lat' dir='ltr'><strong>nun</strong></span> <span class='ocrx_word' id='word_1_418' title='bbox 909 4195 1041 4272; x_wconf 79' lang='lat' dir='ltr'><strong>dirigitur</strong></span> <span class='ocrx_word' id='word_1_419' title='bbox 1063 4199 1094 4255; x_wconf 91' lang='lat' dir='ltr'><strong>in</strong></span> <span class='ocrx_word' id='word_1_420' title='bbox 1117 4198 1192 4257; x_wconf 87' lang='lat' dir='ltr'><strong>alias</strong></span> <span class='ocrx_word' id='word_1_421' title='bbox 1216 4196 1342 4259; x_wconf 84' lang='lat' dir='ltr'><strong>stelias</strong></span> <span class='ocrx_word' id='word_1_422' title='bbox 1364 4193 1440 4256; x_wconf 91' lang='lat' dir='ltr'><strong>coeli</strong></span> <span class='ocrx_word' id='word_1_423' title='bbox 1461 4191 1580 4271; x_wconf 84' lang='lat' dir='ltr'><strong>plagas,</strong></span> <span class='ocrx_word' id='word_1_424' title='bbox 1611 4186 1664 4248; x_wconf 87' lang='lat' dir='ltr'><strong>sed</strong></span> <span class='ocrx_word' id='word_1_425' title='bbox 1685 4201 1801 4262; x_wconf 88' lang='lat' dir='ltr'><strong>semper</strong></span> 
     </span>
     <span class='ocr_line' id='line_1_40' title="bbox 441 4272 1800 4359; baseline -0.005 -22"><span class='ocrx_word' id='word_1_426' title='bbox 441 4282 468 4339; x_wconf 91' lang='lat' dir='ltr'><strong>in</strong></span> <span class='ocrx_word' id='word_1_427' title='bbox 494 4279 574 4340; x_wconf 90' lang='lat' dir='ltr'><strong>idem</strong></span> <span class='ocrx_word' id='word_1_428' title='bbox 595 4287 745 4359; x_wconf 90' lang='lat' dir='ltr'><strong>punctum,</strong></span> <span class='ocrx_word' id='word_1_429' title='bbox 768 4283 975 4344; x_wconf 88' lang='lat' dir='ltr'><strong>inaestimabili</strong></span> <span class='ocrx_word' id='word_1_430' title='bbox 1000 4283 1110 4344; x_wconf 88' lang='lat' dir='ltr'><strong>distans</strong></span> <span class='ocrx_word' id='word_1_431' title='bbox 1124 4283 1289 4359; x_wconf 86' lang='lat' dir='ltr'><strong>intervallo,</strong></span> <span class='ocrx_word' id='word_1_432' title='bbox 1313 4290 1412 4343; x_wconf 90' lang='lat' dir='ltr'><strong>menet</strong></span> <span class='ocrx_word' id='word_1_433' title='bbox 1433 4283 1523 4357; x_wconf 90' lang='lat' dir='ltr'><strong>igitur</strong></span> <span class='ocrx_word' id='word_1_434' title='bbox 1549 4279 1580 4335; x_wconf 91' lang='lat' dir='ltr'><strong>in</strong></span> <span class='ocrx_word' id='word_1_435' title='bbox 1603 4272 1800 4334; x_wconf 86' lang='lat' dir='ltr'><strong>circumvolu-</strong></span> 
     </span>
     <span class='ocr_line' id='line_1_41' title="bbox 438 4358 1800 4450; baseline -0.009 -23"><span class='ocrx_word' id='word_1_436' title='bbox 438 4370 518 4428; x_wconf 87' lang='lat' dir='ltr'><strong>tione</strong></span> <span class='ocrx_word' id='word_1_437' title='bbox 541 4368 599 4427; x_wconf 91' lang='lat' dir='ltr'><strong>sibi</strong></span> <span class='ocrx_word' id='word_1_438' title='bbox 622 4369 678 4447; x_wconf 90' lang='lat' dir='ltr'><strong>ipsi</strong></span> <span class='ocrx_word' id='word_1_439' title='bbox 701 4363 878 4448; x_wconf 61' lang='lat' dir='ltr'><strong>parallelum</strong></span> <span class='ocrx_word' id='word_1_440' title='bbox 903 4378 932 4431; x_wconf 93' lang='lat' dir='ltr'><strong>et</strong></span> <span class='ocrx_word' id='word_1_441' title='bbox 953 4387 1005 4450; x_wconf 88' lang='lat' dir='ltr'><strong>per</strong></span> <span class='ocrx_word' id='word_1_442' title='bbox 1027 4390 1212 4450; x_wconf 87' lang='lat' dir='ltr'><strong>consequens</strong></span> <span class='ocrx_word' id='word_1_443' title='bbox 1234 4374 1299 4433; x_wconf 84' lang='lat' dir='ltr'><strong>axis</strong></span> <span class='ocrx_word' id='word_1_444' title='bbox 1322 4372 1410 4432; x_wconf 90' lang='lat' dir='ltr'><strong>etiam</strong></span> <span class='ocrx_word' id='word_1_445' title='bbox 1433 4360 1704 4428; x_wconf 84' lang='lat' dir='ltr'><strong>circumvolutionis</strong></span> <span class='ocrx_word' id='word_1_446' title='bbox 1720 4358 1800 4430; x_wconf 84' lang='lat' dir='ltr'><strong>illius</strong></span> 
     </span>
     <span class='ocr_line' id='line_1_42' title="bbox 439 4447 1907 4536; baseline -0.01 -20"><span class='ocrx_word' id='word_1_447' title='bbox 439 4455 535 4517; x_wconf 86' lang='lat' dir='ltr'><strong>cidem</strong></span> <span class='ocrx_word' id='word_1_448' title='bbox 557 4454 718 4532; x_wconf 87' lang='lat' dir='ltr'><strong>parallelus</strong></span> <span class='ocrx_word' id='word_1_449' title='bbox 747 4459 801 4517; x_wconf 87' lang='lat' dir='ltr'><strong>crit</strong></span> <span class='ocrx_word' id='word_1_450' title='bbox 823 4465 851 4519; x_wconf 87' lang='lat' dir='ltr'><strong>ei</strong></span> <span class='ocrx_word' id='word_1_451' title='bbox 873 4460 916 4518; x_wconf 89' lang='lat' dir='ltr'><strong>sic</strong></span> <span class='ocrx_word' id='word_1_452' title='bbox 939 4464 968 4518; x_wconf 90' lang='lat' dir='ltr'><strong>et</strong></span> <span class='ocrx_word' id='word_1_453' title='bbox 989 4460 1053 4536; x_wconf 90' lang='lat' dir='ltr'><strong>ipse</strong></span> <span class='ocrx_word' id='word_1_454' title='bbox 1077 4462 1106 4519; x_wconf 93' lang='lat' dir='ltr'><strong>in</strong></span> <span class='ocrx_word' id='word_1_455' title='bbox 1130 4460 1208 4522; x_wconf 87' lang='lat' dir='ltr'><strong>idem</strong></span> <span class='ocrx_word' id='word_1_456' title='bbox 1236 4475 1351 4536; x_wconf 88' lang='lat' dir='ltr'><strong>semper</strong></span> <span class='ocrx_word' id='word_1_457' title='bbox 1374 4456 1448 4519; x_wconf 89' lang='lat' dir='ltr'><strong>coeli</strong></span> <span class='ocrx_word' id='word_1_458' title='bbox 1477 4458 1618 4531; x_wconf 88' lang='lat' dir='ltr'><strong>punctum</strong></span> <span class='ocrx_word' id='word_1_459' title='bbox 1650 4447 1800 4522; x_wconf 80' lang='lat' dir='ltr'><strong>dirigetur.</strong></span> <span class='ocrx_word' id='word_1_460' title='bbox 1902 4467 1907 4476; x_wconf 53' lang='lat'>¹</span> 
     </span>
    </p>

    <p class='ocr_par' dir='ltr' id='par_1_8' title="bbox 437 4534 1842 5330">
     <span class='ocr_line' id='line_1_43' title="bbox 525 4534 1799 4625; baseline -0.007 -23"><span class='ocrx_word' id='word_1_461' title='bbox 525 4542 620 4620; x_wconf 82' lang='lat' dir='ltr'><strong>Atqui</strong></span> <span class='ocrx_word' id='word_1_462' title='bbox 642 4550 793 4619; x_wconf 86' lang='lat' dir='ltr'><strong>praestant</strong></span> <span class='ocrx_word' id='word_1_463' title='bbox 813 4545 878 4619; x_wconf 90' lang='lat' dir='ltr'><strong>hoc,</strong></span> <span class='ocrx_word' id='word_1_464' title='bbox 901 4553 934 4605; x_wconf 91' lang='lat' dir='ltr'><strong>ut</strong></span> <span class='ocrx_word' id='word_1_465' title='bbox 952 4546 1016 4622; x_wconf 88' lang='lat' dir='ltr'><strong>jem</strong></span> <span class='ocrx_word' id='word_1_466' title='bbox 1038 4547 1221 4625; x_wconf 89' lang='lat' dir='ltr'><strong>praedictum</strong></span> <span class='ocrx_word' id='word_1_467' title='bbox 1242 4548 1314 4622; x_wconf 86' lang='lat' dir='ltr'><strong>init,</strong></span> <span class='ocrx_word' id='word_1_468' title='bbox 1337 4563 1408 4607; x_wconf 85' lang='lat' dir='ltr'><strong>axes</strong></span> <span class='ocrx_word' id='word_1_469' title='bbox 1431 4539 1620 4610; x_wconf 84' lang='lat' dir='ltr'><strong>armillarum,</strong></span> <span class='ocrx_word' id='word_1_470' title='bbox 1644 4535 1687 4593; x_wconf 91' lang='lat' dir='ltr'><strong>sic</strong></span> <span class='ocrx_word' id='word_1_471' title='bbox 1709 4534 1799 4592; x_wconf 87' lang='lat' dir='ltr'><strong>etiam</strong></span> 
     </span>
     <span class='ocr_line' id='line_1_44' title="bbox 437 4618 1802 4713; baseline -0.01 -22"><span class='ocrx_word' id='word_1_472' title='bbox 437 4632 661 4692; x_wconf 87' lang='lat' dir='ltr'><strong>sciatericorum</strong></span> <span class='ocrx_word' id='word_1_473' title='bbox 691 4632 751 4692; x_wconf 88' lang='lat' dir='ltr'><strong>still</strong></span> <span class='ocrx_word' id='word_1_474' title='bbox 779 4651 830 4694; x_wconf 90' lang='lat' dir='ltr'><strong>seu</strong></span> <span class='ocrx_word' id='word_1_475' title='bbox 863 4651 1024 4711; x_wconf 84' lang='lat' dir='ltr'><strong>gnomones</strong></span> <span class='ocrx_word' id='word_1_476' title='bbox 1055 4636 1165 4713; x_wconf 85' lang='lat' dir='ltr'><strong>filaque</strong></span> <span class='ocrx_word' id='word_1_477' title='bbox 1196 4644 1226 4697; x_wconf 90' lang='lat' dir='ltr'><strong>et</strong></span> <span class='ocrx_word' id='word_1_478' title='bbox 1256 4633 1377 4711; x_wconf 87' lang='lat' dir='ltr'><strong>dioptris</strong></span> <span class='ocrx_word' id='word_1_479' title='bbox 1410 4630 1537 4689; x_wconf 88' lang='lat' dir='ltr'><strong>directae</strong></span> <span class='ocrx_word' id='word_1_480' title='bbox 1567 4620 1726 4683; x_wconf 87' lang='lat' dir='ltr'><strong>secundum</strong></span> <span class='ocrx_word' id='word_1_481' title='bbox 1750 4618 1802 4677; x_wconf 91' lang='lat' dir='ltr'><strong>illa</strong></span> 
     </span>
     <span class='ocr_line' id='line_1_45' title="bbox 437 4704 1802 4802; baseline -0.009 -25"><span class='ocrx_word' id='word_1_482' title='bbox 437 4717 533 4779; x_wconf 87' lang='lat' dir='ltr'><strong>lineae</strong></span> <span class='ocrx_word' id='word_1_483' title='bbox 558 4719 695 4794; x_wconf 86' lang='lat' dir='ltr'><strong>visoriae,</strong></span> <span class='ocrx_word' id='word_1_484' title='bbox 718 4737 841 4797; x_wconf 89' lang='lat' dir='ltr'><strong>quornm</strong></span> <span class='ocrx_word' id='word_1_485' title='bbox 865 4721 1000 4783; x_wconf 89' lang='lat' dir='ltr'><strong>decenter</strong></span> <span class='ocrx_word' id='word_1_486' title='bbox 1022 4725 1225 4802; x_wconf 81' lang='lat' dir='ltr'><strong>erigendarum</strong></span> <span class='ocrx_word' id='word_1_487' title='bbox 1242 4723 1317 4781; x_wconf 88' lang='lat' dir='ltr'><strong>ratio</strong></span> <span class='ocrx_word' id='word_1_488' title='bbox 1340 4717 1470 4778; x_wconf 76' lang='lat' dir='ltr'><strong>nodatur</strong></span> <span class='ocrx_word' id='word_1_489' title='bbox 1492 4717 1522 4772; x_wconf 91' lang='lat' dir='ltr'><strong>in</strong></span> <span class='ocrx_word' id='word_1_490' title='bbox 1538 4711 1671 4771; x_wconf 88' lang='lat' dir='ltr'><strong>doctrina</strong></span> <span class='ocrx_word' id='word_1_491' title='bbox 1692 4704 1802 4782; x_wconf 88' lang='lat' dir='ltr'><strong>sphac-</strong></span> 
     </span>
     <span class='ocr_line' id='line_1_46' title="bbox 437 4793 1803 4887; baseline -0.01 -22"><span class='ocrx_word' id='word_1_492' title='bbox 437 4806 506 4868; x_wconf 87' lang='lat' dir='ltr'><strong>rlca.</strong></span> <span class='ocrx_word' id='word_1_493' title='bbox 553 4805 711 4867; x_wconf 83' lang='lat' dir='ltr'><strong>Praestent</strong></span> <span class='ocrx_word' id='word_1_494' title='bbox 732 4815 830 4869; x_wconf 87' lang='lat' dir='ltr'><strong>autem</strong></span> <span class='ocrx_word' id='word_1_495' title='bbox 853 4808 883 4868; x_wconf 91' lang='lat' dir='ltr'><strong>id</strong></span> <span class='ocrx_word' id='word_1_496' title='bbox 906 4809 963 4869; x_wconf 89' lang='lat' dir='ltr'><strong>hoc</strong></span> <span class='ocrx_word' id='word_1_497' title='bbox 981 4821 1169 4887; x_wconf 86' lang='lat' dir='ltr'><strong>argumento:</strong></span> <span class='ocrx_word' id='word_1_498' title='bbox 1193 4810 1241 4871; x_wconf 86' lang='lat' dir='ltr'><strong>vel</strong></span> <span class='ocrx_word' id='word_1_499' title='bbox 1264 4810 1341 4869; x_wconf 89' lang='lat' dir='ltr'><strong>enim</strong></span> <span class='ocrx_word' id='word_1_500' title='bbox 1365 4801 1483 4863; x_wconf 88' lang='lat' dir='ltr'><strong>visibile</strong></span> <span class='ocrx_word' id='word_1_501' title='bbox 1498 4806 1542 4860; x_wconf 88' lang='lat' dir='ltr'><strong>est</strong></span> <span class='ocrx_word' id='word_1_502' title='bbox 1565 4797 1594 4858; x_wconf 91' lang='lat' dir='ltr'><strong>id</strong></span> <span class='ocrx_word' id='word_1_503' title='bbox 1617 4793 1691 4855; x_wconf 93' lang='lat' dir='ltr'><strong>coeli</strong></span> <span class='ocrx_word' id='word_1_504' title='bbox 1707 4806 1803 4868; x_wconf 91' lang='lat' dir='ltr'><strong>punc-</strong></span> 
     </span>
     <span class='ocr_line' id='line_1_47' title="bbox 438 4876 1842 4981; baseline -0.001 -28"><span class='ocrx_word' id='word_1_505' title='bbox 438 4901 508 4967; x_wconf 89' lang='lat' dir='ltr'><strong>tum,</strong></span> <span class='ocrx_word' id='word_1_506' title='bbox 532 4892 648 4954; x_wconf 91' lang='lat' dir='ltr'><strong>habens</strong></span> <span class='ocrx_word' id='word_1_507' title='bbox 671 4911 758 4954; x_wconf 88' lang='lat' dir='ltr'><strong>unam</strong></span> <span class='ocrx_word' id='word_1_508' title='bbox 781 4914 817 4956; x_wconf 86' lang='lat' dir='ltr'><strong>er</strong></span> <span class='ocrx_word' id='word_1_509' title='bbox 839 4896 931 4957; x_wconf 85' lang='lat' dir='ltr'><strong>stellis</strong></span> <span class='ocrx_word' id='word_1_510' title='bbox 954 4897 1035 4972; x_wconf 82' lang='lat' dir='ltr'><strong>fixis,</strong></span> <span class='ocrx_word' id='word_1_511' title='bbox 1067 4907 1136 4960; x_wconf 89' lang='lat' dir='ltr'><strong>tnnc</strong></span> <span class='ocrx_word' id='word_1_512' title='bbox 1158 4905 1245 4958; x_wconf 86' lang='lat' dir='ltr'><strong>nocte</strong></span> <span class='ocrx_word' id='word_1_513' title='bbox 1266 4896 1390 4955; x_wconf 85' lang='lat' dir='ltr'><strong>hiberna</strong></span> <span class='ocrx_word' id='word_1_514' title='bbox 1411 4887 1504 4960; x_wconf 90' lang='lat' dir='ltr'><strong>illuni,</strong></span> <span class='ocrx_word' id='word_1_515' title='bbox 1531 4884 1571 4972; x_wconf 74' lang='lat' dir='ltr'><strong>lb</strong></span> <span class='ocrx_word' id='word_1_516' title='bbox 1593 4882 1681 4940; x_wconf 68' lang='lat' dir='ltr'><strong>horat</strong></span> <span class='ocrx_word' id='word_1_517' title='bbox 1702 4876 1804 4981; x_wconf 40' lang='lat'>¹⁰⁰8&amp;</span> <span class='ocrx_word' id='word_1_518' title='bbox 1840 4968 1842 4976; x_wconf 33' lang='grc' dir='ltr'>Ι</span> 
     </span>
     <span class='ocr_line' id='line_1_48' title="bbox 438 4962 1806 5068; baseline -0.011 -28"><span class='ocrx_word' id='word_1_519' title='bbox 438 4982 562 5059; x_wconf 82' lang='lat' dir='ltr'><strong>quoties.</strong></span> <span class='ocrx_word' id='word_1_520' title='bbox 578 4984 645 5058; x_wconf 89' lang='lat' dir='ltr'><strong>quis</strong></span> <span class='ocrx_word' id='word_1_521' title='bbox 666 5000 720 5060; x_wconf 90' lang='lat' dir='ltr'><strong>par</strong></span> <span class='ocrx_word' id='word_1_522' title='bbox 742 4981 886 5062; x_wconf 91' lang='lat' dir='ltr'><strong>dioptram</strong></span> <span class='ocrx_word' id='word_1_523' title='bbox 908 4987 1078 5061; x_wconf 88' lang='lat' dir='ltr'><strong>suspiceret,</strong></span> <span class='ocrx_word' id='word_1_524' title='bbox 1101 5002 1218 5068; x_wconf 80' lang='lat' dir='ltr'><strong>semper</strong></span> <span class='ocrx_word' id='word_1_525' title='bbox 1235 4981 1364 5044; x_wconf 83' lang='lat' dir='ltr'><strong>eandem</strong></span> <span class='ocrx_word' id='word_1_526' title='bbox 1387 4977 1503 5034; x_wconf 90' lang='lat' dir='ltr'><strong>visurus</strong></span> <span class='ocrx_word' id='word_1_527' title='bbox 1527 4976 1605 5030; x_wconf 88' lang='lat' dir='ltr'><strong>esset</strong></span> <span class='ocrx_word' id='word_1_528' title='bbox 1625 4962 1750 5038; x_wconf 87' lang='lat' dir='ltr'><strong>stellam,</strong></span> <span class='ocrx_word' id='word_1_529' title='bbox 1774 4965 1806 5025; x_wconf 91' lang='lat' dir='ltr'><strong>rd</strong></span> 
     </span>
     <span class='ocr_line' id='line_1_49' title="bbox 438 5050 1807 5146; baseline -0.01 -17"><span class='ocrx_word' id='word_1_530' title='bbox 438 5068 512 5132; x_wconf 78' lang='lat' dir='ltr'><strong>odeo</strong></span> <span class='ocrx_word' id='word_1_531' title='bbox 536 5076 567 5130; x_wconf 87' lang='lat' dir='ltr'><strong>et</strong></span> <span class='ocrx_word' id='word_1_532' title='bbox 590 5076 653 5131; x_wconf 90' lang='lat' dir='ltr'><strong>toto</strong></span> <span class='ocrx_word' id='word_1_533' title='bbox 677 5086 772 5146; x_wconf 86' lang='lat' dir='ltr'><strong>anno;</strong></span> <span class='ocrx_word' id='word_1_534' title='bbox 804 5071 852 5132; x_wconf 88' lang='lat' dir='ltr'><strong>vel</strong></span> <span class='ocrx_word' id='word_1_535' title='bbox 880 5070 963 5131; x_wconf 90' lang='lat' dir='ltr'><strong>nulla</strong></span> <span class='ocrx_word' id='word_1_536' title='bbox 992 5073 1133 5134; x_wconf 89' lang='lat' dir='ltr'><strong>notabilis</strong></span> <span class='ocrx_word' id='word_1_537' title='bbox 1156 5071 1244 5133; x_wconf 89' lang='lat' dir='ltr'><strong>stella</strong></span> <span class='ocrx_word' id='word_1_538' title='bbox 1267 5076 1312 5129; x_wconf 91' lang='lat' dir='ltr'><strong>est</strong></span> <span class='ocrx_word' id='word_1_539' title='bbox 1336 5067 1365 5123; x_wconf 92' lang='lat' dir='ltr'><strong>in</strong></span> <span class='ocrx_word' id='word_1_540' title='bbox 1389 5061 1576 5135; x_wconf 80' lang='lat' dir='ltr'><strong>dispuncta,</strong></span> <span class='ocrx_word' id='word_1_541' title='bbox 1598 5050 1702 5112; x_wconf 85' lang='lat' dir='ltr'><strong>uthoc</strong></span> <span class='ocrx_word' id='word_1_542' title='bbox 1724 5066 1807 5115; x_wconf 75' lang='lat' dir='ltr'><strong>aevu</strong></span> 
     </span>
     <span class='ocr_line' id='line_1_50' title="bbox 438 5136 1810 5237; baseline -0.009 -22"><span class='ocrx_word' id='word_1_543' title='bbox 438 5154 484 5232; x_wconf 79' lang='lat' dir='ltr'><strong>dt,</strong></span> <span class='ocrx_word' id='word_1_544' title='bbox 519 5164 551 5219; x_wconf 86' lang='lat' dir='ltr'><strong>et</strong></span> <span class='ocrx_word' id='word_1_545' title='bbox 572 5164 644 5218; x_wconf 91' lang='lat' dir='ltr'><strong>tnnc</strong></span> <span class='ocrx_word' id='word_1_546' title='bbox 666 5156 719 5218; x_wconf 87' lang='lat' dir='ltr'><strong>flat</strong></span> <span class='ocrx_word' id='word_1_547' title='bbox 741 5157 860 5219; x_wconf 90' lang='lat' dir='ltr'><strong>collatio</strong></span> <span class='ocrx_word' id='word_1_548' title='bbox 882 5158 1049 5236; x_wconf 89' lang='lat' dir='ltr'><strong>stellarum,</strong></span> <span class='ocrx_word' id='word_1_549' title='bbox 1079 5176 1156 5237; x_wconf 87' lang='lat' dir='ltr'><strong>qnae</strong></span> <span class='ocrx_word' id='word_1_550' title='bbox 1178 5165 1248 5219; x_wconf 90' lang='lat' dir='ltr'><strong>sunt</strong></span> <span class='ocrx_word' id='word_1_551' title='bbox 1270 5154 1385 5214; x_wconf 88' lang='lat' dir='ltr'><strong>vicinae</strong></span> <span class='ocrx_word' id='word_1_552' title='bbox 1407 5152 1536 5223; x_wconf 90' lang='lat' dir='ltr'><strong>puncto,</strong></span> <span class='ocrx_word' id='word_1_553' title='bbox 1560 5136 1638 5216; x_wconf 81' lang='lat' dir='ltr'><strong>quod</strong></span> <span class='ocrx_word' id='word_1_554' title='bbox 1659 5146 1810 5203; x_wconf 73' lang='lat' dir='ltr'><strong>mensim</strong></span> 
     </span>
     <span class='ocr_line' id='line_1_51' title="bbox 438 5224 1812 5330; baseline -0.002 -26"><span class='ocrx_word' id='word_1_555' title='bbox 438 5243 534 5321; x_wconf 84' lang='lat' dir='ltr'><strong>sulm,</strong></span> <span class='ocrx_word' id='word_1_556' title='bbox 557 5261 628 5306; x_wconf 90' lang='lat' dir='ltr'><strong>nam</strong></span> <span class='ocrx_word' id='word_1_557' title='bbox 651 5240 679 5306; x_wconf 86' lang='lat' dir='ltr'><strong>si</strong></span> <span class='ocrx_word' id='word_1_558' title='bbox 700 5261 800 5307; x_wconf 89' lang='lat' dir='ltr'><strong>earum</strong></span> <span class='ocrx_word' id='word_1_559' title='bbox 822 5264 881 5307; x_wconf 91' lang='lat' dir='ltr'><strong>una</strong></span> <span class='ocrx_word' id='word_1_560' title='bbox 904 5263 1020 5324; x_wconf 87' lang='lat' dir='ltr'><strong>semper</strong></span> <span class='ocrx_word' id='word_1_561' title='bbox 1042 5246 1162 5324; x_wconf 82' lang='lat' dir='ltr'><strong>aequali</strong></span> <span class='ocrx_word' id='word_1_562' title='bbox 1184 5239 1342 5306; x_wconf 85' lang='lat' dir='ltr'><strong>intervallo</strong></span> <span class='ocrx_word' id='word_1_563' title='bbox 1366 5233 1456 5312; x_wconf 86' lang='lat' dir='ltr'><strong>distet</strong></span> <span class='ocrx_word' id='word_1_564' title='bbox 1477 5248 1496 5290; x_wconf 80' lang='lat' dir='ltr'><strong>a</strong></span> <span class='ocrx_word' id='word_1_565' title='bbox 1517 5232 1642 5305; x_wconf 78' lang='lat' dir='ltr'><strong>punctu,</strong></span> <span class='ocrx_word' id='word_1_566' title='bbox 1669 5224 1700 5330; x_wconf 61' lang='lat'><strong>{¹¹</strong></span> <span class='ocrx_word' id='word_1_567' title='bbox 1724 5230 1812 5301; x_wconf 71' lang='lat' dir='ltr'><strong>l¹¹⁰d</strong></span> 
     </span>
    </p>
   </div>
   <div class='ocr_carea' id='block_1_3' title="bbox 0 0 2234 6275">
    <p class='ocr_par' dir='ltr' id='par_1_9' title="bbox 0 0 2234 6275">
     <span class='ocr_line' id='line_1_52' title="bbox 0 0 2234 6275; baseline 0 2"><span class='ocrx_word' id='word_1_568' title='bbox 0 0 2234 6275; x_wconf 95' lang='lat' dir='ltr'><strong> </strong></span> 
     </span>
    </p>
   </div>
  </div>
 </body>
</html>
