<?xml version="1.0" encoding="UTF-8"?>
<!DOCTYPE html PUBLIC "-//W3C//DTD XHTML 1.0 Transitional//EN"
    "http://www.w3.org/TR/xhtml1/DTD/xhtml1-transitional.dtd">
<html xmlns="http://www.w3.org/1999/xhtml" xml:lang="en" lang="en">
 <head>
  <title>
</title>
<meta http-equiv="Content-Type" content="text/html;charset=utf-8" />
  <meta name='ocr-system' content='tesseract 3.04.00' />
  <meta name='ocr-capabilities' content='ocr_page ocr_carea ocr_par ocr_line ocrx_word'/>
</head>
<body>
  <div class='ocr_page' id='page_1' title='image "./joanniskepleria03frisgoog/joanniskepleria03frisgoog_0389.png"; bbox 0 0 4459 6275; ppageno 0'>
   <div class='ocr_carea' id='block_1_1' title="bbox 1755 779 3560 864">
    <p class='ocr_par' dir='ltr' id='par_1_1' title="bbox 1755 779 3560 864">
     <span class='ocr_line' id='line_1_1' title="bbox 1755 779 3560 864; baseline -0.001 -13"><span class='ocrx_word' id='word_1_1' title='bbox 1755 792 1924 851; x_wconf 70' lang='lat' dir='ltr'><strong>Liber</strong></span> <span class='ocrx_word' id='word_1_2' title='bbox 1957 791 2218 864; x_wconf 68' lang='lat' dir='ltr'><strong>uantur.</strong></span> <span class='ocrx_word' id='word_1_3' title='bbox 2290 791 2427 851; x_wconf 70' lang='lat' dir='ltr'><strong>rm</strong></span> <span class='ocrx_word' id='word_1_4' title='bbox 2459 791 2665 849; x_wconf 60' lang='lat' dir='ltr'><strong>Tutia.</strong></span> <span class='ocrx_word' id='word_1_5' title='bbox 3248 779 3265 790; x_wconf 85' lang='grc'><em>“</em></span> <span class='ocrx_word' id='word_1_6' title='bbox 3432 794 3560 858; x_wconf 71' lang='lat'><strong>8⁷³1</strong></span> 
     </span>
    </p>
   </div>
   <div class='ocr_carea' id='block_1_2' title="bbox 843 969 3571 3149">
    <p class='ocr_par' dir='ltr' id='par_1_2' title="bbox 843 969 3565 1749">
     <span class='ocr_line' id='line_1_2' title="bbox 1021 969 3561 1046; baseline -0.002 -13"><span class='ocrx_word' id='word_1_7' title='bbox 1021 972 1110 1033; x_wconf 72' lang='lat' dir='ltr'><strong>Ar</strong></span> <span class='ocrx_word' id='word_1_8' title='bbox 1148 973 1361 1033; x_wconf 67' lang='lat' dir='ltr'><strong>calum</strong></span> <span class='ocrx_word' id='word_1_9' title='bbox 1404 991 1786 1036; x_wconf 77' lang='lat' dir='ltr'><strong>communem</strong></span> <span class='ocrx_word' id='word_1_10' title='bbox 1829 982 2120 1035; x_wconf 79' lang='lat' dir='ltr'><strong>statueres</strong></span> <span class='ocrx_word' id='word_1_11' title='bbox 2165 975 2326 1035; x_wconf 79' lang='lat' dir='ltr'><strong>hanc</strong></span> <span class='ocrx_word' id='word_1_12' title='bbox 2374 977 2657 1034; x_wconf 77' lang='lat' dir='ltr'><strong>virtutem</strong></span> <span class='ocrx_word' id='word_1_13' title='bbox 2700 976 2861 1034; x_wconf 69' lang='lat' dir='ltr'><strong>inter</strong></span> <span class='ocrx_word' id='word_1_14' title='bbox 2903 971 3105 1034; x_wconf 70' lang='lat' dir='ltr'><strong>Sote-</strong></span> <span class='ocrx_word' id='word_1_15' title='bbox 3162 977 3222 1031; x_wconf 72' lang='grc' dir='ltr'><strong>αι</strong></span> <span class='ocrx_word' id='word_1_16' title='bbox 3261 969 3561 1046; x_wconf 68' lang='lat' dir='ltr'><strong>plum,</strong></span> 
     </span>
     <span class='ocr_line' id='line_1_3' title="bbox 845 1057 3563 1139; baseline -0.001 -20"><span class='ocrx_word' id='word_1_17' title='bbox 845 1065 1189 1136; x_wconf 59' lang='lat' dir='ltr'><strong>mutuoque</strong></span> <span class='ocrx_word' id='word_1_18' title='bbox 1245 1068 1680 1125; x_wconf 79' lang='lat' dir='ltr'><strong>commeantem</strong></span> <span class='ocrx_word' id='word_1_19' title='bbox 1740 1065 1869 1123; x_wconf 76' lang='lat' dir='ltr'><strong>vim</strong></span> <span class='ocrx_word' id='word_1_20' title='bbox 1925 1063 2295 1139; x_wconf 70' lang='lat' dir='ltr'><strong>expulsionis</strong></span> <span class='ocrx_word' id='word_1_21' title='bbox 2350 1063 2884 1136; x_wconf 64' lang='lat' dir='ltr'><strong>morientisque.</strong></span> <span class='ocrx_word' id='word_1_22' title='bbox 2950 1066 3025 1118; x_wconf 72' lang='grc' dir='ltr'><strong>ιιι</strong></span> <span class='ocrx_word' id='word_1_23' title='bbox 3080 1066 3165 1118; x_wconf 77' lang='lat' dir='ltr'><strong>est</strong></span> <span class='ocrx_word' id='word_1_24' title='bbox 3218 1057 3563 1117; x_wconf 69' lang='lat' dir='ltr'><strong>cormunis</strong></span> 
     </span>
     <span class='ocr_line' id='line_1_4' title="bbox 847 1144 3562 1226; baseline -0.002 -19"><span class='ocrx_word' id='word_1_25' title='bbox 847 1149 1015 1207; x_wconf 67' lang='lat' dir='ltr'><strong>inter</strong></span> <span class='ocrx_word' id='word_1_26' title='bbox 1075 1147 1251 1209; x_wconf 76' lang='lat' dir='ltr'><strong>binos</strong></span> <span class='ocrx_word' id='word_1_27' title='bbox 1289 1152 1612 1224; x_wconf 60' lang='lat' dir='ltr'><strong>mametis.</strong></span> <span class='ocrx_word' id='word_1_28' title='bbox 1704 1150 1892 1210; x_wconf 90' lang='lat' dir='ltr'><strong>Immo</strong></span> <span class='ocrx_word' id='word_1_29' title='bbox 1947 1150 2097 1213; x_wconf 85' lang='lat' dir='ltr'><strong>haec</strong></span> <span class='ocrx_word' id='word_1_30' title='bbox 2151 1152 2282 1226; x_wconf 80' lang='lat' dir='ltr'><strong>ipsa</strong></span> <span class='ocrx_word' id='word_1_31' title='bbox 2339 1150 2546 1225; x_wconf 87' lang='lat' dir='ltr'><strong>quinta</strong></span> <span class='ocrx_word' id='word_1_32' title='bbox 2594 1150 2745 1208; x_wconf 82' lang='lat' dir='ltr'><strong>ratio</strong></span> <span class='ocrx_word' id='word_1_33' title='bbox 2792 1154 2909 1219; x_wconf 88' lang='lat' dir='ltr'><strong>est,</strong></span> <span class='ocrx_word' id='word_1_34' title='bbox 2970 1164 3074 1207; x_wconf 90' lang='lat' dir='ltr'><strong>cnr</strong></span> <span class='ocrx_word' id='word_1_35' title='bbox 3115 1145 3373 1222; x_wconf 80' lang='lat' dir='ltr'><strong>planetis</strong></span> <span class='ocrx_word' id='word_1_36' title='bbox 3416 1144 3562 1220; x_wconf 79' lang='lat' dir='ltr'><strong>ipsis</strong></span> 
     </span>
     <span class='ocr_line' id='line_1_5' title="bbox 843 1232 3555 1313; baseline -0.001 -19"><span class='ocrx_word' id='word_1_37' title='bbox 843 1249 968 1294; x_wconf 88' lang='lat' dir='ltr'><strong>non</strong></span> <span class='ocrx_word' id='word_1_38' title='bbox 1011 1235 1305 1295; x_wconf 70' lang='lat' dir='ltr'><strong>tribuatur</strong></span> <span class='ocrx_word' id='word_1_39' title='bbox 1345 1237 1462 1296; x_wconf 83' lang='lat' dir='ltr'><strong>ista</strong></span> <span class='ocrx_word' id='word_1_40' title='bbox 1505 1236 1775 1313; x_wconf 88' lang='lat' dir='ltr'><strong>expulsio</strong></span> <span class='ocrx_word' id='word_1_41' title='bbox 1819 1245 1879 1298; x_wconf 88' lang='lat' dir='ltr'><strong>et</strong></span> <span class='ocrx_word' id='word_1_42' title='bbox 1921 1238 2222 1308; x_wconf 84' lang='lat' dir='ltr'><strong>attractio,</strong></span> <span class='ocrx_word' id='word_1_43' title='bbox 2270 1253 2345 1295; x_wconf 90' lang='lat' dir='ltr'><strong>ne</strong></span> <span class='ocrx_word' id='word_1_44' title='bbox 2389 1243 2592 1295; x_wconf 84' lang='lat' dir='ltr'><strong>mutua</strong></span> <span class='ocrx_word' id='word_1_45' title='bbox 2638 1237 2717 1295; x_wconf 85' lang='lat' dir='ltr'><strong>sit</strong></span> <span class='ocrx_word' id='word_1_46' title='bbox 2754 1252 2835 1296; x_wconf 81' lang='lat' dir='ltr'><strong>ex</strong></span> <span class='ocrx_word' id='word_1_47' title='bbox 2879 1235 3011 1311; x_wconf 89' lang='lat' dir='ltr'><strong>ipso</strong></span> <span class='ocrx_word' id='word_1_48' title='bbox 3057 1234 3334 1294; x_wconf 82' lang='lat' dir='ltr'><strong>creatoris</strong></span> <span class='ocrx_word' id='word_1_49' title='bbox 3380 1232 3555 1292; x_wconf 84' lang='lat' dir='ltr'><strong>insti-</strong></span> 
     </span>
     <span class='ocr_line' id='line_1_6' title="bbox 843 1317 3562 1401; baseline -0.001 -20"><span class='ocrx_word' id='word_1_50' title='bbox 843 1328 998 1396; x_wconf 87' lang='lat' dir='ltr'><strong>tuto,</strong></span> <span class='ocrx_word' id='word_1_51' title='bbox 1045 1324 1145 1398; x_wconf 88' lang='lat' dir='ltr'><strong>qni</strong></span> <span class='ocrx_word' id='word_1_52' title='bbox 1190 1322 1336 1382; x_wconf 81' lang='lat' dir='ltr'><strong>nibil</strong></span> <span class='ocrx_word' id='word_1_53' title='bbox 1380 1323 1523 1387; x_wconf 79' lang='lat' dir='ltr'><strong>facit</strong></span> <span class='ocrx_word' id='word_1_54' title='bbox 1568 1325 1807 1400; x_wconf 65' lang='lat' dir='ltr'><strong>frustm</strong></span> <span class='ocrx_word' id='word_1_55' title='bbox 1853 1340 1993 1401; x_wconf 77' lang='lat' dir='ltr'><strong>ergo</strong></span> <span class='ocrx_word' id='word_1_56' title='bbox 2039 1327 2088 1382; x_wconf 85' lang='lat' dir='ltr'><strong>si</strong></span> <span class='ocrx_word' id='word_1_57' title='bbox 2133 1325 2528 1400; x_wconf 73' lang='lat' dir='ltr'><strong>porrigeretur</strong></span> <span class='ocrx_word' id='word_1_58' title='bbox 2571 1324 2757 1383; x_wconf 81' lang='lat' dir='ltr'><strong>virtus</strong></span> <span class='ocrx_word' id='word_1_59' title='bbox 2802 1321 3075 1398; x_wconf 86' lang='lat' dir='ltr'><strong>planetae</strong></span> <span class='ocrx_word' id='word_1_60' title='bbox 3116 1335 3308 1396; x_wconf 84' lang='lat' dir='ltr'><strong>nsque</strong></span> <span class='ocrx_word' id='word_1_61' title='bbox 3336 1317 3414 1378; x_wconf 85' lang='lat' dir='ltr'><strong>ad</strong></span> <span class='ocrx_word' id='word_1_62' title='bbox 3440 1317 3562 1379; x_wconf 82' lang='lat' dir='ltr'><strong><em>So-</em></strong></span> 
     </span>
     <span class='ocr_line' id='line_1_7' title="bbox 843 1406 3565 1490; baseline -0.001 -19"><span class='ocrx_word' id='word_1_63' title='bbox 843 1407 994 1483; x_wconf 75' lang='lat' dir='ltr'><strong>len,</strong></span> <span class='ocrx_word' id='word_1_64' title='bbox 1051 1407 1157 1470; x_wconf 86' lang='lat' dir='ltr'><strong>Sol</strong></span> <span class='ocrx_word' id='word_1_65' title='bbox 1199 1427 1240 1470; x_wconf 88' lang='lat' dir='ltr'><strong>a</strong></span> <span class='ocrx_word' id='word_1_66' title='bbox 1280 1411 1534 1488; x_wconf 80' lang='lat' dir='ltr'><strong>planetis</strong></span> <span class='ocrx_word' id='word_1_67' title='bbox 1579 1413 1637 1469; x_wconf 91' lang='lat' dir='ltr'><strong>in</strong></span> <span class='ocrx_word' id='word_1_68' title='bbox 1669 1410 2061 1490; x_wconf 64' lang='lat' dir='ltr'><strong>*proportione</strong></span> <span class='ocrx_word' id='word_1_69' title='bbox 2118 1427 2425 1488; x_wconf 88' lang='lat' dir='ltr'><strong>corporum</strong></span> <span class='ocrx_word' id='word_1_70' title='bbox 2471 1424 2758 1471; x_wconf 85' lang='lat' dir='ltr'><strong>conversa</strong></span> <span class='ocrx_word' id='word_1_71' title='bbox 2800 1411 2919 1469; x_wconf 85' lang='lat' dir='ltr'><strong>situ</strong></span> <span class='ocrx_word' id='word_1_72' title='bbox 2962 1425 3102 1481; x_wconf 91' lang='lat' dir='ltr'><strong>suo,</strong></span> <span class='ocrx_word' id='word_1_73' title='bbox 3160 1425 3335 1484; x_wconf 89' lang='lat' dir='ltr'><strong>quem</strong></span> <span class='ocrx_word' id='word_1_74' title='bbox 3381 1406 3565 1467; x_wconf 82' lang='lat' dir='ltr'><strong>babet</strong></span> 
     </span>
     <span class='ocr_line' id='line_1_8' title="bbox 845 1494 3561 1574; baseline -0.001 -18"><span class='ocrx_word' id='word_1_75' title='bbox 845 1497 908 1555; x_wconf 83' lang='lat' dir='ltr'><strong>iu</strong></span> <span class='ocrx_word' id='word_1_76' title='bbox 955 1503 1157 1557; x_wconf 73' lang='lat' dir='ltr'><strong>contr-o</strong></span> <span class='ocrx_word' id='word_1_77' title='bbox 1199 1496 1421 1571; x_wconf 89' lang='lat' dir='ltr'><strong>mnndi,</strong></span> <span class='ocrx_word' id='word_1_78' title='bbox 1465 1499 1726 1559; x_wconf 81' lang='lat' dir='ltr'><strong>emoveri</strong></span> <span class='ocrx_word' id='word_1_79' title='bbox 1771 1500 1867 1560; x_wconf 87' lang='lat' dir='ltr'><strong>vel</strong></span> <span class='ocrx_word' id='word_1_80' title='bbox 1912 1500 2120 1560; x_wconf 84' lang='lat' dir='ltr'><strong>saltem</strong></span> <span class='ocrx_word' id='word_1_81' title='bbox 2166 1499 2419 1561; x_wconf 85' lang='lat' dir='ltr'><strong>titubare</strong></span> <span class='ocrx_word' id='word_1_82' title='bbox 2464 1496 2720 1571; x_wconf 78' lang='lat' dir='ltr'><strong>deberet,</strong></span> <span class='ocrx_word' id='word_1_83' title='bbox 2760 1496 2888 1574; x_wconf 72' lang='lat' dir='ltr'><strong>jam</strong></span> <span class='ocrx_word' id='word_1_84' title='bbox 2934 1496 3048 1556; x_wconf 88' lang='lat' dir='ltr'><strong>buc</strong></span> <span class='ocrx_word' id='word_1_85' title='bbox 3085 1496 3210 1571; x_wconf 85' lang='lat' dir='ltr'><strong>jam</strong></span> <span class='ocrx_word' id='word_1_86' title='bbox 3247 1494 3389 1554; x_wconf 87' lang='lat' dir='ltr'><strong>illuc</strong></span> <span class='ocrx_word' id='word_1_87' title='bbox 3418 1511 3561 1569; x_wconf 86' lang='lat' dir='ltr'><strong>pro·</strong></span> 
     </span>
     <span class='ocr_line' id='line_1_9' title="bbox 844 1581 3563 1664; baseline -0.001 -21"><span class='ocrx_word' id='word_1_88' title='bbox 844 1590 1093 1654; x_wconf 84' lang='lat' dir='ltr'><strong>tractus,</strong></span> <span class='ocrx_word' id='word_1_89' title='bbox 1135 1592 1314 1660; x_wconf 86' lang='lat' dir='ltr'><strong>prout</strong></span> <span class='ocrx_word' id='word_1_90' title='bbox 1353 1584 1521 1645; x_wconf 82' lang='lat' dir='ltr'><strong>multi</strong></span> <span class='ocrx_word' id='word_1_91' title='bbox 1567 1585 1840 1664; x_wconf 82' lang='lat' dir='ltr'><strong>planetae</strong></span> <span class='ocrx_word' id='word_1_92' title='bbox 1883 1588 1963 1648; x_wconf 87' lang='lat' dir='ltr'><strong>ab</strong></span> <span class='ocrx_word' id='word_1_93' title='bbox 2008 1602 2127 1648; x_wconf 87' lang='lat' dir='ltr'><strong>uno</strong></span> <span class='ocrx_word' id='word_1_94' title='bbox 2170 1586 2373 1659; x_wconf 87' lang='lat' dir='ltr'><strong>latere,</strong></span> <span class='ocrx_word' id='word_1_95' title='bbox 2417 1586 2594 1644; x_wconf 89' lang='lat' dir='ltr'><strong>simili</strong></span> <span class='ocrx_word' id='word_1_96' title='bbox 2636 1586 2790 1645; x_wconf 85' lang='lat' dir='ltr'><strong>inter</strong></span> <span class='ocrx_word' id='word_1_97' title='bbox 2831 1601 2897 1644; x_wconf 89' lang='lat' dir='ltr'><strong>se</strong></span> <span class='ocrx_word' id='word_1_98' title='bbox 2925 1582 3223 1652; x_wconf 78' lang='lat' dir='ltr'><strong>facultate,</strong></span> <span class='ocrx_word' id='word_1_99' title='bbox 3272 1584 3328 1641; x_wconf 88' lang='lat' dir='ltr'><strong>in</strong></span> <span class='ocrx_word' id='word_1_100' title='bbox 3362 1581 3563 1642; x_wconf 86' lang='lat' dir='ltr'><strong>Solem</strong></span> 
     </span>
     <span class='ocr_line' id='line_1_10' title="bbox 847 1672 1195 1749; baseline -0.003 -20"><span class='ocrx_word' id='word_1_101' title='bbox 847 1672 1195 1749; x_wconf 77' lang='lat' dir='ltr'><strong>ingruerint.</strong></span> 
     </span>
    </p>

    <p class='ocr_par' dir='ltr' id='par_1_3' title="bbox 843 1752 3570 2956">
     <span class='ocr_line' id='line_1_11' title="bbox 879 1752 3569 1836; baseline -0.001 -17"><span class='ocrx_word' id='word_1_102' title='bbox 879 1786 890 1797; x_wconf 94' lang='lat'><strong>·</strong></span> <span class='ocrx_word' id='word_1_103' title='bbox 1041 1758 1276 1820; x_wconf 74' lang='lat' dir='ltr'><strong>Videris</strong></span> <span class='ocrx_word' id='word_1_104' title='bbox 1318 1752 1428 1820; x_wconf 79' lang='grc' dir='ltr'>Ῑιυο</span> <span class='ocrx_word' id='word_1_105' title='bbox 1470 1761 1924 1823; x_wconf 77' lang='lat' dir='ltr'><strong>incommodum</strong></span> <span class='ocrx_word' id='word_1_106' title='bbox 1967 1779 2045 1820; x_wconf 78' lang='lat' dir='ltr'><strong>ne</strong></span> <span class='ocrx_word' id='word_1_107' title='bbox 2088 1763 2172 1819; x_wconf 78' lang='lat' dir='ltr'><strong>ric</strong></span> <span class='ocrx_word' id='word_1_108' title='bbox 2215 1759 2459 1836; x_wconf 55' lang='lat' dir='ltr'><strong>quedem</strong></span> <span class='ocrx_word' id='word_1_109' title='bbox 2518 1759 2806 1836; x_wconf 72' lang='lat' dir='ltr'><strong>effuyere:</strong></span> <span class='ocrx_word' id='word_1_110' title='bbox 2876 1759 2983 1820; x_wconf 82' lang='lat' dir='ltr'><strong><em>Sol</em></strong></span> <span class='ocrx_word' id='word_1_111' title='bbox 3032 1761 3196 1819; x_wconf 73' lang='lat' dir='ltr'><strong>enim</strong></span> <span class='ocrx_word' id='word_1_112' title='bbox 3238 1759 3428 1834; x_wconf 78' lang='lat' dir='ltr'><strong>specie</strong></span> <span class='ocrx_word' id='word_1_113' title='bbox 3469 1760 3569 1815; x_wconf 75' lang='lat' dir='ltr'><strong>sui</strong></span> 
     </span>
     <span class='ocr_line' id='line_1_12' title="bbox 847 1844 3564 1923; baseline -0.002 -14"><span class='ocrx_word' id='word_1_114' title='bbox 847 1849 1123 1923; x_wconf 73' lang='lat' dir='ltr'><strong>eorporis</strong></span> <span class='ocrx_word' id='word_1_115' title='bbox 1177 1849 1455 1908; x_wconf 69' lang='lat' dir='ltr'><strong>virtuosa</strong></span> <span class='ocrx_word' id='word_1_116' title='bbox 1510 1856 1846 1910; x_wconf 77' lang='lat' dir='ltr'><strong>ceuconto</strong></span> <span class='ocrx_word' id='word_1_117' title='bbox 1907 1851 2208 1911; x_wconf 73' lang='lat' dir='ltr'><strong>connixus</strong></span> <span class='ocrx_word' id='word_1_118' title='bbox 2264 1847 2564 1907; x_wconf 71' lang='lat' dir='ltr'><strong>trudendo</strong></span> <span class='ocrx_word' id='word_1_119' title='bbox 2616 1844 3564 1923; x_wconf 70' lang='lat' dir='ltr'><strong>planetaaseipmexrrudet</strong></span> 
     </span>
     <span class='ocr_line' id='line_1_13' title="bbox 843 1931 3569 2014; baseline -0.002 -18"><span class='ocrx_word' id='word_1_120' title='bbox 843 1935 1415 2011; x_wconf 68' lang='lat' dir='ltr'><strong>proportionaliter,</strong></span> <span class='ocrx_word' id='word_1_121' title='bbox 1473 1935 1833 2013; x_wconf 68' lang='lat' dir='ltr'><strong>trahensque</strong></span> <span class='ocrx_word' id='word_1_122' title='bbox 1887 1937 2200 2014; x_wconf 76' lang='lat' dir='ltr'><strong>planetam</strong></span> <span class='ocrx_word' id='word_1_123' title='bbox 2262 1935 2420 1995; x_wconf 78' lang='lat' dir='ltr'><strong>velut</strong></span> <span class='ocrx_word' id='word_1_124' title='bbox 2476 1952 2666 2007; x_wconf 79' lang='lat' dir='ltr'><strong>unco,</strong></span> <span class='ocrx_word' id='word_1_125' title='bbox 2721 1951 2782 1993; x_wconf 85' lang='lat' dir='ltr'><strong>se</strong></span> <span class='ocrx_word' id='word_1_126' title='bbox 2833 1938 3029 2011; x_wconf 78' lang='lat' dir='ltr'><strong>iprum</strong></span> <span class='ocrx_word' id='word_1_127' title='bbox 3088 1950 3430 2011; x_wconf 68' lang='lat' dir='ltr'><strong>paruntper</strong></span> <span class='ocrx_word' id='word_1_128' title='bbox 3482 1931 3569 1990; x_wconf 79' lang='lat' dir='ltr'><strong>od</strong></span> 
     </span>
     <span class='ocr_line' id='line_1_14' title="bbox 845 2020 3564 2100; baseline -0.002 -17"><span class='ocrx_word' id='word_1_129' title='bbox 845 2021 1169 2100; x_wconf 68' lang='lat' dir='ltr'><strong>planetam</strong></span> <span class='ocrx_word' id='word_1_130' title='bbox 1213 2023 1496 2083; x_wconf 57' lang='lat' dir='ltr'><strong>amanet.</strong></span> <span class='ocrx_word' id='word_1_131' title='bbox 1587 2020 1877 2085; x_wconf 78' lang='lat' dir='ltr'><strong>Omnibus</strong></span> <span class='ocrx_word' id='word_1_132' title='bbox 1921 2022 2112 2085; x_wconf 88' lang='lat' dir='ltr'><strong>modis</strong></span> <span class='ocrx_word' id='word_1_133' title='bbox 2156 2022 2271 2081; x_wconf 81' lang='lat' dir='ltr'><strong>hoc</strong></span> <span class='ocrx_word' id='word_1_134' title='bbox 2314 2022 2656 2097; x_wconf 77' lang='lat' dir='ltr'><strong>effugimus,</strong></span> <span class='ocrx_word' id='word_1_135' title='bbox 2703 2030 2921 2099; x_wconf 78' lang='lat' dir='ltr'><strong>negata</strong></span> <span class='ocrx_word' id='word_1_136' title='bbox 2962 2027 3169 2081; x_wconf 87' lang='lat' dir='ltr'><strong>mutua</strong></span> <span class='ocrx_word' id='word_1_137' title='bbox 3214 2020 3564 2081; x_wconf 72' lang='lat' dir='ltr'><strong>attractione</strong></span> 
     </span>
     <span class='ocr_line' id='line_1_15' title="bbox 849 2090 3566 2187; baseline -0.001 -18"><span class='ocrx_word' id='word_1_138' title='bbox 849 2115 914 2171; x_wconf 85' lang='lat' dir='ltr'><strong>et</strong></span> <span class='ocrx_word' id='word_1_139' title='bbox 969 2108 1334 2185; x_wconf 70' lang='lat' dir='ltr'><strong>expulsione.</strong></span> <span class='ocrx_word' id='word_1_140' title='bbox 1439 2090 1636 2169; x_wconf 89' lang='lat' dir='ltr'><strong>Primo</strong></span> <span class='ocrx_word' id='word_1_141' title='bbox 1696 2113 1850 2171; x_wconf 85' lang='lat' dir='ltr'><strong>enim</strong></span> <span class='ocrx_word' id='word_1_142' title='bbox 1909 2128 2017 2171; x_wconf 89' lang='lat' dir='ltr'><strong>nec</strong></span> <span class='ocrx_word' id='word_1_143' title='bbox 2073 2110 2263 2169; x_wconf 79' lang='lat' dir='ltr'><strong>forma</strong></span> <span class='ocrx_word' id='word_1_144' title='bbox 2319 2109 2742 2186; x_wconf 78' lang='lat' dir='ltr'><strong>dispositioque</strong></span> <span class='ocrx_word' id='word_1_145' title='bbox 2802 2126 3112 2187; x_wconf 88' lang='lat' dir='ltr'><strong>corporum</strong></span> <span class='ocrx_word' id='word_1_146' title='bbox 3172 2108 3290 2168; x_wconf 87' lang='lat' dir='ltr'><strong>buc</strong></span> <span class='ocrx_word' id='word_1_147' title='bbox 3340 2106 3566 2167; x_wconf 87' lang='lat' dir='ltr'><strong>directa</strong></span> 
     </span>
     <span class='ocr_line' id='line_1_16' title="bbox 847 2195 3566 2274; baseline -0.002 -17"><span class='ocrx_word' id='word_1_148' title='bbox 847 2197 994 2270; x_wconf 84' lang='lat' dir='ltr'><strong>erit,</strong></span> <span class='ocrx_word' id='word_1_149' title='bbox 1039 2197 1090 2254; x_wconf 90' lang='lat' dir='ltr'><strong>si</strong></span> <span class='ocrx_word' id='word_1_150' title='bbox 1136 2198 1325 2257; x_wconf 80' lang='lat' dir='ltr'><strong>virtus</strong></span> <span class='ocrx_word' id='word_1_151' title='bbox 1367 2197 1641 2274; x_wconf 80' lang='lat' dir='ltr'><strong>planetae</strong></span> <span class='ocrx_word' id='word_1_152' title='bbox 1685 2199 1821 2259; x_wconf 86' lang='lat' dir='ltr'><strong>talis</strong></span> <span class='ocrx_word' id='word_1_153' title='bbox 1864 2214 1980 2257; x_wconf 91' lang='lat' dir='ltr'><strong>non</strong></span> <span class='ocrx_word' id='word_1_154' title='bbox 2029 2196 2104 2257; x_wconf 85' lang='lat' dir='ltr'><strong>ad</strong></span> <span class='ocrx_word' id='word_1_155' title='bbox 2149 2196 2352 2257; x_wconf 90' lang='lat' dir='ltr'><strong>Solem</strong></span> <span class='ocrx_word' id='word_1_156' title='bbox 2395 2204 2710 2273; x_wconf 84' lang='lat' dir='ltr'><strong>prorogata</strong></span> <span class='ocrx_word' id='word_1_157' title='bbox 2756 2203 2886 2271; x_wconf 70' lang='grc' dir='ltr'>θοις</span> <span class='ocrx_word' id='word_1_158' title='bbox 2940 2195 3154 2256; x_wconf 85' lang='lat' dir='ltr'><strong>deinde</strong></span> <span class='ocrx_word' id='word_1_159' title='bbox 3199 2211 3390 2271; x_wconf 84' lang='lat' dir='ltr'><strong>neque</strong></span> <span class='ocrx_word' id='word_1_160' title='bbox 3435 2196 3566 2270; x_wconf 84' lang='lat' dir='ltr'><strong>ipso</strong></span> 
     </span>
     <span class='ocr_line' id='line_1_17' title="bbox 845 2281 3569 2362; baseline -0.002 -17"><span class='ocrx_word' id='word_1_161' title='bbox 845 2290 988 2345; x_wconf 75' lang='lat' dir='ltr'><strong>actu</strong></span> <span class='ocrx_word' id='word_1_162' title='bbox 1032 2281 1152 2345; x_wconf 87' lang='lat' dir='ltr'><strong>tale</strong></span> <span class='ocrx_word' id='word_1_163' title='bbox 1197 2283 1342 2361; x_wconf 88' lang='lat' dir='ltr'><strong>qnid</strong></span> <span class='ocrx_word' id='word_1_164' title='bbox 1385 2286 1666 2360; x_wconf 85' lang='lat' dir='ltr'><strong>sequitur,</strong></span> <span class='ocrx_word' id='word_1_165' title='bbox 1714 2288 1887 2362; x_wconf 82' lang='lat' dir='ltr'><strong>qnasi</strong></span> <span class='ocrx_word' id='word_1_166' title='bbox 1934 2287 2079 2346; x_wconf 87' lang='lat' dir='ltr'><strong>citra</strong></span> <span class='ocrx_word' id='word_1_167' title='bbox 2123 2284 2431 2345; x_wconf 87' lang='lat' dir='ltr'><strong>consilium</strong></span> <span class='ocrx_word' id='word_1_168' title='bbox 2476 2285 2787 2357; x_wconf 85' lang='lat' dir='ltr'><strong>creatoris,</strong></span> <span class='ocrx_word' id='word_1_169' title='bbox 2833 2302 2906 2345; x_wconf 85' lang='lat' dir='ltr'><strong>ex</strong></span> <span class='ocrx_word' id='word_1_170' title='bbox 2952 2282 3082 2345; x_wconf 86' lang='lat' dir='ltr'><strong>sola</strong></span> <span class='ocrx_word' id='word_1_171' title='bbox 3125 2282 3569 2343; x_wconf 65' lang='lat' dir='ltr'><strong>materialite-</strong></span> 
     </span>
     <span class='ocr_line' id='line_1_18' title="bbox 846 2368 3565 2447; baseline -0.002 -12"><span class='ocrx_word' id='word_1_172' title='bbox 846 2371 1146 2435; x_wconf 61' lang='lat' dir='ltr'><strong>unitate.</strong></span> <span class='ocrx_word' id='word_1_173' title='bbox 1237 2371 1390 2433; x_wconf 82' lang='lat' dir='ltr'><strong>Nam</strong></span> <span class='ocrx_word' id='word_1_174' title='bbox 1453 2379 1619 2433; x_wconf 78' lang='lat' dir='ltr'><strong>tanta</strong></span> <span class='ocrx_word' id='word_1_175' title='bbox 1677 2381 1769 2433; x_wconf 87' lang='lat' dir='ltr'><strong>est</strong></span> <span class='ocrx_word' id='word_1_176' title='bbox 1821 2373 2040 2446; x_wconf 79' lang='lat' dir='ltr'><strong>moles,</strong></span> <span class='ocrx_word' id='word_1_177' title='bbox 2105 2380 2272 2433; x_wconf 83' lang='lat' dir='ltr'><strong>tanta</strong></span> <span class='ocrx_word' id='word_1_178' title='bbox 2317 2370 2577 2432; x_wconf 86' lang='lat' dir='ltr'><strong>densitas</strong></span> <span class='ocrx_word' id='word_1_179' title='bbox 2621 2373 2683 2429; x_wconf 89' lang='lat' dir='ltr'><strong>in</strong></span> <span class='ocrx_word' id='word_1_180' title='bbox 2728 2373 2973 2432; x_wconf 85' lang='lat' dir='ltr'><strong>materia</strong></span> <span class='ocrx_word' id='word_1_181' title='bbox 3018 2373 3278 2447; x_wconf 80' lang='lat' dir='ltr'><strong>corporis</strong></span> <span class='ocrx_word' id='word_1_182' title='bbox 3322 2368 3565 2440; x_wconf 71' lang='lat' dir='ltr'><strong>Solaria,</strong></span> 
     </span>
     <span class='ocr_line' id='line_1_19' title="bbox 847 2457 3569 2537; baseline -0.003 -14"><span class='ocrx_word' id='word_1_183' title='bbox 847 2465 1018 2523; x_wconf 79' lang='lat' dir='ltr'><strong>tanta</strong></span> <span class='ocrx_word' id='word_1_184' title='bbox 1073 2457 1203 2533; x_wconf 83' lang='lat' dir='ltr'><strong>ejus</strong></span> <span class='ocrx_word' id='word_1_185' title='bbox 1256 2462 1350 2519; x_wconf 80' lang='lat' dir='ltr'><strong>vis</strong></span> <span class='ocrx_word' id='word_1_186' title='bbox 1393 2458 1727 2520; x_wconf 82' lang='lat' dir='ltr'><strong>attrahendi</strong></span> <span class='ocrx_word' id='word_1_187' title='bbox 1772 2459 2182 2537; x_wconf 84' lang='lat' dir='ltr'><strong>pellendique,</strong></span> <span class='ocrx_word' id='word_1_188' title='bbox 2239 2465 2406 2519; x_wconf 78' lang='lat' dir='ltr'><strong>tanta</strong></span> <span class='ocrx_word' id='word_1_189' title='bbox 2464 2461 2723 2519; x_wconf 84' lang='lat' dir='ltr'><strong>vicissim</strong></span> <span class='ocrx_word' id='word_1_190' title='bbox 2783 2459 3015 2519; x_wconf 80' lang='lat' dir='ltr'><strong>exilitas</strong></span> <span class='ocrx_word' id='word_1_191' title='bbox 3084 2466 3144 2519; x_wconf 90' lang='lat' dir='ltr'><strong>et</strong></span> <span class='ocrx_word' id='word_1_192' title='bbox 3186 2458 3462 2536; x_wconf 82' lang='lat' dir='ltr'><strong>planetae</strong></span> <span class='ocrx_word' id='word_1_193' title='bbox 3507 2462 3569 2517; x_wconf 85' lang='lat' dir='ltr'><strong>et</strong></span> 
     </span>
     <span class='ocr_line' id='line_1_20' title="bbox 849 2543 3570 2623; baseline -0.002 -16"><span class='ocrx_word' id='word_1_194' title='bbox 849 2546 1201 2607; x_wconf 82' lang='lat' dir='ltr'><strong>renitentiae</strong></span> <span class='ocrx_word' id='word_1_195' title='bbox 1247 2547 1393 2621; x_wconf 83' lang='lat' dir='ltr'><strong>ejns,</strong></span> <span class='ocrx_word' id='word_1_196' title='bbox 1441 2553 1507 2606; x_wconf 81' lang='lat' dir='ltr'><strong>ut</strong></span> <span class='ocrx_word' id='word_1_197' title='bbox 1550 2545 1655 2607; x_wconf 91' lang='lat' dir='ltr'><strong>Sol</strong></span> <span class='ocrx_word' id='word_1_198' title='bbox 1701 2547 1772 2608; x_wconf 87' lang='lat' dir='ltr'><strong>de</strong></span> <span class='ocrx_word' id='word_1_199' title='bbox 1817 2556 1978 2608; x_wconf 81' lang='lat' dir='ltr'><strong>statu</strong></span> <span class='ocrx_word' id='word_1_200' title='bbox 2023 2563 2134 2607; x_wconf 89' lang='lat' dir='ltr'><strong>sno</strong></span> <span class='ocrx_word' id='word_1_201' title='bbox 2179 2545 2325 2607; x_wconf 85' lang='lat' dir='ltr'><strong>nibil</strong></span> <span class='ocrx_word' id='word_1_202' title='bbox 2370 2545 2744 2623; x_wconf 81' lang='lat' dir='ltr'><strong>periclitetur.</strong></span> <span class='ocrx_word' id='word_1_203' title='bbox 2830 2546 2931 2606; x_wconf 89' lang='lat' dir='ltr'><strong>Sic</strong></span> <span class='ocrx_word' id='word_1_204' title='bbox 2972 2563 3109 2608; x_wconf 87' lang='lat' dir='ltr'><strong>eum</strong></span> <span class='ocrx_word' id='word_1_205' title='bbox 3149 2548 3322 2606; x_wconf 84' lang='lat' dir='ltr'><strong>navis</strong></span> <span class='ocrx_word' id='word_1_206' title='bbox 3367 2543 3570 2604; x_wconf 84' lang='lat' dir='ltr'><strong>haeret</strong></span> 
     </span>
     <span class='ocr_line' id='line_1_21' title="bbox 855 2628 3566 2709; baseline -0 -19"><span class='ocrx_word' id='word_1_207' title='bbox 855 2635 916 2691; x_wconf 87' lang='lat' dir='ltr'><strong>in</strong></span> <span class='ocrx_word' id='word_1_208' title='bbox 966 2648 1147 2693; x_wconf 87' lang='lat' dir='ltr'><strong>arena</strong></span> <span class='ocrx_word' id='word_1_209' title='bbox 1189 2640 1504 2709; x_wconf 87' lang='lat' dir='ltr'><strong>potestque</strong></span> <span class='ocrx_word' id='word_1_210' title='bbox 1565 2636 1797 2694; x_wconf 86' lang='lat' dir='ltr'><strong>nonnisi</strong></span> <span class='ocrx_word' id='word_1_211' title='bbox 1860 2652 1896 2694; x_wconf 92' lang='lat' dir='ltr'><strong>a</strong></span> <span class='ocrx_word' id='word_1_212' title='bbox 1954 2634 2219 2695; x_wconf 86' lang='lat' dir='ltr'><strong>ducentis</strong></span> <span class='ocrx_word' id='word_1_213' title='bbox 2268 2636 2437 2709; x_wconf 82' lang='lat' dir='ltr'><strong>equis</strong></span> <span class='ocrx_word' id='word_1_214' title='bbox 2481 2628 2685 2695; x_wconf 88' lang='lat' dir='ltr'><strong>revelli</strong></span> <span class='ocrx_word' id='word_1_215' title='bbox 2731 2641 2791 2695; x_wconf 90' lang='lat' dir='ltr'><strong>et</strong></span> <span class='ocrx_word' id='word_1_216' title='bbox 2835 2633 2968 2694; x_wconf 83' lang='lat' dir='ltr'><strong>loco</strong></span> <span class='ocrx_word' id='word_1_217' title='bbox 3014 2634 3273 2705; x_wconf 83' lang='lat' dir='ltr'><strong>moveri,</strong></span> <span class='ocrx_word' id='word_1_218' title='bbox 3333 2638 3566 2692; x_wconf 85' lang='lat' dir='ltr'><strong>centnm</strong></span> 
     </span>
     <span class='ocr_line' id='line_1_22' title="bbox 853 2717 3568 2798; baseline -0.001 -19"><span class='ocrx_word' id='word_1_219' title='bbox 853 2722 1016 2796; x_wconf 81' lang='lat' dir='ltr'><strong>equi,</strong></span> <span class='ocrx_word' id='word_1_220' title='bbox 1067 2722 1338 2796; x_wconf 82' lang='lat' dir='ltr'><strong>quamvis</strong></span> <span class='ocrx_word' id='word_1_221' title='bbox 1382 2723 1499 2781; x_wconf 83' lang='lat' dir='ltr'><strong>sint</strong></span> <span class='ocrx_word' id='word_1_222' title='bbox 1541 2739 1680 2798; x_wconf 83' lang='lat' dir='ltr'><strong>pars</strong></span> <span class='ocrx_word' id='word_1_223' title='bbox 1725 2722 1968 2783; x_wconf 85' lang='lat' dir='ltr'><strong>dimidia</strong></span> <span class='ocrx_word' id='word_1_224' title='bbox 2010 2723 2330 2798; x_wconf 71' lang='lat' dir='ltr'><strong>requisitae</strong></span> <span class='ocrx_word' id='word_1_225' title='bbox 2380 2722 2630 2795; x_wconf 81' lang='lat' dir='ltr'><strong>virtutis,</strong></span> <span class='ocrx_word' id='word_1_226' title='bbox 2677 2737 2793 2782; x_wconf 91' lang='lat' dir='ltr'><strong>non</strong></span> <span class='ocrx_word' id='word_1_227' title='bbox 2840 2728 3034 2781; x_wconf 84' lang='lat' dir='ltr'><strong>tamen</strong></span> <span class='ocrx_word' id='word_1_228' title='bbox 3080 2727 3429 2797; x_wconf 79' lang='lat' dir='ltr'><strong>promovent</strong></span> <span class='ocrx_word' id='word_1_229' title='bbox 3473 2717 3568 2775; x_wconf 82' lang='lat' dir='ltr'><strong>‹li-</strong></span> 
     </span>
     <span class='ocr_line' id='line_1_23' title="bbox 853 2806 3569 2885; baseline -0.001 -18"><span class='ocrx_word' id='word_1_230' title='bbox 853 2806 1104 2867; x_wconf 85' lang='lat' dir='ltr'><strong>midium</strong></span> <span class='ocrx_word' id='word_1_231' title='bbox 1149 2806 1416 2881; x_wconf 83' lang='lat' dir='ltr'><strong>solitarii,</strong></span> <span class='ocrx_word' id='word_1_232' title='bbox 1463 2811 1604 2885; x_wconf 84' lang='lat' dir='ltr'><strong>quia</strong></span> <span class='ocrx_word' id='word_1_233' title='bbox 1647 2812 1797 2870; x_wconf 87' lang='lat' dir='ltr'><strong>inter</strong></span> <span class='ocrx_word' id='word_1_234' title='bbox 1841 2817 2063 2870; x_wconf 90' lang='lat' dir='ltr'><strong>motum</strong></span> <span class='ocrx_word' id='word_1_235' title='bbox 2110 2817 2169 2869; x_wconf 89' lang='lat' dir='ltr'><strong>et</strong></span> <span class='ocrx_word' id='word_1_236' title='bbox 2211 2824 2329 2868; x_wconf 90' lang='lat' dir='ltr'><strong>non</strong></span> <span class='ocrx_word' id='word_1_237' title='bbox 2379 2816 2601 2869; x_wconf 88' lang='lat' dir='ltr'><strong>motum</strong></span> <span class='ocrx_word' id='word_1_238' title='bbox 2645 2808 2810 2869; x_wconf 89' lang='lat' dir='ltr'><strong>nulla</strong></span> <span class='ocrx_word' id='word_1_239' title='bbox 2840 2808 3013 2869; x_wconf 85' lang='lat' dir='ltr'><strong>datur</strong></span> <span class='ocrx_word' id='word_1_240' title='bbox 3043 2807 3389 2880; x_wconf 77' lang='lat' dir='ltr'><strong>dimidiatio,</strong></span> <span class='ocrx_word' id='word_1_241' title='bbox 3436 2822 3569 2865; x_wconf 85' lang='lat' dir='ltr'><strong>cum</strong></span> 
     </span>
     <span class='ocr_line' id='line_1_24' title="bbox 849 2895 1647 2956; baseline 0.001 -1"><span class='ocrx_word' id='word_1_242' title='bbox 849 2896 974 2955; x_wconf 80' lang='lat' dir='ltr'><strong>ista</strong></span> <span class='ocrx_word' id='word_1_243' title='bbox 1014 2897 1134 2954; x_wconf 84' lang='lat' dir='ltr'><strong>sint</strong></span> <span class='ocrx_word' id='word_1_244' title='bbox 1177 2895 1647 2956; x_wconf 83' lang='lat' dir='ltr'><strong>contradictoria.</strong></span> 
     </span>
    </p>

    <p class='ocr_par' dir='ltr' id='par_1_4' title="bbox 848 2981 3571 3149">
     <span class='ocr_line' id='line_1_25' title="bbox 1027 2981 3571 3068; baseline -0.001 -27"><span class='ocrx_word' id='word_1_245' title='bbox 1027 2981 1152 3041; x_wconf 75' lang='lat' dir='ltr'><strong>Dic</strong></span> <span class='ocrx_word' id='word_1_246' title='bbox 1192 2984 1545 3068; x_wconf 72' lang='lat' dir='ltr'><strong>hypothesin</strong></span> <span class='ocrx_word' id='word_1_247' title='bbox 1587 2985 1936 3058; x_wconf 78' lang='lat' dir='ltr'><strong>evidentem,</strong></span> <span class='ocrx_word' id='word_1_248' title='bbox 1983 2984 2283 3060; x_wconf 78' lang='lat' dir='ltr'><strong>quomodo</strong></span> <span class='ocrx_word' id='word_1_249' title='bbox 2321 2984 2579 3059; x_wconf 69' lang='lat' dir='ltr'><strong>planeta</strong></span> <span class='ocrx_word' id='word_1_250' title='bbox 2621 2985 2868 3060; x_wconf 65' lang='lat' dir='ltr'><strong>quilibet</strong></span> <span class='ocrx_word' id='word_1_251' title='bbox 2910 3001 3049 3043; x_wconf 72' lang='lat' dir='ltr'><strong>mor</strong></span> <span class='ocrx_word' id='word_1_252' title='bbox 3090 2984 3383 3042; x_wconf 68' lang='lat' dir='ltr'><strong>circuitus</strong></span> <span class='ocrx_word' id='word_1_253' title='bbox 3423 2995 3571 3040; x_wconf 72' lang='lat' dir='ltr'><strong>con-</strong></span> 
     </span>
     <span class='ocr_line' id='line_1_26' title="bbox 848 3064 3570 3149; baseline -0.001 -20"><span class='ocrx_word' id='word_1_254' title='bbox 848 3068 1020 3146; x_wconf 67' lang='lat' dir='ltr'><strong>ficiat</strong></span> <span class='ocrx_word' id='word_1_255' title='bbox 1061 3071 1426 3147; x_wconf 57' lang='lat' dir='ltr'><strong>&amp;navimque</strong></span> <span class='ocrx_word' id='word_1_256' title='bbox 1468 3071 1757 3133; x_wconf 73' lang='lat' dir='ltr'><strong>trahatur</strong></span> <span class='ocrx_word' id='word_1_257' title='bbox 1799 3081 1856 3132; x_wconf 82' lang='lat' dir='ltr'><strong>et</strong></span> <span class='ocrx_word' id='word_1_258' title='bbox 1899 3072 2209 3133; x_wconf 75' lang='lat' dir='ltr'><strong>trudatur.</strong></span> <span class='ocrx_word' id='word_1_259' title='bbox 2294 3071 2649 3149; x_wconf 74' lang='lat' dir='ltr'><strong>Incipiamus</strong></span> <span class='ocrx_word' id='word_1_260' title='bbox 2690 3072 2771 3131; x_wconf 74' lang='lat' dir='ltr'><strong>ab</strong></span> <span class='ocrx_word' id='word_1_261' title='bbox 2828 3089 2899 3133; x_wconf 87' lang='lat' dir='ltr'><strong>eo</strong></span> <span class='ocrx_word' id='word_1_262' title='bbox 2946 3077 3267 3143; x_wconf 87' lang='lat' dir='ltr'><strong>momento,</strong></span> <span class='ocrx_word' id='word_1_263' title='bbox 3330 3064 3570 3145; x_wconf 90' lang='lat' dir='ltr'><strong>quando</strong></span> 
     </span>
    </p>
   </div>
   <div class='ocr_carea' id='block_1_3' title="bbox 851 3156 3571 3321">
    <p class='ocr_par' dir='ltr' id='par_1_5' title="bbox 851 3156 3571 3309">
     <span class='ocr_line' id='line_1_27' title="bbox 853 3156 3571 3285; baseline -0.001 -67"><span class='ocrx_word' id='word_1_264' title='bbox 853 3156 1040 3220; x_wconf 78' lang='lat' dir='ltr'><strong>librae</strong></span> <span class='ocrx_word' id='word_1_265' title='bbox 1083 3160 1451 3235; x_wconf 83' lang='lat' dir='ltr'><strong>magneticae</strong></span> <span class='ocrx_word' id='word_1_266' title='bbox 1494 3159 1651 3220; x_wconf 85' lang='lat' dir='ltr'><strong>latus</strong></span> <span class='ocrx_word' id='word_1_267' title='bbox 1693 3161 1979 3239; x_wconf 76' lang='lat' dir='ltr'><strong>praebent</strong></span> <span class='ocrx_word' id='word_1_268' title='bbox 2019 3160 2166 3234; x_wconf 88' lang='lat' dir='ltr'><strong>Soli,</strong></span> <span class='ocrx_word' id='word_1_269' title='bbox 2211 3162 2298 3219; x_wconf 89' lang='lat' dir='ltr'><strong>sic</strong></span> <span class='ocrx_word' id='word_1_270' title='bbox 2342 3168 2409 3220; x_wconf 89' lang='lat' dir='ltr'><strong>nt</strong></span> <span class='ocrx_word' id='word_1_271' title='bbox 2450 3160 2528 3220; x_wconf 83' lang='lat' dir='ltr'><strong>ab</strong></span> <span class='ocrx_word' id='word_1_272' title='bbox 2572 3176 2645 3220; x_wconf 90' lang='lat' dir='ltr'><strong>eo</strong></span> <span class='ocrx_word' id='word_1_273' title='bbox 2690 3159 2913 3222; x_wconf 85' lang='lat' dir='ltr'><strong>distent</strong></span> <span class='ocrx_word' id='word_1_274' title='bbox 2952 3159 3278 3285; x_wconf 83' lang='lat' dir='ltr'><strong>aequaliter</strong></span> <span class='ocrx_word' id='word_1_275' title='bbox 3323 3163 3571 3231; x_wconf 83' lang='lat' dir='ltr'><strong>utraque</strong></span> 
     </span>
     <span class='ocr_line' id='line_1_28' title="bbox 851 3242 2422 3321; baseline 0 -15"><span class='ocrx_word' id='word_1_276' title='bbox 851 3242 1136 3306; x_wconf 72' lang='lat' dir='ltr'><strong>fibrarum</strong></span> <span class='ocrx_word' id='word_1_277' title='bbox 1179 3254 1459 3321; x_wconf 88' lang='lat' dir='ltr'><strong>extrema,</strong></span> <span class='ocrx_word' id='word_1_278' title='bbox 1505 3253 1568 3307; x_wconf 91' lang='lat' dir='ltr'><strong>et</strong></span> <span class='ocrx_word' id='word_1_279' title='bbox 1593 3250 1672 3307; x_wconf 87' lang='lat' dir='ltr'><strong>sit</strong></span> <span class='ocrx_word' id='word_1_280' title='bbox 1717 3247 1832 3309; x_wconf 83' lang='lat' dir='ltr'><strong>boc</strong></span> <span class='ocrx_word' id='word_1_281' title='bbox 1873 3248 1932 3305; x_wconf 91' lang='lat' dir='ltr'><strong>in</strong></span> <span class='ocrx_word' id='word_1_282' title='bbox 1965 3247 2248 3309; x_wconf 81' lang='lat' dir='ltr'><strong>distantia</strong></span> <span class='ocrx_word' id='word_1_283' title='bbox 2292 3265 2422 3307; x_wconf 92' lang='lat' dir='ltr'><strong>om-</strong></span> 
     </span>
    </p>
   </div>
   <div class='ocr_carea' id='block_1_4' title="bbox 853 3332 3581 5342">
    <p class='ocr_par' dir='ltr' id='par_1_6' title="bbox 853 3332 2429 3412">
     <span class='ocr_line' id='line_1_29' title="bbox 853 3332 2429 3412; baseline 0.001 -20"><span class='ocrx_word' id='word_1_284' title='bbox 853 3332 1020 3392; x_wconf 75' lang='lat' dir='ltr'><strong>niurn</strong></span> <span class='ocrx_word' id='word_1_285' title='bbox 1060 3332 1406 3410; x_wconf 78' lang='lat' dir='ltr'><strong>longissima</strong></span> <span class='ocrx_word' id='word_1_286' title='bbox 1430 3334 1520 3394; x_wconf 84' lang='lat' dir='ltr'><strong>A:</strong></span> <span class='ocrx_word' id='word_1_287' title='bbox 1569 3342 1707 3396; x_wconf 86' lang='lat' dir='ltr'><strong>tune</strong></span> <span class='ocrx_word' id='word_1_288' title='bbox 1733 3333 1838 3395; x_wconf 86' lang='lat' dir='ltr'><strong>Sol</strong></span> <span class='ocrx_word' id='word_1_289' title='bbox 1882 3352 1991 3397; x_wconf 86' lang='lat' dir='ltr'><strong>nec</strong></span> <span class='ocrx_word' id='word_1_290' title='bbox 2025 3334 2270 3412; x_wconf 82' lang='lat' dir='ltr'><strong>expellit</strong></span> <span class='ocrx_word' id='word_1_291' title='bbox 2295 3334 2429 3412; x_wconf 86' lang='lat' dir='ltr'><strong>pla-</strong></span> 
     </span>
    </p>

    <p class='ocr_par' dir='ltr' id='par_1_7' title="bbox 853 3420 2583 4023">
     <span class='ocr_line' id='line_1_30' title="bbox 853 3420 2435 3496; baseline 0 -16"><span class='ocrx_word' id='word_1_292' title='bbox 853 3426 1090 3494; x_wconf 79' lang='lat' dir='ltr'><strong>netam,</strong></span> <span class='ocrx_word' id='word_1_293' title='bbox 1153 3438 1265 3482; x_wconf 91' lang='lat' dir='ltr'><strong>nec</strong></span> <span class='ocrx_word' id='word_1_294' title='bbox 1306 3420 1523 3496; x_wconf 75' lang='lat' dir='ltr'><strong>allicit,</strong></span> <span class='ocrx_word' id='word_1_295' title='bbox 1582 3422 1720 3496; x_wconf 85' lang='lat' dir='ltr'><strong>sed,</strong></span> <span class='ocrx_word' id='word_1_296' title='bbox 1786 3420 1969 3484; x_wconf 87' lang='lat' dir='ltr'><strong>veluti</strong></span> <span class='ocrx_word' id='word_1_297' title='bbox 2025 3421 2241 3486; x_wconf 79' lang='lat' dir='ltr'><strong>dubius</strong></span> <span class='ocrx_word' id='word_1_298' title='bbox 2284 3424 2435 3481; x_wconf 84' lang='lat' dir='ltr'><strong>inter</strong></span> 
     </span>
     <span class='ocr_line' id='line_1_31' title="bbox 855 3509 2433 3585; baseline 0.001 -17"><span class='ocrx_word' id='word_1_299' title='bbox 855 3514 1203 3584; x_wconf 82' lang='lat' dir='ltr'><strong>utrumque,</strong></span> <span class='ocrx_word' id='word_1_300' title='bbox 1265 3517 1505 3585; x_wconf 86' lang='lat' dir='ltr'><strong>prensat</strong></span> <span class='ocrx_word' id='word_1_301' title='bbox 1562 3519 1757 3570; x_wconf 85' lang='lat' dir='ltr'><strong>tamen</strong></span> <span class='ocrx_word' id='word_1_302' title='bbox 1818 3509 1983 3571; x_wconf 89' lang='lat' dir='ltr'><strong>illum</strong></span> <span class='ocrx_word' id='word_1_303' title='bbox 2038 3517 2098 3571; x_wconf 87' lang='lat' dir='ltr'><strong>et</strong></span> <span class='ocrx_word' id='word_1_304' title='bbox 2141 3509 2433 3571; x_wconf 89' lang='lat' dir='ltr'><strong>rotatione</strong></span> 
     </span>
     <span class='ocr_line' id='line_1_32' title="bbox 856 3596 2467 3679; baseline 0.001 -25"><span class='ocrx_word' id='word_1_305' title='bbox 856 3596 954 3654; x_wconf 79' lang='lat' dir='ltr'><strong>sui</strong></span> <span class='ocrx_word' id='word_1_306' title='bbox 995 3597 1260 3679; x_wconf 65' lang='lat' dir='ltr'><strong>corporis</strong></span> <span class='ocrx_word' id='word_1_307' title='bbox 1305 3598 1673 3673; x_wconf 67' lang='lat' dir='ltr'><strong>emissaeque</strong></span> <span class='ocrx_word' id='word_1_308' title='bbox 1715 3600 1936 3673; x_wconf 87' lang='lat' dir='ltr'><strong>speciei</strong></span> <span class='ocrx_word' id='word_1_309' title='bbox 1972 3615 2248 3678; x_wconf 85' lang='lat' dir='ltr'><strong>prensum</strong></span> <span class='ocrx_word' id='word_1_310' title='bbox 2292 3613 2467 3674; x_wconf 33' lang='lat' dir='ltr'><strong>pro--</strong></span> 
     </span>
     <span class='ocr_line' id='line_1_33' title="bbox 853 3682 2583 3770; baseline 0.002 -28"><span class='ocrx_word' id='word_1_311' title='bbox 853 3690 1065 3742; x_wconf 82' lang='lat' dir='ltr'><strong>movet</strong></span> <span class='ocrx_word' id='word_1_312' title='bbox 1116 3683 1196 3746; x_wconf 86' lang='lat' dir='ltr'><strong>ab</strong></span> <span class='ocrx_word' id='word_1_313' title='bbox 1256 3682 1309 3743; x_wconf 88' lang='lat' dir='ltr'>A</span> <span class='ocrx_word' id='word_1_314' title='bbox 1370 3701 1576 3746; x_wconf 80' lang='lat' dir='ltr'><strong>versus</strong></span> <span class='ocrx_word' id='word_1_315' title='bbox 1623 3685 1710 3758; x_wconf 90' lang='lat' dir='ltr'><strong>B,</strong></span> <span class='ocrx_word' id='word_1_316' title='bbox 1772 3687 2012 3746; x_wconf 87' lang='lat' dir='ltr'><strong>vincens</strong></span> <span class='ocrx_word' id='word_1_317' title='bbox 2071 3686 2433 3758; x_wconf 82' lang='lat' dir='ltr'><strong>renitentem,</strong></span> <span class='ocrx_word' id='word_1_318' title='bbox 2559 3722 2583 3770; x_wconf 74' lang='lat'><strong>:⁴</strong></span> 
     </span>
     <span class='ocr_line' id='line_1_34' title="bbox 857 3770 2563 3846; baseline 0.001 -16"><span class='ocrx_word' id='word_1_319' title='bbox 857 3770 1178 3845; x_wconf 79' lang='lat' dir='ltr'><strong>victusque</strong></span> <span class='ocrx_word' id='word_1_320' title='bbox 1225 3771 1483 3832; x_wconf 79' lang='lat' dir='ltr'><strong>vicissim</strong></span> <span class='ocrx_word' id='word_1_321' title='bbox 1527 3772 1605 3832; x_wconf 85' lang='lat' dir='ltr'><strong>ab</strong></span> <span class='ocrx_word' id='word_1_322' title='bbox 1651 3771 1773 3846; x_wconf 90' lang='lat' dir='ltr'><strong>illo,</strong></span> <span class='ocrx_word' id='word_1_323' title='bbox 1821 3774 1909 3832; x_wconf 86' lang='lat' dir='ltr'><strong>sic</strong></span> <span class='ocrx_word' id='word_1_324' title='bbox 1953 3780 2018 3832; x_wconf 91' lang='lat' dir='ltr'><strong>ut</strong></span> <span class='ocrx_word' id='word_1_325' title='bbox 2063 3772 2226 3831; x_wconf 89' lang='lat' dir='ltr'><strong>illum</strong></span> <span class='ocrx_word' id='word_1_326' title='bbox 2275 3771 2437 3832; x_wconf 81' lang='lat' dir='ltr'><strong>velut</strong></span> <span class='ocrx_word' id='word_1_327' title='bbox 2559 3771 2563 3774; x_wconf 51' lang='lat'><strong>⁴</strong></span> 
     </span>
     <span class='ocr_line' id='line_1_35' title="bbox 855 3856 2543 3930; baseline -0.001 -12"><span class='ocrx_word' id='word_1_328' title='bbox 855 3874 894 3918; x_wconf 77' lang='lat' dir='ltr'><strong>u</strong></span> <span class='ocrx_word' id='word_1_329' title='bbox 941 3858 1232 3930; x_wconf 66' lang='lat' dir='ltr'><strong>manibus,</strong></span> <span class='ocrx_word' id='word_1_330' title='bbox 1278 3856 1395 3920; x_wconf 87' lang='lat' dir='ltr'><strong>boc</strong></span> <span class='ocrx_word' id='word_1_331' title='bbox 1439 3865 1527 3919; x_wconf 87' lang='lat' dir='ltr'><strong>est</strong></span> <span class='ocrx_word' id='word_1_332' title='bbox 1570 3877 1605 3919; x_wconf 89' lang='lat' dir='ltr'><strong>e</strong></span> <span class='ocrx_word' id='word_1_333' title='bbox 1647 3857 1827 3919; x_wconf 86' lang='lat' dir='ltr'><strong>radiis</strong></span> <span class='ocrx_word' id='word_1_334' title='bbox 1857 3858 1910 3918; x_wconf 80' lang='lat' dir='ltr'>A</span> <span class='ocrx_word' id='word_1_335' title='bbox 1952 3858 2435 3920; x_wconf 75' lang='lat' dir='ltr'><strong>antecedentibus</strong></span> <span class='ocrx_word' id='word_1_336' title='bbox 2535 3898 2543 3910; x_wconf 38' lang='grc' dir='ltr'>ι</span> 
     </span>
     <span class='ocr_line' id='line_1_36' title="bbox 855 3945 2434 4023; baseline 0.001 -19"><span class='ocrx_word' id='word_1_337' title='bbox 855 3945 1081 4021; x_wconf 80' lang='lat' dir='ltr'><strong>speciei</strong></span> <span class='ocrx_word' id='word_1_338' title='bbox 1129 3948 1428 4006; x_wconf 80' lang='lat' dir='ltr'><strong>virtuosae</strong></span> <span class='ocrx_word' id='word_1_339' title='bbox 1483 3949 1718 4006; x_wconf 87' lang='lat' dir='ltr'><strong>amittat</strong></span> <span class='ocrx_word' id='word_1_340' title='bbox 1762 3948 2132 4023; x_wconf 81' lang='lat' dir='ltr'><strong>excipiatque</strong></span> <span class='ocrx_word' id='word_1_341' title='bbox 2177 3962 2434 4020; x_wconf 86' lang='lat' dir='ltr'><strong>sequen-</strong></span> 
     </span>
    </p>

    <p class='ocr_par' dir='ltr' id='par_1_8' title="bbox 855 4030 2436 4110">
     <span class='ocr_line' id='line_1_37' title="bbox 855 4030 2436 4110; baseline 0.003 -18"><span class='ocrx_word' id='word_1_342' title='bbox 855 4032 1022 4092; x_wconf 85' lang='lat' dir='ltr'><strong>tibus</strong></span> <span class='ocrx_word' id='word_1_343' title='bbox 1066 4031 1157 4106; x_wconf 79' lang='lat' dir='ltr'><strong>H,</strong></span> <span class='ocrx_word' id='word_1_344' title='bbox 1217 4030 1395 4110; x_wconf 87' lang='lat' dir='ltr'><strong>idque</strong></span> <span class='ocrx_word' id='word_1_345' title='bbox 1456 4035 1511 4092; x_wconf 90' lang='lat' dir='ltr'><strong>in</strong></span> <span class='ocrx_word' id='word_1_346' title='bbox 1561 4041 1719 4095; x_wconf 83' lang='lat' dir='ltr'><strong>certa</strong></span> <span class='ocrx_word' id='word_1_347' title='bbox 1767 4037 2142 4110; x_wconf 84' lang='lat' dir='ltr'><strong>proportione</strong></span> <span class='ocrx_word' id='word_1_348' title='bbox 2204 4037 2436 4097; x_wconf 80' lang='lat' dir='ltr'><strong>virtutis</strong></span> 
     </span>
    </p>

    <p class='ocr_par' dir='ltr' id='par_1_9' title="bbox 853 4118 2433 4200">
     <span class='ocr_line' id='line_1_38' title="bbox 853 4118 2433 4200; baseline 0.002 -19"><span class='ocrx_word' id='word_1_349' title='bbox 853 4120 1082 4198; x_wconf 76' lang='lat' dir='ltr'><strong>speciei</strong></span> <span class='ocrx_word' id='word_1_350' title='bbox 1125 4119 1185 4180; x_wconf 87' lang='lat' dir='ltr'><strong>in</strong></span> <span class='ocrx_word' id='word_1_351' title='bbox 1219 4118 1320 4180; x_wconf 90' lang='lat' dir='ltr'><strong>illo</strong></span> <span class='ocrx_word' id='word_1_352' title='bbox 1361 4120 1689 4182; x_wconf 82' lang='lat' dir='ltr'><strong>intervallo.</strong></span> <span class='ocrx_word' id='word_1_353' title='bbox 1781 4121 1915 4181; x_wconf 85' lang='lat' dir='ltr'><strong>Hoc</strong></span> <span class='ocrx_word' id='word_1_354' title='bbox 1958 4130 2134 4198; x_wconf 85' lang='lat' dir='ltr'><strong>pacto</strong></span> <span class='ocrx_word' id='word_1_355' title='bbox 2164 4135 2433 4200; x_wconf 87' lang='lat' dir='ltr'><strong>promoto</strong></span> 
     </span>
    </p>

    <p class='ocr_par' dir='ltr' id='par_1_10' title="bbox 855 4204 2435 4286">
     <span class='ocr_line' id='line_1_39' title="bbox 855 4204 2435 4286; baseline 0.004 -20"><span class='ocrx_word' id='word_1_356' title='bbox 855 4204 1122 4285; x_wconf 80' lang='lat' dir='ltr'><strong>planeta,</strong></span> <span class='ocrx_word' id='word_1_357' title='bbox 1170 4206 1309 4268; x_wconf 86' lang='lat' dir='ltr'><strong>dnm</strong></span> <span class='ocrx_word' id='word_1_358' title='bbox 1351 4209 1577 4270; x_wconf 88' lang='lat' dir='ltr'><strong>interim</strong></span> <span class='ocrx_word' id='word_1_359' title='bbox 1609 4208 1793 4269; x_wconf 85' lang='lat' dir='ltr'><strong>fibrae</strong></span> <span class='ocrx_word' id='word_1_360' title='bbox 1836 4212 2201 4286; x_wconf 77' lang='lat' dir='ltr'><strong>magneticae</strong></span> <span class='ocrx_word' id='word_1_361' title='bbox 2235 4214 2295 4270; x_wconf 82' lang='lat' dir='ltr'><strong>vi</strong></span> <span class='ocrx_word' id='word_1_362' title='bbox 2340 4213 2435 4272; x_wconf 87' lang='lat' dir='ltr'><strong>di-</strong></span> 
     </span>
    </p>

    <p class='ocr_par' dir='ltr' id='par_1_11' title="bbox 855 4291 3581 5342">
     <span class='ocr_line' id='line_1_40' title="bbox 855 4291 3288 4376; baseline 0.003 -20"><span class='ocrx_word' id='word_1_363' title='bbox 855 4296 1139 4356; x_wconf 75' lang='lat' dir='ltr'><strong>rectionis</strong></span> <span class='ocrx_word' id='word_1_364' title='bbox 1197 4297 1256 4353; x_wconf 90' lang='lat' dir='ltr'><strong>in</strong></span> <span class='ocrx_word' id='word_1_365' title='bbox 1313 4296 1560 4358; x_wconf 84' lang='lat' dir='ltr'><strong>eandem</strong></span> <span class='ocrx_word' id='word_1_366' title='bbox 1603 4295 1804 4356; x_wconf 89' lang='lat' dir='ltr'><strong>mnndi</strong></span> <span class='ocrx_word' id='word_1_367' title='bbox 1851 4296 2090 4374; x_wconf 79' lang='lat' dir='ltr'><strong>plagam</strong></span> <span class='ocrx_word' id='word_1_368' title='bbox 2145 4306 2430 4376; x_wconf 86' lang='lat' dir='ltr'><strong>spectant,</strong></span> <span class='ocrx_word' id='word_1_369' title='bbox 2895 4295 2898 4298; x_wconf 64' lang='grc'><em>’</em></span> <span class='ocrx_word' id='word_1_370' title='bbox 3140 4331 3220 4371; x_wconf 52' lang='lat'><strong>„2-</strong></span> <span class='ocrx_word' id='word_1_371' title='bbox 3272 4291 3288 4303; x_wconf 66' lang='grc'><strong>’</strong></span> 
     </span>
     <span class='ocr_line' id='line_1_41' title="bbox 855 4379 2732 4470; baseline 0.005 -30"><span class='ocrx_word' id='word_1_372' title='bbox 855 4380 928 4448; x_wconf 70' lang='lat' dir='ltr'><strong>fit</strong></span> <span class='ocrx_word' id='word_1_373' title='bbox 971 4388 1042 4441; x_wconf 90' lang='lat' dir='ltr'><strong>ut</strong></span> <span class='ocrx_word' id='word_1_374' title='bbox 1095 4379 1277 4470; x_wconf 68' lang='lat' dir='ltr'><strong>plaga</strong></span> <span class='ocrx_word' id='word_1_375' title='bbox 1319 4381 1447 4443; x_wconf 85' lang='lat' dir='ltr'><strong>Soli</strong></span> <span class='ocrx_word' id='word_1_376' title='bbox 1502 4385 1693 4446; x_wconf 85' lang='lat' dir='ltr'><strong>amica</strong></span> <span class='ocrx_word' id='word_1_377' title='bbox 1751 4384 2036 4461; x_wconf 85' lang='lat' dir='ltr'><strong>paulatim</strong></span> <span class='ocrx_word' id='word_1_378' title='bbox 2091 4387 2433 4450; x_wconf 85' lang='lat' dir='ltr'><strong>obvertatnr</strong></span> <span class='ocrx_word' id='word_1_379' title='bbox 2728 4465 2732 4469; x_wconf 17' lang='grc' dir='ltr'><strong>Α</strong></span> 
     </span>
     <span class='ocr_line' id='line_1_42' title="bbox 857 4467 3576 4555; baseline 0.001 -21"><span class='ocrx_word' id='word_1_380' title='bbox 857 4467 1010 4542; x_wconf 75' lang='lat'><strong>8011,</strong></span> <span class='ocrx_word' id='word_1_381' title='bbox 1073 4468 1297 4532; x_wconf 79' lang='lat' dir='ltr'><strong>discors</strong></span> <span class='ocrx_word' id='word_1_382' title='bbox 1342 4472 1566 4532; x_wconf 83' lang='lat' dir='ltr'><strong>abnuat</strong></span> <span class='ocrx_word' id='word_1_383' title='bbox 1625 4489 1662 4530; x_wconf 88' lang='lat' dir='ltr'><strong>a</strong></span> <span class='ocrx_word' id='word_1_384' title='bbox 1707 4471 1877 4532; x_wconf 86' lang='lat' dir='ltr'><strong>Sole:</strong></span> <span class='ocrx_word' id='word_1_385' title='bbox 1931 4480 2074 4533; x_wconf 87' lang='lat' dir='ltr'><strong>tnnc</strong></span> <span class='ocrx_word' id='word_1_386' title='bbox 2124 4477 2304 4552; x_wconf 82' lang='lat' dir='ltr'><strong>igitur</strong></span> <span class='ocrx_word' id='word_1_387' title='bbox 2345 4476 2559 4555; x_wconf 81' lang='lat' dir='ltr'><strong>globus</strong></span> <span class='ocrx_word' id='word_1_388' title='bbox 2602 4479 2804 4555; x_wconf 78' lang='lat' dir='ltr'><strong>incipit</strong></span> <span class='ocrx_word' id='word_1_389' title='bbox 2846 4495 2885 4536; x_wconf 85' lang='lat' dir='ltr'><strong>a</strong></span> <span class='ocrx_word' id='word_1_390' title='bbox 2928 4477 3067 4538; x_wconf 88' lang='lat' dir='ltr'><strong>Sole</strong></span> <span class='ocrx_word' id='word_1_391' title='bbox 3114 4476 3293 4549; x_wconf 84' lang='lat' dir='ltr'><strong>trabi,</strong></span> <span class='ocrx_word' id='word_1_392' title='bbox 3352 4493 3576 4555; x_wconf 76' lang='lat' dir='ltr'><strong>parum,</strong></span> 
     </span>
     <span class='ocr_line' id='line_1_43' title="bbox 857 4557 3581 4642; baseline 0.003 -25"><span class='ocrx_word' id='word_1_393' title='bbox 857 4557 916 4617; x_wconf 82' lang='lat' dir='ltr'><strong>si</strong></span> <span class='ocrx_word' id='word_1_394' title='bbox 957 4573 1169 4634; x_wconf 87' lang='lat' dir='ltr'><strong>parum</strong></span> <span class='ocrx_word' id='word_1_395' title='bbox 1215 4557 1363 4617; x_wconf 87' lang='lat' dir='ltr'><strong>inter</strong></span> <span class='ocrx_word' id='word_1_396' title='bbox 1406 4576 1472 4619; x_wconf 85' lang='lat' dir='ltr'><strong>se</strong></span> <span class='ocrx_word' id='word_1_397' title='bbox 1517 4557 1784 4622; x_wconf 78' lang='lat' dir='ltr'><strong>differant</strong></span> <span class='ocrx_word' id='word_1_398' title='bbox 1828 4563 2260 4623; x_wconf 76' lang='lat' dir='ltr'><strong>extremitatum</strong></span> <span class='ocrx_word' id='word_1_399' title='bbox 2304 4581 2345 4624; x_wconf 89' lang='lat' dir='ltr'><strong>a</strong></span> <span class='ocrx_word' id='word_1_400' title='bbox 2373 4565 2513 4626; x_wconf 90' lang='lat' dir='ltr'><strong>Sole</strong></span> <span class='ocrx_word' id='word_1_401' title='bbox 2558 4566 2905 4641; x_wconf 61' lang='lat' dir='ltr'><strong>distantiam</strong></span> <span class='ocrx_word' id='word_1_402' title='bbox 2950 4581 3068 4641; x_wconf 90' lang='lat' dir='ltr'><strong>quo</strong></span> <span class='ocrx_word' id='word_1_403' title='bbox 3114 4570 3300 4624; x_wconf 86' lang='lat' dir='ltr'><strong>tractu</strong></span> <span class='ocrx_word' id='word_1_404' title='bbox 3340 4564 3581 4642; x_wconf 85' lang='lat' dir='ltr'><strong>planeta</strong></span> 
     </span>
     <span class='ocr_line' id='line_1_44' title="bbox 859 4643 3579 4728; baseline 0.001 -20"><span class='ocrx_word' id='word_1_405' title='bbox 859 4661 938 4708; x_wconf 74' lang='lat' dir='ltr'><strong>ex</strong></span> <span class='ocrx_word' id='word_1_406' title='bbox 979 4643 1372 4721; x_wconf 80' lang='lat' dir='ltr'><strong>amplitudine</strong></span> <span class='ocrx_word' id='word_1_407' title='bbox 1416 4646 1615 4706; x_wconf 87' lang='lat' dir='ltr'><strong>circuli</strong></span> <span class='ocrx_word' id='word_1_408' title='bbox 1663 4645 1919 4706; x_wconf 83' lang='lat' dir='ltr'><strong>inchoati</strong></span> <span class='ocrx_word' id='word_1_409' title='bbox 1964 4649 2021 4705; x_wconf 89' lang='lat' dir='ltr'><strong>in</strong></span> <span class='ocrx_word' id='word_1_410' title='bbox 2071 4650 2122 4709; x_wconf 85' lang='grc' dir='ltr'><strong>Α</strong></span> <span class='ocrx_word' id='word_1_411' title='bbox 2168 4650 2454 4727; x_wconf 78' lang='lat' dir='ltr'><strong>paulatim</strong></span> <span class='ocrx_word' id='word_1_412' title='bbox 2502 4656 2812 4713; x_wconf 82' lang='lat' dir='ltr'><strong>introrsum</strong></span> <span class='ocrx_word' id='word_1_413' title='bbox 2857 4655 3013 4713; x_wconf 88' lang='lat' dir='ltr'><strong>circa</strong></span> <span class='ocrx_word' id='word_1_414' title='bbox 3041 4653 3092 4711; x_wconf 87' lang='lat' dir='ltr'>B</span> <span class='ocrx_word' id='word_1_415' title='bbox 3120 4654 3396 4728; x_wconf 83' lang='lat' dir='ltr'><strong>recipitur</strong></span> <span class='ocrx_word' id='word_1_416' title='bbox 3442 4669 3579 4711; x_wconf 82' lang='lat' dir='ltr'><strong>ver-</strong></span> 
     </span>
     <span class='ocr_line' id='line_1_45' title="bbox 859 4730 3579 4817; baseline 0.002 -25"><span class='ocrx_word' id='word_1_417' title='bbox 859 4748 965 4792; x_wconf 78' lang='lat' dir='ltr'><strong>sus</strong></span> <span class='ocrx_word' id='word_1_418' title='bbox 1010 4730 1244 4804; x_wconf 86' lang='lat' dir='ltr'><strong>Solem,</strong></span> <span class='ocrx_word' id='word_1_419' title='bbox 1309 4732 1472 4793; x_wconf 83' lang='lat' dir='ltr'><strong>velut</strong></span> <span class='ocrx_word' id='word_1_420' title='bbox 1528 4735 1589 4792; x_wconf 89' lang='lat' dir='ltr'><strong>in</strong></span> <span class='ocrx_word' id='word_1_421' title='bbox 1635 4735 2028 4808; x_wconf 77' lang='lat' dir='ltr'><strong>angustiorem</strong></span> <span class='ocrx_word' id='word_1_422' title='bbox 2074 4739 2359 4798; x_wconf 89' lang='lat' dir='ltr'><strong>ambitum</strong></span> <span class='ocrx_word' id='word_1_423' title='bbox 2403 4743 2583 4817; x_wconf 87' lang='lat' dir='ltr'><strong>inque</strong></span> <span class='ocrx_word' id='word_1_424' title='bbox 2628 4744 2901 4799; x_wconf 82' lang='lat' dir='ltr'><strong>virtutem</strong></span> <span class='ocrx_word' id='word_1_425' title='bbox 2955 4749 3325 4817; x_wconf 80' lang='lat' dir='ltr'><strong>prensantem</strong></span> <span class='ocrx_word' id='word_1_426' title='bbox 3368 4739 3579 4799; x_wconf 78' lang='lat' dir='ltr'><strong>sortio-</strong></span> 
     </span>
     <span class='ocr_line' id='line_1_46' title="bbox 859 4819 3579 4904; baseline 0.001 -25"><span class='ocrx_word' id='word_1_427' title='bbox 859 4837 1006 4892; x_wconf 84' lang='lat' dir='ltr'><strong>rem,</strong></span> <span class='ocrx_word' id='word_1_428' title='bbox 1051 4820 1273 4898; x_wconf 72' lang='lat' dir='ltr'><strong>quippe</strong></span> <span class='ocrx_word' id='word_1_429' title='bbox 1319 4819 1664 4894; x_wconf 87' lang='lat' dir='ltr'><strong>densiorem,</strong></span> <span class='ocrx_word' id='word_1_430' title='bbox 1712 4839 1747 4880; x_wconf 89' lang='lat' dir='ltr'><strong>a</strong></span> <span class='ocrx_word' id='word_1_431' title='bbox 1793 4838 1912 4897; x_wconf 86' lang='lat' dir='ltr'><strong>qua</strong></span> <span class='ocrx_word' id='word_1_432' title='bbox 1959 4825 2136 4898; x_wconf 83' lang='lat' dir='ltr'><strong>igitur</strong></span> <span class='ocrx_word' id='word_1_433' title='bbox 2175 4843 2242 4886; x_wconf 84' lang='lat' dir='ltr'><strong>se</strong></span> <span class='ocrx_word' id='word_1_434' title='bbox 2288 4828 2413 4903; x_wconf 84' lang='lat' dir='ltr'><strong>ipse</strong></span> <span class='ocrx_word' id='word_1_435' title='bbox 2458 4830 2651 4888; x_wconf 84' lang='lat' dir='ltr'><strong>minus</strong></span> <span class='ocrx_word' id='word_1_436' title='bbox 2678 4830 2926 4888; x_wconf 80' lang='lat' dir='ltr'><strong>extricat</strong></span> <span class='ocrx_word' id='word_1_437' title='bbox 2965 4843 3157 4904; x_wconf 88' lang='lat' dir='ltr'><strong>eoque</strong></span> <span class='ocrx_word' id='word_1_438' title='bbox 3188 4829 3421 4888; x_wconf 79' lang='lat' dir='ltr'><strong>citatius</strong></span> <span class='ocrx_word' id='word_1_439' title='bbox 3466 4825 3579 4883; x_wconf 84' lang='lat' dir='ltr'><strong>ab·</strong></span> 
     </span>
     <span class='ocr_line' id='line_1_47' title="bbox 861 4899 3576 5019; baseline 0.001 -53"><span class='ocrx_word' id='word_1_440' title='bbox 861 4899 1091 4984; x_wconf 79' lang='lat' dir='ltr'><strong>ripit&#39;ur.</strong></span> <span class='ocrx_word' id='word_1_441' title='bbox 1183 4905 1299 4967; x_wconf 90' lang='lat' dir='ltr'><strong>Hic</strong></span> <span class='ocrx_word' id='word_1_442' title='bbox 1365 4916 1647 4970; x_wconf 83' lang='lat' dir='ltr'><strong>attractus</strong></span> <span class='ocrx_word' id='word_1_443' title='bbox 1707 4911 1874 4969; x_wconf 89' lang='lat' dir='ltr'><strong>initio</strong></span> <span class='ocrx_word' id='word_1_444' title='bbox 1917 4908 2277 4974; x_wconf 82' lang='lat' dir='ltr'><strong>lentissimus</strong></span> <span class='ocrx_word' id='word_1_445' title='bbox 2343 4918 2606 5013; x_wconf 80' lang='lat' dir='ltr'><strong>proxime</strong></span> <span class='ocrx_word' id='word_1_446' title='bbox 2651 4914 2739 4990; x_wconf 78' lang='lat' dir='ltr'><strong>A,</strong></span> <span class='ocrx_word' id='word_1_447' title='bbox 2806 4921 2945 4975; x_wconf 87' lang='lat' dir='ltr'><strong>tunc</strong></span> <span class='ocrx_word' id='word_1_448' title='bbox 3006 4923 3098 4975; x_wconf 89' lang='lat' dir='ltr'><strong>est</strong></span> <span class='ocrx_word' id='word_1_449' title='bbox 3138 4912 3576 5019; x_wconf 59' lang='lat' dir='ltr'><strong>rapidissimus,</strong></span> 
     </span>
     <span class='ocr_line' id='line_1_48' title="bbox 867 4992 3576 5080; baseline -0 -24"><span class='ocrx_word' id='word_1_450' title='bbox 867 4992 1110 5073; x_wconf 80' lang='lat' dir='ltr'><strong>quaudo</strong></span> <span class='ocrx_word' id='word_1_451' title='bbox 1166 4992 1272 5056; x_wconf 85' lang='lat' dir='ltr'><strong>Sol</strong></span> <span class='ocrx_word' id='word_1_452' title='bbox 1326 5002 1514 5057; x_wconf 86' lang='lat' dir='ltr'><strong>totum</strong></span> <span class='ocrx_word' id='word_1_453' title='bbox 1574 4995 2064 5074; x_wconf 83' lang='lat' dir='ltr'><strong>hemisphaerium</strong></span> <span class='ocrx_word' id='word_1_454' title='bbox 2131 4998 2392 5078; x_wconf 84' lang='lat' dir='ltr'><strong>corporis</strong></span> <span class='ocrx_word' id='word_1_455' title='bbox 2450 5002 2759 5080; x_wconf 68' lang='lat' dir='ltr'><strong>planetarii</strong></span> <span class='ocrx_word' id='word_1_456' title='bbox 2821 5005 3072 5064; x_wconf 84' lang='lat' dir='ltr'><strong>amicum</strong></span> <span class='ocrx_word' id='word_1_457' title='bbox 3135 5005 3197 5061; x_wconf 88' lang='lat' dir='ltr'><strong>in</strong></span> <span class='ocrx_word' id='word_1_458' title='bbox 3262 5005 3576 5076; x_wconf 84' lang='lat' dir='ltr'><strong>conspectu</strong></span> 
     </span>
     <span class='ocr_line' id='line_1_49' title="bbox 865 5079 3579 5167; baseline 0 -23"><span class='ocrx_word' id='word_1_459' title='bbox 865 5082 1072 5161; x_wconf 71' lang='lat' dir='ltr'><strong>habet,</strong></span> <span class='ocrx_word' id='word_1_460' title='bbox 1116 5079 1342 5146; x_wconf 81' lang='lat' dir='ltr'><strong>discors</strong></span> <span class='ocrx_word' id='word_1_461' title='bbox 1386 5101 1527 5144; x_wconf 85' lang='lat' dir='ltr'><strong>vero</strong></span> <span class='ocrx_word' id='word_1_462' title='bbox 1555 5091 1741 5146; x_wconf 88' lang='lat' dir='ltr'><strong>totum</strong></span> <span class='ocrx_word' id='word_1_463' title='bbox 1788 5092 1925 5162; x_wconf 83' lang='lat' dir='ltr'><strong>post</strong></span> <span class='ocrx_word' id='word_1_464' title='bbox 1952 5101 2163 5163; x_wconf 82' lang='lat' dir='ltr'><strong>corpus</strong></span> <span class='ocrx_word' id='word_1_465' title='bbox 2205 5088 2481 5167; x_wconf 86' lang='lat' dir='ltr'><strong>planetae</strong></span> <span class='ocrx_word' id='word_1_466' title='bbox 2513 5090 2854 5164; x_wconf 83' lang='lat' dir='ltr'><strong>occultatur,</strong></span> <span class='ocrx_word' id='word_1_467' title='bbox 2900 5089 2959 5150; x_wconf 87' lang='lat' dir='ltr'><strong>id</strong></span> <span class='ocrx_word' id='word_1_468' title='bbox 2999 5098 3091 5151; x_wconf 84' lang='lat' dir='ltr'><strong>est</strong></span> <span class='ocrx_word' id='word_1_469' title='bbox 3134 5086 3368 5167; x_wconf 87' lang='lat' dir='ltr'><strong>qnando</strong></span> <span class='ocrx_word' id='word_1_470' title='bbox 3395 5085 3579 5145; x_wconf 81' lang='lat' dir='ltr'><strong>fibrae</strong></span> 
     </span>
     <span class='ocr_line' id='line_1_50' title="bbox 865 5171 3578 5254; baseline -0.002 -18"><span class='ocrx_word' id='word_1_471' title='bbox 865 5171 1240 5247; x_wconf 61' lang='lat' dir='ltr'><strong>nanneticae</strong></span> <span class='ocrx_word' id='word_1_472' title='bbox 1266 5178 1442 5232; x_wconf 62' lang='lat' dir='ltr'><strong>recta</strong></span> <span class='ocrx_word' id='word_1_473' title='bbox 1486 5171 1813 5247; x_wconf 75' lang='lat' dir='ltr'><strong>diriguntur</strong></span> <span class='ocrx_word' id='word_1_474' title='bbox 1855 5173 1915 5233; x_wconf 90' lang='lat' dir='ltr'><strong>in</strong></span> <span class='ocrx_word' id='word_1_475' title='bbox 1958 5174 2152 5248; x_wconf 84' lang='lat' dir='ltr'><strong>ipsum</strong></span> <span class='ocrx_word' id='word_1_476' title='bbox 2183 5173 2403 5251; x_wconf 82' lang='lat' dir='ltr'><strong>Solem,</strong></span> <span class='ocrx_word' id='word_1_477' title='bbox 2449 5176 2607 5253; x_wconf 88' lang='lat' dir='ltr'><strong>quod</strong></span> <span class='ocrx_word' id='word_1_478' title='bbox 2650 5176 2718 5237; x_wconf 83' lang='lat' dir='ltr'><strong>flt</strong></span> <span class='ocrx_word' id='word_1_479' title='bbox 2759 5179 2913 5237; x_wconf 82' lang='lat' dir='ltr'><strong>cirea</strong></span> <span class='ocrx_word' id='word_1_480' title='bbox 2955 5179 3023 5252; x_wconf 86' lang='lat' dir='ltr'><strong>C,</strong></span> <span class='ocrx_word' id='word_1_481' title='bbox 3069 5174 3450 5254; x_wconf 72' lang='lat' dir='ltr'><strong>quadrantem</strong></span> <span class='ocrx_word' id='word_1_482' title='bbox 3478 5179 3578 5231; x_wconf 88' lang='lat' dir='ltr'><strong>to-</strong></span> 
     </span>
     <span class='ocr_line' id='line_1_51' title="bbox 867 5256 3574 5342; baseline -0.002 -18"><span class='ocrx_word' id='word_1_483' title='bbox 867 5259 988 5328; x_wconf 66' lang='lat' dir='ltr'><strong>tio·</strong></span> <span class='ocrx_word' id='word_1_484' title='bbox 1040 5256 1318 5326; x_wconf 75' lang='lat' dir='ltr'><strong>ambitur·</strong></span> <span class='ocrx_word' id='word_1_485' title='bbox 1355 5258 1683 5342; x_wconf 77' lang='lat' dir='ltr'><strong>circularis,</strong></span> <span class='ocrx_word' id='word_1_486' title='bbox 1740 5260 1878 5328; x_wconf 83' lang='lat' dir='ltr'><strong>inde</strong></span> <span class='ocrx_word' id='word_1_487' title='bbox 1935 5277 2138 5326; x_wconf 70' lang='lat' dir='ltr'><strong>venus</strong></span> <span class='ocrx_word' id='word_1_488' title='bbox 2180 5261 2240 5324; x_wconf 90' lang='lat' dir='ltr'>D</span> <span class='ocrx_word' id='word_1_489' title='bbox 2282 5280 2511 5327; x_wconf 76' lang='lat' dir='ltr'><strong>rursum</strong></span> <span class='ocrx_word' id='word_1_490' title='bbox 2552 5266 2851 5328; x_wconf 76' lang='lat' dir='ltr'><strong>remissior</strong></span> <span class='ocrx_word' id='word_1_491' title='bbox 2902 5265 2971 5329; x_wconf 79' lang='lat' dir='ltr'><strong>fit</strong></span> <span class='ocrx_word' id='word_1_492' title='bbox 3012 5265 3110 5327; x_wconf 84' lang='lat' dir='ltr'><strong>bic</strong></span> <span class='ocrx_word' id='word_1_493' title='bbox 3167 5265 3453 5324; x_wconf 67' lang='lat' dir='ltr'><strong>atu-acuis</strong></span> <span class='ocrx_word' id='word_1_494' title='bbox 3494 5257 3574 5318; x_wconf 73' lang='lat' dir='ltr'><strong>ed</strong></span> 
     </span>
    </p>
   </div>
   <div class='ocr_carea' id='block_1_5' title="bbox 2576 3298 3483 4243">
    <p class='ocr_par' dir='ltr' id='par_1_12' title="bbox 2576 3298 3483 4243">
     <span class='ocr_line' id='line_1_52' title="bbox 2576 3298 3483 4243; baseline 0 0"><span class='ocrx_word' id='word_1_495' title='bbox 2576 3298 3483 4243; x_wconf 95' lang='lat' dir='ltr'><strong> </strong></span> 
     </span>
    </p>
   </div>
  </div>
 </body>
</html>
