4459 6275
442 783 505 845 sta
965 748 1316 852 spumeum„

441 959 563 1018 umus
589 961 739 1020 mouentis
767 966 911 1038 omipot,
938 959 990 1019 sed
1019 960 1215 1038 mniertioms
1243 962 1355 1019 eiiam
1387 962 1617 1035 quaeepotius
1646 960 1798 1037 indeuia

440 1063 536 1122 quam
562 1048 597 1105 iu
626 1047 739 1122 simpla
763 1049 974 1122 proportionis
1001 1047 1237 1108 intervallorum
1266 1063 1372 1106 moros
1391 1046 1552 1107 estendere
1571 1046 1703 1109 debuit?
1736 1046 1798 1107 lma

441 1140 471 1191 et
499 1132 576 1194 idem
606 1131 712 1194 dicitur
738 1132 938 1213 quod·snprs
965 1140 996 1195 ct
1024 1133 1102 1195 idem
1129 1132 1331 1212 respondetur.
1375 1133 1441 1193 Etsi
1462 1136 1540 1195 enim
1560 1133 1710 1197 Samum
1730 1144 1797 1215 tuae

440 1220 526 1281 nobis
555 1235 614 1281 non
644 1219 840 1283 descendebat
870 1223 901 1281 in
929 1221 1029 1281 orbem
1051 1221 1175 1291 Terrae.
1212 1221 1456 1297 comparabimus
1485 1230 1584 1282 tamen
1612 1238 1684 1283 cuar
1702 1225 1798 1299 spatio

441 1305 749 1370 umidissimum
778 1316 940 1387 occupatae
970 1326 1030 1369 non
1051 1311 1180 1386 spatium
1203 1317 1317 1370 tantum
1339 1311 1505 1369 sinuosum
1527 1308 1574 1384 id,
1605 1309 1688 1386 qnod
1709 1308 1799 1370 Terra

441 1397 473 1455 in
494 1396 564 1457 orbe
579 1394 698 1456 Saturni
722 1397 826 1458 luisset
848 1404 1036 1475 occupatura,
1059 1396 1112 1458 sed
1134 1398 1253 1457 omuino
1275 1396 1316 1470 id,
1340 1394 1421 1473 quod
1436 1396 1527 1457 'lurra
1549 1399 1580 1456 in
1601 1414 1660 1459 sun
1681 1400 1798 1476 peopm

441 1481 510 1544 orbe
533 1493 700 1561 occuparet
746 1483 824 1562 Ergo
849 1494 882 1545 ut
902 1487 1001 1562 prius,
1025 1484 1105 1563 quod
1127 1485 1315 1545 confertiores
1337 1493 1407 1545 suut
1428 1483 1547 1560 circuli,
1578 1483 1609 1545 id
1631 1493 1680 1546 eat
1701 1492 1798 1547 trasa-

441 1570 626 1632 seribeudum
656 1572 766 1648 speciei
796 1576 942 1649 corporis,
972 1590 1049 1649 quae
1079 1572 1248 1632 distinctum
1271 1570 1343 1648 quid
1366 1578 1413 1633 est
1434 1572 1473 1632 en
1495 1572 1669 1633 minuente
1692 1572 1797 1633 uirtus

441 1665 590 1732 monente,
613 1675 690 1735 qnae
712 1660 742 1717 in
766 1659 861 1719 solem
882 1658 1096 1736 longitudinem
1119 1657 1251 1734 tendens,
1274 1658 1346 1717 nihil
1369 1660 1445 1719 lucri
1466 1662 1575 1738 accipit
1597 1661 1637 1721 ab
1660 1660 1798 1721 iliasub-

437 1745 511 1822 jeetl
540 1747 586 1805 sui
617 1746 846 1807 condensatione
874 1749 903 1805 in
932 1746 1040 1821 latum,
1072 1749 1129 1806 nisi
1159 1745 1240 1823 quod
1262 1744 1340 1806 lines
1363 1749 1474 1819 tennis,
1505 1746 1666 1809 isumdiue
1687 1764 1798 1821 areu,

333 1836 338 1853 '
438 1834 602 1893 naturalem
626 1835 686 1894 rim
709 1833 821 1894 nullam
843 1850 880 1894 ne
903 1836 934 1892 in
955 1832 1077 1911 longum
1099 1834 1220 1911 quidem
1240 1832 1350 1907 habet;
1378 1834 1430 1894 ubi
1453 1834 1522 1895 talis
1545 1833 1646 1896 lineas
1668 1833 1797 1895 istitudo

438 1934 497 1980 non
525 1919 672 1983 densitate
694 1920 747 1982 aed
769 1923 867 1999 spatio
890 1931 1040 1996 censetur,
1070 1930 1189 1999 propter
1210 1922 1306 1997 ipsam
1328 1919 1392 1981 scil.
1416 1937 1572 1999 corporum
1595 1921 1797 1984 vehendos-

329 2028 331 2033 ·
439 2008 634 2083 latitudinem,
657 2015 803 2087 utsupra
825 2011 914 2070 etiam
936 2011 1046 2069 monui.

816 2146 855 2209 V.
886 2148 938 2211 De
960 2146 1130 2211 Telluris
1152 2155 1258 2209 motu
1280 2164 1417 2210 annuo.

529 2271 655 2330 Terram
685 2273 782 2348 icitur
807 2270 881 2331 naec
906 2270 1066 2349 Oopemioi
1090 2270 1282 2345 philosophia
1308 2270 1386 2348 iacit
1413 2286 1515 2329 rusum
1543 2287 1583 2331 ea
1605 2272 1746 2347 plum
1771 2282 1797 2333 ei

436 2361 518 2418 'amer
538 2358 640 2418 uderu
661 2358 853 2436 circumfert3
877 2377 1003 2436 quaero,
1026 2356 1101 2434 qiud
1119 2364 1244 2433 praeter
1264 2357 1348 2416 dicia
1367 2360 1549 2433 requiratur
1570 2358 1615 2417 od
1625 2360 1796 2437 [acilium

436 2446 586 2523 dwmutis
616 2453 929 2523 orpumeuiorumque
954 2445 1202 2522 perceptionem?
1232 2444 1306 2505 Cum
1330 2443 1458 2505 Telluris
1485 2452 1585 2505 motus
1605 2463 1728 2507 anuana
1748 2446 1795 2509 flu

438 2535 630 2607 neceesanua
652 2540 765 2594 statuta
787 2535 886 2610 quiete
908 2535 998 2594 centri
1021 2531 1099 2598 Solis
1122 2533 1152 2590 in
1174 2540 1275 2593 centro
1296 2531 1415 2605 muudi,
1445 2531 1651 2610 ciliciumque
1671 2552 1710 2595 ex
1733 2552 1795 2595 eor·

437 2623 516 2699 porta
539 2619 651 2681 Solaria
674 2624 865 2683 contusione
888 2622 917 2680 in
940 2620 992 2680 illo
1012 2622 1128 2698 matio,
1159 2626 1189 2680 et
1211 2619 1298 2697 piane
1320 2618 1408 2679 tollat
1429 2621 1584 2680 veritatem
1608 2624 1750 2682 stationis
1769 2630 1796 2683 st

440 2708 699 2786 retrogradationis
728 2708 913 2785 planetarum
942 2725 1067 2784 eamque
1093 2724 1145 2784 per
1173 2724 1284 2767 meram
1312 2705 1516 2784 deceptionem
1546 2710 1631 2769 viana
1668 2718 1795 2783 samaa

439 2795 663 2873 distinguendae
693 2805 764 2858 sunt
794 2795 950 2873 diligenter
977 2798 1166 2874 quaestiones
1188 2797 1277 2856 istae:
1312 2796 1342 2869 1)
1366 2795 1413 2853 An
1435 2793 1488 2854 Sol
1518 2796 1549 2852 iu
1572 2804 1676 2857 osnuu
1697 2796 1795 2859 mund

436 2883 577 2945 unumst
601 2883 632 2961 i)
656 2884 704 2944 Αιι
720 2885 806 2946 orbes
830 2901 931 2946 omues
945 2886 1076 2962 quinque
1098 2881 1281 2959 planetarum
1303 2889 1334 2941 ct
1347 2881 1455 2942 'l‘errae
1477 2880 1594 2942 illorum
1608 2882 1703 2944 medii
1723 2888 1796 2946 eirea

436 2970 535 3032 Solem
558 2972 838 3047 summduottstnt,
862 2972 905 3033 sio
929 2980 963 3031 ut
984 2970 1036 3031 Sol
1059 2972 1089 3028 in
1112 2970 1243 3029 omnium
1264 2967 1420 3046 complexu
1440 2967 1503 3028 siti
1536 2966 1569 3047 ii)
1597 2970 1648 3031 An
1670 2970 1726 3032 Sol
1747 2988 1795 3033 us·

436 3068 525 3136 supet
539 3066 668 3121 manum
682 3062 779 3138 ipsum
802 3061 893 3119 totius
906 3060 1076 3138 systematis
1097 3055 1262 3133 planetarii,
1285 3072 1323 3116 an
1347 3073 1417 3117 tero
1439 3064 1558 3132 propter
1579 3057 1611 3117 id
1633 3060 1794 3121 conaimi

435 3146 468 3225 l)
491 3147 630 3225 Ipsumne
653 3148 709 3209 hoc
732 3157 862 3208 centrum
884 3148 1054 3226 systematis
1077 3158 1106 3205 et
1130 3147 1159 3203 in
1182 3162 1218 3206 eo
1233 3143 1285 3205 Sol
1308 3162 1406 3205 annuo
1430 3150 1512 3205 motu
1527 3148 1700 3224 circumeat,
1722 3163 1794 3208 auus

435 3238 543 3311 potius,
566 3234 636 3296 Sole
659 3244 795 3295 manente
817 3235 969 3305 immobili,
993 3234 1083 3294 Terra
1098 3241 1209 3292 motum
1230 3249 1361 3292 annuum
1374 3232 1485 3294 lrabeat
1505 3250 1558 3310 psr
1576 3245 1680 3312 partes
1702 3253 1793 3314 oppo-

437 3325 510 3382 situs
532 3339 642 3395 eurum,
664 3324 719 3383 sub
743 3323 851 3400 quibus
873 3322 926 3383 Sol
950 3324 1059 3381 versari
1082 3330 1202 3396 putetur
1225 3323 1332 3397 quovis
1354 3319 1510 3398 tempore?

521 3410 658 3470 Prodasti
678 3428 785 3486 supro,
810 3411 910 3471 &tem
933 3427 992 3470 esee
1019 3409 1048 3486 l)
1072 3412 1102 3467 in
1126 3416 1227 3467 centro
1248 3408 1396 3483 sphaerae
1416 3410 1566 3485 tinorum:
1591 3412 1696 3485 prodo
1714 3429 1795 3470 usare

434 3500 541 3571 moen,
575 3498 659 3573 quod
679 3501 705 3557 is
725 3501 764 3557 sit
786 3497 817 3578 2)
839 3502 925 3558 intro
947 3497 1137 3569 complexum
1161 3496 1283 3554 orbium
1302 3497 1559 3570 planetariomtm.
1605 3497 1709 3558 Solem
1732 3517 1793 3559 saar

436 3586 465 3643 in
488 3584 585 3644 medio
609 3586 811 3645 emunitionem
826 3586 1064 3663 planetarisrum,
1088 3583 1229 3658 probetur
1243 3584 1337 3658 primo
1356 3584 1394 3644 ub
1411 3582 1562 3644 accidente
1583 3595 1684 3644 motus
1699 3585 1793 3662 huju,

435 3687 476 3730 sc.
500 3671 539 3731 ab
561 3675 733 3749 apparentia
755 3677 916 3733 stationum
939 3680 968 3732 et
990 3668 1288 3745 retrogradationum,
1312 3687 1389 3747 quae
1412 3673 1495 3731 visus
1516 3679 1562 3731 est
1584 3671 1721 3744 fallacia,
1750 3673 1794 3733 sel

435 3759 532 3831 etism,
556 3776 622 3819 cum
636 3760 739 3822 directi
763 3759 919 3821 celeriores
933 3759 1077 3830 videntur,
1101 3775 1191 3833 quam
1213 3775 1244 3816 re
1259 3774 1329 3818 uera
1351 3765 1427 3818 sunt
1473 3757 1547 3818 Nem
1568 3768 1601 3819 ut
1619 3762 1793 3837 incipiemus

437 3847 475 3907 ab
499 3846 693 3919 inieuorihus,
713 3849 774 3924 jam
799 3848 944 3908 duduma
966 3845 1066 3905 multis
1077 3844 1193 3918 seculis,
1209 3843 1415 3906 Ptolemaeum
1430 3848 1571 3906 insecutis
1593 3845 1640 3927 (ut
1656 3846 1693 3908 de
1710 3861 1793 3909 vetu-

435 3936 564 3994 stissimo
581 3936 749 3996 Aristarcho
771 3936 844 3994 nihil
863 3937 927 4011 jem
950 3934 1106 4006 dicemus),
1129 3931 1261 3991 suboluit
1278 3935 1457 4005 auctoribus,
1483 3933 1630 3994 Martiano
1644 3935 1792 4012 Capellae,

434 4022 585 4099 Campano
608 4031 637 4083 et
651 4022 726 4097 aliis,
750 4023 810 4084 fieri
827 4023 912 4083 aliter
927 4039 985 4080 nou
999 4037 1096 4098 posse,
1122 4028 1153 4078 ut
1168 4019 1230 4092 Sol,
1256 4019 1355 4081 Venus
1372 4028 1402 4081 et
1416 4020 1577 4081 Mercurius
1596 4021 1726 4083 eandem
1740 4023 1793 4084 lta·

435 4109 525 4169 beent
545 4109 699 4186 periodum
722 4113 869 4186 temporis,
892 4126 1020 4169 annuam
1043 4107 1170 4181 scilicet,
1194 4109 1251 4166 nisi
1272 4111 1362 4168 etiem
1385 4109 1511 4170 eundern
1532 4109 1664 4170 habeant
1685 4112 1792 4184 orbem,

436 4205 466 4256 et
492 4196 544 4256 Sol
575 4206 704 4258 centrum
733 4198 866 4257 obtineat
892 4196 1015 4256 duorum
1046 4196 1161 4255 orbium
1190 4194 1313 4256 Veneris
1343 4204 1373 4256 et
1401 4195 1552 4270 Mercurii,
1581 4197 1686 4275 illique
1715 4202 1792 4260 eires

434 4282 533 4343 Solem
557 4287 695 4346 cursitent
711 4281 766 4364 ⁶⁶):
798 4303 857 4366 qua
879 4287 992 4345 satione
1014 4283 1063 4357 iit,
1088 4292 1120 4342 ut
1141 4283 1172 4341 hi
1195 4283 1347 4361 planctae,
1371 4300 1438 4343 cum
1460 4283 1622 4358 retrogradi
1646 4284 1791 4354 uidentur.

433 4386 492 4428 non
514 4373 617 4433 sintne
632 4390 703 4434 vers
717 4373 887 4450 retrogradi,
911 4372 963 4434 sed
978 4379 1101 4450 pergent
1123 4371 1246 4430 eundem
1262 4373 1341 4429 siem
1363 4373 1419 4432 sub
1442 4372 1517 4445 lixis,
1540 4372 1642 4433 Solem
1666 4376 1790 4435 circum·

436 4457 546 4516 eundo:
570 4458 600 4518 ld
623 4462 702 4537 qnod
725 4471 847 4521 naturae
871 4479 965 4521 rerum
988 4460 1160 4521 coelestium
1182 4460 1277 4533 magis
1298 4466 1361 4518 erut
1383 4467 1621 4520 consentaneum.

520 4545 606 4607 Hanc
627 4553 908 4626 argumentationem
922 4558 990 4608 unte
1011 4562 1122 4623 paucos
1136 4561 1229 4604 estnon
1243 4544 1406 4606 clarissime
1422 4545 1672 4609 demonstratione
1687 4549 1792 4610 conir-

434 4634 527 4693 inavit
535 4633 697 4706 Galileeus,
709 4635 823 4697 detecta
834 4653 885 4711 per
896 4635 1085 4711 telescopium
1098 4631 1309 4692 illuminatione
1319 4632 1450 4706 Veneris,
1462 4651 1538 4709 quae
1550 4651 1615 4694 cum
1627 4635 1792 4698 scidisset·

436 4728 464 4779 et
473 4719 535 4780 Soli
549 4724 653 4795 vicine,
674 4723 828 4782 rotundam
844 4721 933 4780 hebet
944 4721 1074 4796 ligurem,
1090 4738 1156 4780 cum
1170 4720 1347 4795 retrograda.
1360 4721 1580 4781 corniculatam.
1608 4734 1670 4794 (etr.
1688 4731 1746 4782 vot.
1761 4731 1792 4782 ti.

433 4830 459 4878 p.
476 4818 547 4872 aee.)
592 4809 669 4868 Hinc
691 4811 766 4868 enim
790 4809 934 4868 evincitur
962 4810 1135 4882 certissime,
1167 4817 1196 4867 ct
1225 4806 1467 4869 illuminationem
1497 4810 1562 4886 ejus
1584 4827 1651 4870 esse
1673 4830 1692 4870 a
1715 4809 1790 4878 Sole,

436 4905 465 4955 st
486 4896 578 4970 illam,
602 4895 719 4971 quando
742 4894 867 4955 rotunda
889 4904 1012 4972 apparet
1027 4904 1057 4954 et
1078 4895 1187 4955 directe
1209 4892 1327 4970 incedit,
1351 4895 1550 4973 supreSolern
1574 4915 1651 4972 esse,
1674 4896 1792 4974 quando

435 4983 615 5042 corniculata
638 4991 667 5041 et
688 4982 866 5057 retrograde,
890 4985 964 5043 inite
987 4981 1098 5055 Solem,
1121 4991 1153 5043 et
1173 4985 1216 5042 sic
1238 4985 1315 5042 circa
1337 4983 1436 5043 Solem
1459 4987 1622 5047 circumire.
1661 4985 1792 5046 Demoa-

433 5073 535 5128 stratio
562 5070 649 5145 hujus
671 5070 713 5128 rei
736 5067 810 5129 lucis
832 5086 922 5130 cause
952 5070 1146 5145 conjungetur
1178 5086 1244 5129 cum
1267 5069 1515 5132 demonstretioue
1543 5072 1791 5134 illuminationum

435 5155 534 5215 lmnse
550 5157 674 5228 iiisett
705 5156 747 5215 lle
767 5156 913 5217 Mercurio
936 5175 994 5216 non
1010 5157 1163 5215 dissimilia
1183 5158 1293 5233 proiert
1308 5157 1420 5218 Marius
1442 5169 1497 5232 (etr.
1517 5167 1576 5219 vni.
1602 5167 1636 5217 11.
1660 5183 1687 5230 p.
1711 5169 1789 5230 steri,

433 5241 565 5316 ejusdem
585 5243 737 5320 telescopii
764 5247 926 5305 ministerio
953 5243 1136 5321 deprehensa
1158 5244 1277 5305 luminis
1297 5245 1500 5308 imbecillitate
1526 5245 1727 5310 descendants
1752 5245 1790 5308 ad
