<?xml version="1.0" encoding="UTF-8"?>
<!DOCTYPE html PUBLIC "-//W3C//DTD XHTML 1.0 Transitional//EN"
    "http://www.w3.org/TR/xhtml1/DTD/xhtml1-transitional.dtd">
<html xmlns="http://www.w3.org/1999/xhtml" xml:lang="en" lang="en">
 <head>
  <title>
</title>
<meta http-equiv="Content-Type" content="text/html;charset=utf-8" />
  <meta name='ocr-system' content='tesseract 3.04.00' />
  <meta name='ocr-capabilities' content='ocr_page ocr_carea ocr_par ocr_line ocrx_word'/>
</head>
<body>
  <div class='ocr_page' id='page_1' title='image "./joanniskepleria03frisgoog/joanniskepleria03frisgoog_0329.png"; bbox 0 0 4459 6275; ppageno 0'>
   <div class='ocr_carea' id='block_1_1' title="bbox 882 764 1792 835">
    <p class='ocr_par' dir='ltr' id='par_1_1' title="bbox 882 764 1792 835">
     <span class='ocr_line' id='line_1_1' title="bbox 882 764 1792 835; baseline 0.013 -13"><span class='ocrx_word' id='word_1_1' title='bbox 882 767 966 825; x_wconf 83' lang='lat' dir='ltr'><strong>Liber</strong></span> <span class='ocrx_word' id='word_1_2' title='bbox 983 765 1110 835; x_wconf 78' lang='lat' dir='ltr'><strong>Quartus</strong></span> <span class='ocrx_word' id='word_1_3' title='bbox 1146 764 1216 823; x_wconf 85' lang='lat' dir='ltr'><strong>Para</strong></span> <span class='ocrx_word' id='word_1_4' title='bbox 1233 764 1332 823; x_wconf 88' lang='lat' dir='ltr'><strong>Prima.</strong></span> <span class='ocrx_word' id='word_1_5' title='bbox 1729 772 1792 834; x_wconf 81' lang='lat' dir='ltr'><strong>stt</strong></span> 
     </span>
    </p>
   </div>
   <div class='ocr_carea' id='block_1_2' title="bbox 515 937 1745 1079">
    <p class='ocr_par' dir='ltr' id='par_1_2' title="bbox 515 937 1745 1079">
     <span class='ocr_line' id='line_1_2' title="bbox 515 937 1745 1013; baseline -0.011 -6"><span class='ocrx_word' id='word_1_6' title='bbox 515 947 636 1006; x_wconf 82' lang='lat' dir='ltr'><strong>Tiseoria</strong></span> <span class='ocrx_word' id='word_1_7' title='bbox 654 943 772 1009; x_wconf 73' lang='lat' dir='ltr'><strong>Summi,</strong></span> <span class='ocrx_word' id='word_1_8' title='bbox 789 941 874 1013; x_wconf 82' lang='lat' dir='ltr'><strong>loris,</strong></span> <span class='ocrx_word' id='word_1_9' title='bbox 893 941 990 998; x_wconf 81' lang='lat' dir='ltr'><strong>Martis</strong></span> <span class='ocrx_word' id='word_1_10' title='bbox 1009 947 1037 995; x_wconf 85' lang='lat' dir='ltr'><strong>at</strong></span> <span class='ocrx_word' id='word_1_11' title='bbox 1116 939 1235 997; x_wconf 81' lang='lat' dir='ltr'><strong>Thouria</strong></span> <span class='ocrx_word' id='word_1_12' title='bbox 1252 937 1377 1010; x_wconf 75' lang='lat' dir='ltr'><strong>Telluris,</strong></span> <span class='ocrx_word' id='word_1_13' title='bbox 1395 938 1518 1009; x_wconf 84' lang='lat' dir='ltr'><strong>Veneris,</strong></span> <span class='ocrx_word' id='word_1_14' title='bbox 1535 939 1673 1012; x_wconf 78' lang='lat' dir='ltr'>Mercurii,</span> <span class='ocrx_word' id='word_1_15' title='bbox 1689 956 1745 999; x_wconf 85' lang='lat' dir='ltr'><strong>am·</strong></span> 
     </span>
     <span class='ocr_line' id='line_1_3' title="bbox 713 1007 1608 1079; baseline -0.002 -9"><span class='ocrx_word' id='word_1_16' title='bbox 713 1014 838 1071; x_wconf 87' lang='lat' dir='ltr'><strong>Telluris</strong></span> <span class='ocrx_word' id='word_1_17' title='bbox 1267 1008 1353 1079; x_wconf 84' lang='lat' dir='ltr'><strong>plistu</strong></span> <span class='ocrx_word' id='word_1_18' title='bbox 1370 1009 1461 1065; x_wconf 87' lang='lat' dir='ltr'><strong>orbita</strong></span> <span class='ocrx_word' id='word_1_19' title='bbox 1478 1007 1608 1068; x_wconf 84' lang='lat' dir='ltr'><strong>Telluris.</strong></span> 
     </span>
    </p>
   </div>
   <div class='ocr_carea' id='block_1_3' title="bbox 431 2539 1801 2883">
    <p class='ocr_par' dir='ltr' id='par_1_3' title="bbox 431 2539 1801 2883">
     <span class='ocr_line' id='line_1_4' title="bbox 528 2539 1798 2622; baseline -0.002 -18"><span class='ocrx_word' id='word_1_20' title='bbox 528 2543 600 2622; x_wconf 81' lang='lat' dir='ltr'><strong>Qun</strong></span> <span class='ocrx_word' id='word_1_21' title='bbox 621 2559 768 2604; x_wconf 81' lang='lat' dir='ltr'><strong>mensuro</strong></span> <span class='ocrx_word' id='word_1_22' title='bbox 794 2539 978 2617; x_wconf 65' lang='lat' dir='ltr'><strong>asponiam</strong></span> <span class='ocrx_word' id='word_1_23' title='bbox 1000 2539 1166 2602; x_wconf 72' lang='lat' dir='ltr'><strong>adnectitur</strong></span> <span class='ocrx_word' id='word_1_24' title='bbox 1194 2542 1359 2603; x_wconf 75' lang='lat' dir='ltr'><strong>laurealis</strong></span> <span class='ocrx_word' id='word_1_25' title='bbox 1378 2542 1514 2619; x_wconf 81' lang='lat' dir='ltr'><strong>planctis</strong></span> <span class='ocrx_word' id='word_1_26' title='bbox 1533 2540 1686 2620; x_wconf 80' lang='lat' dir='ltr'><strong>sinpulis?</strong></span> <span class='ocrx_word' id='word_1_27' title='bbox 1711 2539 1798 2603; x_wconf 81' lang='lat' dir='ltr'><strong>lien·</strong></span> 
     </span>
     <span class='ocr_line' id='line_1_5' title="bbox 435 2628 1801 2708; baseline -0.001 -18"><span class='ocrx_word' id='word_1_28' title='bbox 435 2646 507 2690; x_wconf 91' lang='lat' dir='ltr'><strong>sura</strong></span> <span class='ocrx_word' id='word_1_29' title='bbox 531 2630 581 2691; x_wconf 89' lang='lat' dir='ltr'><strong>hic</strong></span> <span class='ocrx_word' id='word_1_30' title='bbox 604 2630 744 2691; x_wconf 90' lang='lat' dir='ltr'><strong>utendum</strong></span> <span class='ocrx_word' id='word_1_31' title='bbox 758 2628 844 2688; x_wconf 89' lang='lat' dir='ltr'><strong>nobis</strong></span> <span class='ocrx_word' id='word_1_32' title='bbox 868 2635 912 2687; x_wconf 86' lang='lat' dir='ltr'><strong>cst</strong></span> <span class='ocrx_word' id='word_1_33' title='bbox 926 2629 1155 2704; x_wconf 74' lang='lat' dir='ltr'><strong>proportionata,</strong></span> <span class='ocrx_word' id='word_1_34' title='bbox 1180 2628 1217 2690; x_wconf 90' lang='lat' dir='ltr'><strong>ad</strong></span> <span class='ocrx_word' id='word_1_35' title='bbox 1234 2647 1322 2708; x_wconf 86' lang='lat' dir='ltr'><strong>quarn</strong></span> <span class='ocrx_word' id='word_1_36' title='bbox 1337 2631 1500 2708; x_wconf 88' lang='lat' dir='ltr'><strong>comparari</strong></span> <span class='ocrx_word' id='word_1_37' title='bbox 1513 2636 1638 2699; x_wconf 54' lang='lat' dir='ltr'><strong>,ceteras</strong></span> <span class='ocrx_word' id='word_1_38' title='bbox 1657 2628 1801 2707; x_wconf 87' lang='lat' dir='ltr'><strong>sphaerae</strong></span> 
     </span>
     <span class='ocr_line' id='line_1_6' title="bbox 431 2715 1799 2796; baseline 0.001 -20"><span class='ocrx_word' id='word_1_39' title='bbox 431 2718 553 2795; x_wconf 87' lang='lat' dir='ltr'><strong>possint</strong></span> <span class='ocrx_word' id='word_1_40' title='bbox 573 2718 722 2796; x_wconf 81' lang='lat' dir='ltr'><strong>nobisque</strong></span> <span class='ocrx_word' id='word_1_41' title='bbox 744 2717 875 2794; x_wconf 89' lang='lat' dir='ltr'><strong>proxime</strong></span> <span class='ocrx_word' id='word_1_42' title='bbox 897 2730 1028 2774; x_wconf 85' lang='lat' dir='ltr'><strong>connexa</strong></span> <span class='ocrx_word' id='word_1_43' title='bbox 1052 2724 1081 2776; x_wconf 91' lang='lat' dir='ltr'><strong>st</strong></span> <span class='ocrx_word' id='word_1_44' title='bbox 1096 2719 1140 2777; x_wconf 91' lang='lat' dir='ltr'><strong>sic</strong></span> <span class='ocrx_word' id='word_1_45' title='bbox 1162 2718 1248 2778; x_wconf 89' lang='lat' dir='ltr'><strong>nobis</strong></span> <span class='ocrx_word' id='word_1_46' title='bbox 1264 2715 1481 2794; x_wconf 87' lang='lat' dir='ltr'><strong>quodammodo</strong></span> <span class='ocrx_word' id='word_1_47' title='bbox 1504 2725 1593 2777; x_wconf 82' lang='lat' dir='ltr'><strong>note:</strong></span> <span class='ocrx_word' id='word_1_48' title='bbox 1616 2735 1653 2778; x_wconf 89' lang='lat' dir='ltr'><strong>ea</strong></span> <span class='ocrx_word' id='word_1_49' title='bbox 1675 2722 1799 2778; x_wconf 86' lang='lat' dir='ltr'><strong>estam-</strong></span> 
     </span>
     <span class='ocr_line' id='line_1_7' title="bbox 433 2801 1801 2883; baseline 0.001 -20"><span class='ocrx_word' id='word_1_50' title='bbox 433 2804 554 2883; x_wconf 87' lang='lat' dir='ltr'><strong>plitudo</strong></span> <span class='ocrx_word' id='word_1_51' title='bbox 577 2805 668 2880; x_wconf 86' lang='lat' dir='ltr'><strong>orbis,</strong></span> <span class='ocrx_word' id='word_1_52' title='bbox 699 2805 729 2864; x_wconf 90' lang='lat' dir='ltr'><strong>ln</strong></span> <span class='ocrx_word' id='word_1_53' title='bbox 753 2820 812 2881; x_wconf 87' lang='lat' dir='ltr'><strong>quo</strong></span> <span class='ocrx_word' id='word_1_54' title='bbox 836 2810 965 2863; x_wconf 76' lang='lat' dir='ltr'>centrum</span> <span class='ocrx_word' id='word_1_55' title='bbox 988 2801 1114 2865; x_wconf 89' lang='lat' dir='ltr'><strong>Telluris</strong></span> <span class='ocrx_word' id='word_1_56' title='bbox 1144 2804 1328 2883; x_wconf 84' lang='lat' dir='ltr'><strong>orbicullque</strong></span> <span class='ocrx_word' id='word_1_57' title='bbox 1350 2805 1453 2866; x_wconf 88' lang='lat' dir='ltr'><strong>Lunae</strong></span> <span class='ocrx_word' id='word_1_58' title='bbox 1480 2805 1589 2865; x_wconf 88' lang='lat' dir='ltr'><strong>circum</strong></span> <span class='ocrx_word' id='word_1_59' title='bbox 1610 2802 1711 2865; x_wconf 81' lang='lat' dir='ltr'><strong>Solem</strong></span> <span class='ocrx_word' id='word_1_60' title='bbox 1733 2821 1801 2865; x_wconf 86' lang='lat' dir='ltr'><strong>rer·</strong></span> 
     </span>
    </p>
   </div>
   <div class='ocr_carea' id='block_1_4' title="bbox 433 2889 1905 2970">
    <p class='ocr_par' dir='ltr' id='par_1_4' title="bbox 433 2889 1905 2970">
     <span class='ocr_line' id='line_1_8' title="bbox 433 2889 1905 2970; baseline -0.001 -17"><span class='ocrx_word' id='word_1_61' title='bbox 433 2900 549 2968; x_wconf 81' lang='lat' dir='ltr'><strong>tratur,</strong></span> <span class='ocrx_word' id='word_1_62' title='bbox 572 2909 627 2954; x_wconf 90' lang='lat' dir='ltr'><strong>seu</strong></span> <span class='ocrx_word' id='word_1_63' title='bbox 649 2893 714 2970; x_wconf 85' lang='lat' dir='ltr'><strong>ejtrs</strong></span> <span class='ocrx_word' id='word_1_64' title='bbox 737 2890 963 2964; x_wconf 88' lang='lat' dir='ltr'><strong>semidiameter‚</strong></span> <span class='ocrx_word' id='word_1_65' title='bbox 986 2890 1035 2949; x_wconf 86' lang='lat' dir='ltr'><strong>vei</strong></span> <span class='ocrx_word' id='word_1_66' title='bbox 1059 2891 1201 2954; x_wconf 75' lang='lat' dir='ltr'><strong>distantia</strong></span> <span class='ocrx_word' id='word_1_67' title='bbox 1215 2891 1341 2953; x_wconf 76' lang='lat' dir='ltr'><strong>Telluris</strong></span> <span class='ocrx_word' id='word_1_68' title='bbox 1364 2890 1482 2953; x_wconf 82' lang='lat' dir='ltr'><strong>asnis.</strong></span> <span class='ocrx_word' id='word_1_69' title='bbox 1525 2890 1611 2953; x_wconf 88' lang='lat' dir='ltr'><strong>Haec</strong></span> <span class='ocrx_word' id='word_1_70' title='bbox 1633 2890 1726 2952; x_wconf 83' lang='lat' dir='ltr'><strong>veluti</strong></span> <span class='ocrx_word' id='word_1_71' title='bbox 1746 2889 1802 2952; x_wconf 86' lang='lat' dir='ltr'><strong>dc·</strong></span> <span class='ocrx_word' id='word_1_72' title='bbox 1900 2914 1905 2921; x_wconf 61' lang='lat'>¹</span> 
     </span>
    </p>
   </div>
   <div class='ocr_carea' id='block_1_5' title="bbox 434 2976 1860 4550">
    <p class='ocr_par' dir='ltr' id='par_1_5' title="bbox 434 2976 1802 3498">
     <span class='ocr_line' id='line_1_9' title="bbox 436 2976 1799 3057; baseline 0 -16"><span class='ocrx_word' id='word_1_73' title='bbox 436 2978 581 3057; x_wconf 87' lang='lat' dir='ltr'><strong>cempeds</strong></span> <span class='ocrx_word' id='word_1_74' title='bbox 608 2988 654 3041; x_wconf 90' lang='lat' dir='ltr'><strong>est</strong></span> <span class='ocrx_word' id='word_1_75' title='bbox 682 2977 905 3041; x_wconf 91' lang='lat' dir='ltr'><strong>accommodata</strong></span> <span class='ocrx_word' id='word_1_76' title='bbox 934 2980 1073 3054; x_wconf 71' lang='lat' dir='ltr'><strong>negotio,</strong></span> <span class='ocrx_word' id='word_1_77' title='bbox 1103 2979 1206 3040; x_wconf 89' lang='lat' dir='ltr'><strong>Tellus</strong></span> <span class='ocrx_word' id='word_1_78' title='bbox 1230 2983 1308 3040; x_wconf 91' lang='lat' dir='ltr'><strong>enim</strong></span> <span class='ocrx_word' id='word_1_79' title='bbox 1329 2986 1462 3041; x_wconf 88' lang='lat' dir='ltr'><strong>nostmm</strong></span> <span class='ocrx_word' id='word_1_80' title='bbox 1484 2988 1530 3043; x_wconf 88' lang='lat' dir='ltr'><strong>ast</strong></span> <span class='ocrx_word' id='word_1_81' title='bbox 1552 2976 1748 3051; x_wconf 80' lang='lat' dir='ltr'><strong>domicilium,</strong></span> <span class='ocrx_word' id='word_1_82' title='bbox 1781 2996 1799 3041; x_wconf 92' lang='lat' dir='ltr'><strong>e</strong></span> 
     </span>
     <span class='ocr_line' id='line_1_10' title="bbox 434 3065 1801 3146; baseline -0.003 -18"><span class='ocrx_word' id='word_1_83' title='bbox 434 3084 497 3146; x_wconf 83' lang='lat' dir='ltr'><strong>qno</strong></span> <span class='ocrx_word' id='word_1_84' title='bbox 520 3067 678 3128; x_wconf 85' lang='lat' dir='ltr'><strong>distantias</strong></span> <span class='ocrx_word' id='word_1_85' title='bbox 701 3067 851 3127; x_wconf 89' lang='lat' dir='ltr'><strong>coelorum</strong></span> <span class='ocrx_word' id='word_1_86' title='bbox 869 3066 1013 3139; x_wconf 80' lang='lat' dir='ltr'><strong>metimur,</strong></span> <span class='ocrx_word' id='word_1_87' title='bbox 1036 3073 1139 3144; x_wconf 88' lang='lat' dir='ltr'><strong>estque</strong></span> <span class='ocrx_word' id='word_1_88' title='bbox 1158 3067 1344 3146; x_wconf 89' lang='lat' dir='ltr'><strong>planetarum</strong></span> <span class='ocrx_word' id='word_1_89' title='bbox 1365 3066 1481 3129; x_wconf 81' lang='lat' dir='ltr'><strong>medios</strong></span> <span class='ocrx_word' id='word_1_90' title='bbox 1495 3074 1525 3130; x_wconf 86' lang='lat' dir='ltr'><strong>et</strong></span> <span class='ocrx_word' id='word_1_91' title='bbox 1546 3070 1688 3128; x_wconf 79' lang='lat' dir='ltr'><strong>inter-eos</strong></span> <span class='ocrx_word' id='word_1_92' title='bbox 1702 3065 1801 3126; x_wconf 90' lang='lat' dir='ltr'><strong>multis</strong></span> 
     </span>
     <span class='ocr_line' id='line_1_11' title="bbox 437 3154 1802 3232; baseline -0.001 -17"><span class='ocrx_word' id='word_1_93' title='bbox 437 3156 617 3230; x_wconf 89' lang='lat' dir='ltr'><strong>nominibus,</strong></span> <span class='ocrx_word' id='word_1_94' title='bbox 641 3155 678 3216; x_wconf 87' lang='lat' dir='ltr'><strong>de</strong></span> <span class='ocrx_word' id='word_1_95' title='bbox 702 3156 810 3232; x_wconf 90' lang='lat' dir='ltr'><strong>quibus</strong></span> <span class='ocrx_word' id='word_1_96' title='bbox 832 3154 923 3227; x_wconf 87' lang='lat' dir='ltr'><strong>inira,</strong></span> <span class='ocrx_word' id='word_1_97' title='bbox 946 3154 1081 3231; x_wconf 91' lang='lat' dir='ltr'><strong>principii</strong></span> <span class='ocrx_word' id='word_1_98' title='bbox 1104 3157 1249 3218; x_wconf 89' lang='lat' dir='ltr'><strong>rationem</strong></span> <span class='ocrx_word' id='word_1_99' title='bbox 1271 3156 1393 3218; x_wconf 90' lang='lat' dir='ltr'><strong>obtinet.</strong></span> <span class='ocrx_word' id='word_1_100' title='bbox 1437 3154 1489 3218; x_wconf 82' lang='lat' dir='ltr'><strong>Sol</strong></span> <span class='ocrx_word' id='word_1_101' title='bbox 1513 3173 1583 3217; x_wconf 85' lang='lat' dir='ltr'><strong>vero</strong></span> <span class='ocrx_word' id='word_1_102' title='bbox 1605 3157 1689 3216; x_wconf 85' lang='lat' dir='ltr'><strong>visus</strong></span> <span class='ocrx_word' id='word_1_103' title='bbox 1709 3157 1802 3215; x_wconf 86' lang='lat' dir='ltr'><strong>nostri</strong></span> 
     </span>
     <span class='ocr_line' id='line_1_12' title="bbox 439 3241 1799 3322; baseline 0 -20"><span class='ocrx_word' id='word_1_104' title='bbox 439 3243 549 3305; x_wconf 87' lang='lat' dir='ltr'><strong>indicio</strong></span> <span class='ocrx_word' id='word_1_105' title='bbox 573 3251 603 3305; x_wconf 87' lang='lat' dir='ltr'><strong>et</strong></span> <span class='ocrx_word' id='word_1_106' title='bbox 620 3243 736 3320; x_wconf 85' lang='lat' dir='ltr'><strong>judicio</strong></span> <span class='ocrx_word' id='word_1_107' title='bbox 760 3249 805 3304; x_wconf 88' lang='lat' dir='ltr'><strong>est</strong></span> <span class='ocrx_word' id='word_1_108' title='bbox 826 3242 1003 3319; x_wconf 88' lang='lat' dir='ltr'><strong>praecipuus</strong></span> <span class='ocrx_word' id='word_1_109' title='bbox 1024 3241 1218 3319; x_wconf 88' lang='lat' dir='ltr'><strong>planetarum,</strong></span> <span class='ocrx_word' id='word_1_110' title='bbox 1241 3245 1364 3304; x_wconf 87' lang='lat' dir='ltr'><strong>rationis</strong></span> <span class='ocrx_word' id='word_1_111' title='bbox 1385 3260 1457 3305; x_wconf 85' lang='lat' dir='ltr'><strong>reru</strong></span> <span class='ocrx_word' id='word_1_112' title='bbox 1470 3244 1611 3322; x_wconf 75' lang='lat' dir='ltr'><strong>suilrsglo</strong></span> <span class='ocrx_word' id='word_1_113' title='bbox 1633 3259 1723 3320; x_wconf 85' lang='lat' dir='ltr'><strong>supra</strong></span> <span class='ocrx_word' id='word_1_114' title='bbox 1744 3259 1799 3302; x_wconf 87' lang='lat' dir='ltr'><strong>ex-</strong></span> 
     </span>
     <span class='ocr_line' id='line_1_13' title="bbox 436 3328 1802 3411; baseline 0 -22"><span class='ocrx_word' id='word_1_115' title='bbox 436 3347 532 3409; x_wconf 82' lang='lat' dir='ltr'><strong>penso</strong></span> <span class='ocrx_word' id='word_1_116' title='bbox 556 3339 602 3392; x_wconf 88' lang='lat' dir='ltr'><strong>est</strong></span> <span class='ocrx_word' id='word_1_117' title='bbox 623 3335 721 3409; x_wconf 87' lang='lat' dir='ltr'><strong>ipsum</strong></span> <span class='ocrx_word' id='word_1_118' title='bbox 741 3347 791 3390; x_wconf 92' lang='lat' dir='ltr'><strong>cor</strong></span> <span class='ocrx_word' id='word_1_119' title='bbox 812 3330 939 3405; x_wconf 77' lang='lat' dir='ltr'><strong>regionis</strong></span> <span class='ocrx_word' id='word_1_120' title='bbox 953 3328 1115 3405; x_wconf 88' lang='lat' dir='ltr'><strong>mobilium,</strong></span> <span class='ocrx_word' id='word_1_121' title='bbox 1139 3329 1177 3392; x_wconf 89' lang='lat' dir='ltr'><strong>ad</strong></span> <span class='ocrx_word' id='word_1_122' title='bbox 1192 3330 1419 3393; x_wconf 84' lang='lat' dir='ltr'><strong>mensurandum</strong></span> <span class='ocrx_word' id='word_1_123' title='bbox 1440 3333 1621 3411; x_wconf 87' lang='lat' dir='ltr'><strong>propositae.</strong></span> <span class='ocrx_word' id='word_1_124' title='bbox 1665 3329 1713 3390; x_wconf 91' lang='lat' dir='ltr'><strong>lta</strong></span> <span class='ocrx_word' id='word_1_125' title='bbox 1727 3330 1802 3391; x_wconf 88' lang='lat' dir='ltr'><strong>lraec</strong></span> 
     </span>
     <span class='ocr_line' id='line_1_14' title="bbox 435 3415 1714 3498; baseline -0.003 -18"><span class='ocrx_word' id='word_1_126' title='bbox 435 3425 541 3480; x_wconf 78' lang='lat' dir='ltr'><strong>nostra</strong></span> <span class='ocrx_word' id='word_1_127' title='bbox 564 3417 743 3497; x_wconf 81' lang='lat' dir='ltr'><strong>decempeda</strong></span> <span class='ocrx_word' id='word_1_128' title='bbox 765 3416 840 3477; x_wconf 90' lang='lat' dir='ltr'><strong>duos</strong></span> <span class='ocrx_word' id='word_1_129' title='bbox 862 3415 951 3477; x_wconf 85' lang='lat' dir='ltr'><strong>habet</strong></span> <span class='ocrx_word' id='word_1_130' title='bbox 974 3420 1113 3478; x_wconf 87' lang='lat' dir='ltr'><strong>terminos</strong></span> <span class='ocrx_word' id='word_1_131' title='bbox 1136 3420 1361 3498; x_wconf 76' lang='lat' dir='ltr'><strong>insignissimus,</strong></span> <span class='ocrx_word' id='word_1_132' title='bbox 1384 3418 1532 3481; x_wconf 80' lang='lat' dir='ltr'><strong>Tellurem</strong></span> <span class='ocrx_word' id='word_1_133' title='bbox 1555 3424 1585 3481; x_wconf 88' lang='lat' dir='ltr'><strong>ei</strong></span> <span class='ocrx_word' id='word_1_134' title='bbox 1606 3416 1714 3479; x_wconf 82' lang='lat' dir='ltr'><strong>Solem.</strong></span> 
     </span>
    </p>

    <p class='ocr_par' dir='ltr' id='par_1_6' title="bbox 436 3503 1860 4274">
     <span class='ocr_line' id='line_1_15' title="bbox 531 3503 1802 3585; baseline -0.005 -18"><span class='ocrx_word' id='word_1_135' title='bbox 531 3506 661 3585; x_wconf 79' lang='lat' dir='ltr'><strong>Quanta</strong></span> <span class='ocrx_word' id='word_1_136' title='bbox 682 3509 779 3583; x_wconf 81' lang='lat' dir='ltr'><strong>ipitar</strong></span> <span class='ocrx_word' id='word_1_137' title='bbox 808 3512 880 3565; x_wconf 76' lang='lat' dir='ltr'><strong>arat</strong></span> <span class='ocrx_word' id='word_1_138' title='bbox 901 3503 1024 3564; x_wconf 81' lang='lat' dir='ltr'><strong>orbium</strong></span> <span class='ocrx_word' id='word_1_139' title='bbox 1044 3507 1239 3583; x_wconf 69' lang='lat' dir='ltr'><strong>ascalonam</strong></span> <span class='ocrx_word' id='word_1_140' title='bbox 1260 3506 1451 3568; x_wconf 67' lang='lat' dir='ltr'><strong>ismaelis?</strong></span> <span class='ocrx_word' id='word_1_141' title='bbox 1482 3507 1660 3567; x_wconf 84' lang='lat' dir='ltr'><strong>Dlstnotlam</strong></span> <span class='ocrx_word' id='word_1_142' title='bbox 1683 3503 1802 3565; x_wconf 83' lang='lat' dir='ltr'><strong>Saiumi</strong></span> 
     </span>
     <span class='ocr_line' id='line_1_16' title="bbox 436 3589 1801 3672; baseline -0.004 -18"><span class='ocrx_word' id='word_1_143' title='bbox 436 3591 706 3655; x_wconf 81' lang='lat' dir='ltr'><strong>demonstrationes</strong></span> <span class='ocrx_word' id='word_1_144' title='bbox 729 3591 948 3669; x_wconf 86' lang='lat' dir='ltr'><strong>Coparnicanae</strong></span> <span class='ocrx_word' id='word_1_145' title='bbox 979 3594 1118 3654; x_wconf 87' lang='lat' dir='ltr'><strong>evincunt</strong></span> <span class='ocrx_word' id='word_1_146' title='bbox 1147 3611 1212 3656; x_wconf 90' lang='lat' dir='ltr'><strong>asse</strong></span> <span class='ocrx_word' id='word_1_147' title='bbox 1243 3593 1334 3672; x_wconf 88' lang='lat' dir='ltr'><strong>panio</strong></span> <span class='ocrx_word' id='word_1_148' title='bbox 1362 3595 1503 3656; x_wconf 87' lang='lat' dir='ltr'><strong>minorem</strong></span> <span class='ocrx_word' id='word_1_149' title='bbox 1526 3592 1652 3671; x_wconf 88' lang='lat' dir='ltr'><strong>decupla</strong></span> <span class='ocrx_word' id='word_1_150' title='bbox 1672 3589 1801 3653; x_wconf 79' lang='lat' dir='ltr'><strong>Telluris</strong></span> 
     </span>
     <span class='ocr_line' id='line_1_17' title="bbox 436 3677 1799 3762; baseline -0.004 -20"><span class='ocrx_word' id='word_1_151' title='bbox 436 3697 456 3742; x_wconf 83' lang='grc' dir='ltr'>ι</span> <span class='ocrx_word' id='word_1_152' title='bbox 478 3680 560 3757; x_wconf 86' lang='lat' dir='ltr'><strong>Sole,</strong></span> <span class='ocrx_word' id='word_1_153' title='bbox 584 3679 674 3743; x_wconf 82' lang='lat' dir='ltr'><strong>Jcris</strong></span> <span class='ocrx_word' id='word_1_154' title='bbox 697 3678 890 3758; x_wconf 82' lang='lat' dir='ltr'><strong>quintuplum,</strong></span> <span class='ocrx_word' id='word_1_155' title='bbox 916 3678 1019 3739; x_wconf 80' lang='lat' dir='ltr'><strong>Martis</strong></span> <span class='ocrx_word' id='word_1_156' title='bbox 1040 3681 1229 3762; x_wconf 80' lang='lat' dir='ltr'><strong>sesquiplanr,</strong></span> <span class='ocrx_word' id='word_1_157' title='bbox 1253 3681 1376 3742; x_wconf 92' lang='lat' dir='ltr'><strong>Veneris</strong></span> <span class='ocrx_word' id='word_1_158' title='bbox 1399 3682 1687 3758; x_wconf 85' lang='lat' dir='ltr'><strong>subsesquitertiem‚</strong></span> <span class='ocrx_word' id='word_1_159' title='bbox 1716 3677 1799 3739; x_wconf 79' lang='lat' dir='ltr'><strong>Mer·</strong></span> 
     </span>
     <span class='ocr_line' id='line_1_18' title="bbox 436 3764 1801 3846; baseline -0.004 -16"><span class='ocrx_word' id='word_1_160' title='bbox 436 3771 513 3830; x_wconf 86' lang='lat' dir='ltr'><strong>curii</strong></span> <span class='ocrx_word' id='word_1_161' title='bbox 542 3768 716 3846; x_wconf 83' lang='lat' dir='ltr'><strong>subtriplum</strong></span> <span class='ocrx_word' id='word_1_162' title='bbox 744 3769 866 3829; x_wconf 86' lang='lat' dir='ltr'><strong>circiter.</strong></span> <span class='ocrx_word' id='word_1_163' title='bbox 911 3766 1015 3843; x_wconf 82' lang='lat' dir='ltr'><strong>ltaque</strong></span> <span class='ocrx_word' id='word_1_164' title='bbox 1045 3767 1188 3829; x_wconf 85' lang='lat' dir='ltr'><strong>diameter</strong></span> <span class='ocrx_word' id='word_1_165' title='bbox 1214 3770 1292 3828; x_wconf 87' lang='lat' dir='ltr'><strong>orbis</strong></span> <span class='ocrx_word' id='word_1_166' title='bbox 1315 3768 1444 3828; x_wconf 87' lang='lat' dir='ltr'><strong>Saturnil</strong></span> <span class='ocrx_word' id='word_1_167' title='bbox 1475 3769 1567 3829; x_wconf 85' lang='lat' dir='ltr'><strong>habet</strong></span> <span class='ocrx_word' id='word_1_168' title='bbox 1591 3769 1688 3827; x_wconf 90' lang='lat' dir='ltr'><strong>minus</strong></span> <span class='ocrx_word' id='word_1_169' title='bbox 1711 3764 1801 3842; x_wconf 92' lang='lat' dir='ltr'><strong>dupio</strong></span> 
     </span>
     <span class='ocr_line' id='line_1_19' title="bbox 438 3851 1825 3933; baseline -0.005 -17"><span class='ocrx_word' id='word_1_170' title='bbox 438 3856 530 3917; x_wconf 85' lang='lat' dir='ltr'><strong>sicini</strong></span> <span class='ocrx_word' id='word_1_171' title='bbox 559 3858 605 3917; x_wconf 91' lang='lat' dir='ltr'><strong>sul</strong></span> <span class='ocrx_word' id='word_1_172' title='bbox 628 3854 772 3930; x_wconf 82' lang='lat' dir='ltr'><strong>Jovialis,</strong></span> <span class='ocrx_word' id='word_1_173' title='bbox 803 3852 933 3916; x_wconf 84' lang='lat' dir='ltr'><strong>Jovialis</strong></span> <span class='ocrx_word' id='word_1_174' title='bbox 961 3852 1051 3916; x_wconf 87' lang='lat' dir='ltr'><strong>habet</strong></span> <span class='ocrx_word' id='word_1_175' title='bbox 1072 3855 1191 3933; x_wconf 88' lang='lat' dir='ltr'><strong>triplum</strong></span> <span class='ocrx_word' id='word_1_176' title='bbox 1213 3854 1360 3916; x_wconf 79' lang='lat' dir='ltr'><strong>Martialis</strong></span> <span class='ocrx_word' id='word_1_177' title='bbox 1382 3856 1544 3931; x_wconf 79' lang='lat' dir='ltr'><strong>inferioris,</strong></span> <span class='ocrx_word' id='word_1_178' title='bbox 1566 3851 1713 3916; x_wconf 84' lang='lat' dir='ltr'><strong>Martialis</strong></span> <span class='ocrx_word' id='word_1_179' title='bbox 1735 3869 1825 3912; x_wconf 91' lang='lat' dir='ltr'><strong>ses·.</strong></span> 
     </span>
     <span class='ocr_line' id='line_1_20' title="bbox 438 3940 1860 4023; baseline -0.004 -21"><span class='ocrx_word' id='word_1_180' title='bbox 438 3943 574 4023; x_wconf 79' lang='lat' dir='ltr'><strong>palplnru</strong></span> <span class='ocrx_word' id='word_1_181' title='bbox 589 3943 749 4005; x_wconf 79' lang='lat' dir='ltr'><strong>Terrestris</strong></span> <span class='ocrx_word' id='word_1_182' title='bbox 773 3943 852 4003; x_wconf 86' lang='lat' dir='ltr'><strong>orbis</strong></span> <span class='ocrx_word' id='word_1_183' title='bbox 875 3944 951 4002; x_wconf 92' lang='lat' dir='ltr'><strong>circa</strong></span> <span class='ocrx_word' id='word_1_184' title='bbox 973 3940 1072 4002; x_wconf 86' lang='lat' dir='ltr'><strong>Solem</strong></span> <span class='ocrx_word' id='word_1_185' title='bbox 1086 3944 1185 4020; x_wconf 87' lang='lat' dir='ltr'><strong>positi,</strong></span> <span class='ocrx_word' id='word_1_186' title='bbox 1208 3942 1366 4002; x_wconf 88' lang='lat' dir='ltr'><strong>Terrestris</strong></span> <span class='ocrx_word' id='word_1_187' title='bbox 1381 3943 1499 4012; x_wconf 83' lang='lat' dir='ltr'><strong>Venerii</strong></span> <span class='ocrx_word' id='word_1_188' title='bbox 1520 3941 1588 4021; x_wconf 92' lang='lat' dir='ltr'><strong>plus</strong></span> <span class='ocrx_word' id='word_1_189' title='bbox 1604 3940 1802 4017; x_wconf 89' lang='lat' dir='ltr'><strong>sesquitertio,</strong></span> <span class='ocrx_word' id='word_1_190' title='bbox 1857 3983 1860 3988; x_wconf 90' lang='lat'><em>.</em></span> 
     </span>
     <span class='ocr_line' id='line_1_21' title="bbox 438 4025 1802 4107; baseline -0.007 -15"><span class='ocrx_word' id='word_1_191' title='bbox 438 4031 595 4092; x_wconf 79' lang='lat' dir='ltr'><strong>venereus</strong></span> <span class='ocrx_word' id='word_1_192' title='bbox 625 4029 810 4091; x_wconf 79' lang='lat' dir='ltr'><strong>Mercurialis</strong></span> <span class='ocrx_word' id='word_1_193' title='bbox 840 4032 969 4107; x_wconf 87' lang='lat' dir='ltr'><strong>quinque</strong></span> <span class='ocrx_word' id='word_1_194' title='bbox 1000 4030 1105 4090; x_wconf 88' lang='lat' dir='ltr'><strong>tertias</strong></span> <span class='ocrx_word' id='word_1_195' title='bbox 1132 4029 1182 4091; x_wconf 85' lang='lat' dir='ltr'><strong>rel</strong></span> <span class='ocrx_word' id='word_1_196' title='bbox 1211 4035 1278 4090; x_wconf 89' lang='lat' dir='ltr'><strong>octo</strong></span> <span class='ocrx_word' id='word_1_197' title='bbox 1307 4031 1425 4107; x_wconf 83' lang='lat' dir='ltr'><strong>quintas</strong></span> <span class='ocrx_word' id='word_1_198' title='bbox 1455 4031 1577 4090; x_wconf 91' lang='lat' dir='ltr'><strong>circiter.</strong></span> <span class='ocrx_word' id='word_1_199' title='bbox 1621 4025 1682 4087; x_wconf 83' lang='lat' dir='ltr'><strong>Uiri</strong></span> <span class='ocrx_word' id='word_1_200' title='bbox 1703 4033 1802 4086; x_wconf 82' lang='lat' dir='ltr'><strong>tamen</strong></span> 
     </span>
     <span class='ocr_line' id='line_1_22' title="bbox 437 4115 1803 4196; baseline -0.004 -17"><span class='ocrx_word' id='word_1_201' title='bbox 437 4118 614 4195; x_wconf 88' lang='lat' dir='ltr'><strong>notandum,</strong></span> <span class='ocrx_word' id='word_1_202' title='bbox 639 4118 845 4179; x_wconf 86' lang='lat' dir='ltr'><strong>distantiarum</strong></span> <span class='ocrx_word' id='word_1_203' title='bbox 867 4119 1071 4195; x_wconf 89' lang='lat' dir='ltr'><strong>proportiones</strong></span> <span class='ocrx_word' id='word_1_204' title='bbox 1093 4116 1160 4178; x_wconf 89' lang='lat' dir='ltr'><strong>allis</strong></span> <span class='ocrx_word' id='word_1_205' title='bbox 1184 4117 1343 4177; x_wconf 87' lang='lat' dir='ltr'><strong>orbitarum</strong></span> <span class='ocrx_word' id='word_1_206' title='bbox 1365 4118 1499 4196; x_wconf 89' lang='lat' dir='ltr'><strong>partibus</strong></span> <span class='ocrx_word' id='word_1_207' title='bbox 1521 4115 1596 4177; x_wconf 89' lang='lat' dir='ltr'><strong>alias</strong></span> <span class='ocrx_word' id='word_1_208' title='bbox 1618 4131 1692 4188; x_wconf 89' lang='lat' dir='ltr'><strong>esse,</strong></span> <span class='ocrx_word' id='word_1_209' title='bbox 1715 4130 1803 4191; x_wconf 90' lang='lat' dir='ltr'><strong>prae-</strong></span> 
     </span>
     <span class='ocr_line' id='line_1_23' title="bbox 440 4204 946 4274; baseline -0.01 -5"><span class='ocrx_word' id='word_1_210' title='bbox 440 4210 543 4269; x_wconf 86' lang='lat' dir='ltr'><strong>sertim</strong></span> <span class='ocrx_word' id='word_1_211' title='bbox 567 4209 597 4266; x_wconf 92' lang='lat' dir='ltr'><strong>in</strong></span> <span class='ocrx_word' id='word_1_212' title='bbox 620 4206 768 4274; x_wconf 78' lang='lat' dir='ltr'><strong>Murteet</strong></span> <span class='ocrx_word' id='word_1_213' title='bbox 790 4204 946 4266; x_wconf 83' lang='lat' dir='ltr'><strong>Mercurio.</strong></span> 
     </span>
    </p>

    <p class='ocr_par' dir='ltr' id='par_1_7' title="bbox 437 4287 1804 4550">
     <span class='ocr_line' id='line_1_24' title="bbox 533 4287 1804 4373; baseline -0.006 -18"><span class='ocrx_word' id='word_1_214' title='bbox 533 4295 622 4373; x_wconf 80' lang='lat' dir='ltr'><strong>Quae</strong></span> <span class='ocrx_word' id='word_1_215' title='bbox 643 4312 717 4354; x_wconf 62' lang='lat' dir='ltr'><strong>van</strong></span> <span class='ocrx_word' id='word_1_216' title='bbox 739 4309 834 4353; x_wconf 81' lang='lat' dir='ltr'><strong>consu</strong></span> <span class='ocrx_word' id='word_1_217' title='bbox 856 4301 897 4353; x_wconf 86' lang='lat' dir='ltr'><strong>est</strong></span> <span class='ocrx_word' id='word_1_218' title='bbox 919 4293 1153 4354; x_wconf 63' lang='lat' dir='ltr'><strong>etmalorum</strong></span> <span class='ocrx_word' id='word_1_219' title='bbox 1175 4294 1313 4368; x_wconf 66' lang='lat' dir='ltr'><strong>ipsorum</strong></span> <span class='ocrx_word' id='word_1_220' title='bbox 1333 4293 1601 4368; x_wconf 71' lang='lat' dir='ltr'><strong>planetes-im,</strong></span> <span class='ocrx_word' id='word_1_221' title='bbox 1628 4307 1666 4351; x_wconf 82' lang='lat' dir='ltr'><strong>sa·</strong></span> <span class='ocrx_word' id='word_1_222' title='bbox 1694 4287 1804 4366; x_wconf 60' lang='lat' dir='ltr'><strong>poian</strong></span> 
     </span>
     <span class='ocr_line' id='line_1_25' title="bbox 437 4375 1802 4462; baseline -0.005 -19"><span class='ocrx_word' id='word_1_223' title='bbox 437 4382 598 4462; x_wconf 79' lang='lat' dir='ltr'><strong>periodica</strong></span> <span class='ocrx_word' id='word_1_224' title='bbox 619 4390 759 4458; x_wconf 82' lang='lat' dir='ltr'><strong>tempora</strong></span> <span class='ocrx_word' id='word_1_225' title='bbox 780 4380 975 4457; x_wconf 76' lang='lat' dir='ltr'><strong>sequantur?</strong></span> <span class='ocrx_word' id='word_1_226' title='bbox 1006 4380 1105 4442; x_wconf 81' lang='lat' dir='ltr'><strong>(lausa</strong></span> <span class='ocrx_word' id='word_1_227' title='bbox 1131 4380 1353 4441; x_wconf 82' lang='lat' dir='ltr'><strong>intervallorum</strong></span> <span class='ocrx_word' id='word_1_228' title='bbox 1382 4381 1412 4438; x_wconf 90' lang='lat' dir='ltr'><strong>in</strong></span> <span class='ocrx_word' id='word_1_229' title='bbox 1434 4378 1597 4458; x_wconf 84' lang='lat' dir='ltr'><strong>archetypo</strong></span> <span class='ocrx_word' id='word_1_230' title='bbox 1622 4375 1725 4439; x_wconf 89' lang='lat' dir='ltr'><strong>eadem</strong></span> <span class='ocrx_word' id='word_1_231' title='bbox 1748 4383 1802 4450; x_wconf 89' lang='lat' dir='ltr'><strong>est,</strong></span> 
     </span>
     <span class='ocr_line' id='line_1_26' title="bbox 440 4467 1228 4550; baseline -0.001 -19"><span class='ocrx_word' id='word_1_232' title='bbox 440 4486 520 4550; x_wconf 86' lang='lat' dir='ltr'><strong>quae</strong></span> <span class='ocrx_word' id='word_1_233' title='bbox 543 4472 657 4530; x_wconf 88' lang='lat' dir='ltr'><strong>numeri</strong></span> <span class='ocrx_word' id='word_1_234' title='bbox 677 4471 881 4548; x_wconf 86' lang='lat' dir='ltr'><strong>primariorum</strong></span> <span class='ocrx_word' id='word_1_235' title='bbox 904 4467 1089 4545; x_wconf 87' lang='lat' dir='ltr'><strong>planetarum</strong></span> <span class='ocrx_word' id='word_1_236' title='bbox 1110 4469 1228 4530; x_wconf 90' lang='lat' dir='ltr'><strong>senarii.</strong></span> 
     </span>
    </p>
   </div>
   <div class='ocr_carea' id='block_1_6' title="bbox 533 4541 1937 4633">
    <p class='ocr_par' dir='ltr' id='par_1_8' title="bbox 533 4541 1937 4633">
     <span class='ocr_line' id='line_1_27' title="bbox 533 4541 1937 4633; baseline -0.008 -16"><span class='ocrx_word' id='word_1_237' title='bbox 533 4557 675 4633; x_wconf 82' lang='lat' dir='ltr'><strong>Obsecro,</strong></span> <span class='ocrx_word' id='word_1_238' title='bbox 702 4574 780 4617; x_wconf 82' lang='lat' dir='ltr'><strong>num</strong></span> <span class='ocrx_word' id='word_1_239' title='bbox 803 4565 838 4616; x_wconf 82' lang='lat' dir='ltr'><strong>tn</strong></span> <span class='ocrx_word' id='word_1_240' title='bbox 865 4573 984 4632; x_wconf 79' lang='lat' dir='ltr'><strong>speras,</strong></span> <span class='ocrx_word' id='word_1_241' title='bbox 1012 4559 1138 4618; x_wconf 77' lang='lat' dir='ltr'><strong>numeri</strong></span> <span class='ocrx_word' id='word_1_242' title='bbox 1164 4541 1363 4632; x_wconf 65' lang='lat' dir='ltr'><strong>planetarum</strong></span> <span class='ocrx_word' id='word_1_243' title='bbox 1385 4569 1496 4615; x_wconf 82' lang='lat' dir='ltr'><strong>scuras</strong></span> <span class='ocrx_word' id='word_1_244' title='bbox 1523 4552 1679 4632; x_wconf 64' lang='lat' dir='ltr'><strong>mapauri</strong></span> <span class='ocrx_word' id='word_1_245' title='bbox 1698 4547 1805 4628; x_wconf 79' lang='lat' dir='ltr'><strong>posse?</strong></span> <span class='ocrx_word' id='word_1_246' title='bbox 1934 4565 1937 4570; x_wconf 93' lang='lat'>·</span> 
     </span>
    </p>
   </div>
   <div class='ocr_carea' id='block_1_7' title="bbox 440 4640 1805 5338">
    <p class='ocr_par' dir='ltr' id='par_1_9' title="bbox 440 4640 1805 5338">
     <span class='ocr_line' id='line_1_28' title="bbox 440 4640 1804 4721; baseline -0.007 -14"><span class='ocrx_word' id='word_1_247' title='bbox 440 4646 593 4708; x_wconf 81' lang='lat' dir='ltr'><strong>Successit</strong></span> <span class='ocrx_word' id='word_1_248' title='bbox 614 4644 689 4706; x_wconf 86' lang='lat' dir='ltr'><strong>heac</strong></span> <span class='ocrx_word' id='word_1_249' title='bbox 712 4660 790 4719; x_wconf 90' lang='lat' dir='ltr'><strong>cura,</strong></span> <span class='ocrx_word' id='word_1_250' title='bbox 816 4643 880 4703; x_wconf 88' lang='lat' dir='ltr'><strong>Deo</strong></span> <span class='ocrx_word' id='word_1_251' title='bbox 902 4645 1039 4721; x_wconf 88' lang='lat' dir='ltr'><strong>propitio,</strong></span> <span class='ocrx_word' id='word_1_252' title='bbox 1061 4661 1120 4704; x_wconf 91' lang='lat' dir='ltr'><strong>non</strong></span> <span class='ocrx_word' id='word_1_253' title='bbox 1144 4642 1227 4703; x_wconf 87' lang='lat' dir='ltr'><strong>male.</strong></span> <span class='ocrx_word' id='word_1_254' title='bbox 1274 4640 1461 4703; x_wconf 87' lang='lat' dir='ltr'><strong>Geometriae</strong></span> <span class='ocrx_word' id='word_1_255' title='bbox 1483 4643 1612 4703; x_wconf 88' lang='lat' dir='ltr'><strong>rationes</strong></span> <span class='ocrx_word' id='word_1_256' title='bbox 1624 4641 1691 4702; x_wconf 88' lang='lat' dir='ltr'><strong>Deo</strong></span> <span class='ocrx_word' id='word_1_257' title='bbox 1714 4653 1804 4699; x_wconf 90' lang='lat' dir='ltr'><strong>coae-</strong></span> 
     </span>
     <span class='ocr_line' id='line_1_29' title="bbox 440 4722 1803 4808; baseline -0.006 -13"><span class='ocrx_word' id='word_1_258' title='bbox 440 4741 545 4795; x_wconf 83' lang='lat' dir='ltr'><strong>ternae</strong></span> <span class='ocrx_word' id='word_1_259' title='bbox 567 4739 651 4808; x_wconf 66' lang='lat' dir='ltr'><strong>sunt,</strong></span> <span class='ocrx_word' id='word_1_260' title='bbox 678 4735 709 4791; x_wconf 94' lang='lat' dir='ltr'><strong>in</strong></span> <span class='ocrx_word' id='word_1_261' title='bbox 740 4733 776 4792; x_wconf 93' lang='lat' dir='ltr'><strong>lis</strong></span> <span class='ocrx_word' id='word_1_262' title='bbox 798 4732 893 4808; x_wconf 90' lang='lat' dir='ltr'><strong>primo</strong></span> <span class='ocrx_word' id='word_1_263' title='bbox 925 4738 969 4790; x_wconf 88' lang='lat' dir='ltr'><strong>est</strong></span> <span class='ocrx_word' id='word_1_264' title='bbox 991 4733 1073 4791; x_wconf 83' lang='lat' dir='ltr'><strong>curri</strong></span> <span class='ocrx_word' id='word_1_265' title='bbox 1096 4740 1126 4791; x_wconf 93' lang='lat' dir='ltr'><strong>et</strong></span> <span class='ocrx_word' id='word_1_266' title='bbox 1152 4733 1225 4791; x_wconf 87' lang='lat' dir='ltr'><strong>recti</strong></span> <span class='ocrx_word' id='word_1_267' title='bbox 1254 4728 1418 4790; x_wconf 86' lang='lat' dir='ltr'><strong>discrimen.</strong></span> <span class='ocrx_word' id='word_1_268' title='bbox 1464 4728 1595 4791; x_wconf 82' lang='lat' dir='ltr'><strong>Currum</strong></span> <span class='ocrx_word' id='word_1_269' title='bbox 1616 4743 1707 4807; x_wconf 81' lang='lat' dir='ltr'><strong>supra</strong></span> <span class='ocrx_word' id='word_1_270' title='bbox 1727 4722 1803 4782; x_wconf 81' lang='lat' dir='ltr'><strong>libro</strong></span> 
     </span>
     <span class='ocr_line' id='line_1_30' title="bbox 441 4815 1804 4901; baseline -0.006 -21"><span class='ocrx_word' id='word_1_271' title='bbox 441 4822 537 4901; x_wconf 88' lang='lat' dir='ltr'><strong>primo</strong></span> <span class='ocrx_word' id='word_1_272' title='bbox 567 4820 676 4880; x_wconf 72' lang='lat' dir='ltr'><strong>diuum</strong></span> <span class='ocrx_word' id='word_1_273' title='bbox 710 4827 755 4880; x_wconf 91' lang='lat' dir='ltr'><strong>eat</strong></span> <span class='ocrx_word' id='word_1_274' title='bbox 776 4835 877 4896; x_wconf 75' lang='lat' dir='ltr'><strong>gerere</strong></span> <span class='ocrx_word' id='word_1_275' title='bbox 908 4817 964 4878; x_wconf 90' lang='lat' dir='ltr'><strong>Dei</strong></span> <span class='ocrx_word' id='word_1_276' title='bbox 996 4816 1213 4894; x_wconf 88' lang='lat' dir='ltr'><strong>quodammodo</strong></span> <span class='ocrx_word' id='word_1_277' title='bbox 1246 4815 1482 4892; x_wconf 86' lang='lat' dir='ltr'><strong>similitudinem,</strong></span> <span class='ocrx_word' id='word_1_278' title='bbox 1516 4825 1628 4878; x_wconf 87' lang='lat' dir='ltr'><strong>rectum</strong></span> <span class='ocrx_word' id='word_1_279' title='bbox 1656 4817 1804 4877; x_wconf 75' lang='lat' dir='ltr'><strong>uenturas</strong></span> 
     </span>
     <span class='ocr_line' id='line_1_31' title="bbox 441 4897 1804 4987; baseline -0.007 -18"><span class='ocrx_word' id='word_1_280' title='bbox 441 4915 653 4987; x_wconf 85' lang='lat' dir='ltr'><strong>repraesentat</strong></span> <span class='ocrx_word' id='word_1_281' title='bbox 699 4907 737 4966; x_wconf 80' lang='lat' dir='ltr'><strong>lit</strong></span> <span class='ocrx_word' id='word_1_282' title='bbox 760 4905 904 4967; x_wconf 89' lang='lat' dir='ltr'><strong>inmundi</strong></span> <span class='ocrx_word' id='word_1_283' title='bbox 927 4908 1118 4967; x_wconf 80' lang='lat' dir='ltr'><strong>exornatione</strong></span> <span class='ocrx_word' id='word_1_284' title='bbox 1131 4906 1256 4985; x_wconf 90' lang='lat' dir='ltr'><strong>primurn</strong></span> <span class='ocrx_word' id='word_1_285' title='bbox 1278 4906 1386 4966; x_wconf 83' lang='lat' dir='ltr'><strong>estisne</strong></span> <span class='ocrx_word' id='word_1_286' title='bbox 1401 4906 1482 4982; x_wconf 76' lang='lat' dir='ltr'><strong>regio</strong></span> <span class='ocrx_word' id='word_1_287' title='bbox 1505 4904 1627 4967; x_wconf 84' lang='lat' dir='ltr'><strong>lixarum</strong></span> <span class='ocrx_word' id='word_1_288' title='bbox 1650 4897 1804 4980; x_wconf 79' lang='lat' dir='ltr'><strong>sphaerica</strong></span> 
     </span>
     <span class='ocr_line' id='line_1_32' title="bbox 441 4983 1804 5073; baseline -0.01 -14"><span class='ocrx_word' id='word_1_289' title='bbox 441 4998 523 5059; x_wconf 64' lang='lat' dir='ltr'><strong>lans</strong></span> <span class='ocrx_word' id='word_1_290' title='bbox 545 5005 591 5056; x_wconf 91' lang='lat' dir='ltr'><strong>est</strong></span> <span class='ocrx_word' id='word_1_291' title='bbox 618 4993 657 5056; x_wconf 89' lang='lat' dir='ltr'><strong>sd</strong></span> <span class='ocrx_word' id='word_1_292' title='bbox 680 4993 761 5054; x_wconf 90' lang='lat' dir='ltr'><strong>illum</strong></span> <span class='ocrx_word' id='word_1_293' title='bbox 784 4995 991 5073; x_wconf 76' lang='lat' dir='ltr'><strong>geometricam</strong></span> <span class='ocrx_word' id='word_1_294' title='bbox 1015 4993 1071 5054; x_wconf 88' lang='lat' dir='ltr'><strong>Dal</strong></span> <span class='ocrx_word' id='word_1_295' title='bbox 1093 4991 1329 5066; x_wconf 86' lang='lat' dir='ltr'><strong>similitudinem,</strong></span> <span class='ocrx_word' id='word_1_296' title='bbox 1361 4989 1441 5070; x_wconf 88' lang='lat' dir='ltr'><strong>quod</strong></span> <span class='ocrx_word' id='word_1_297' title='bbox 1462 4989 1516 5053; x_wconf 91' lang='lat' dir='ltr'><strong>ilia</strong></span> <span class='ocrx_word' id='word_1_298' title='bbox 1536 5001 1571 5054; x_wconf 90' lang='lat' dir='ltr'><strong>ut</strong></span> <span class='ocrx_word' id='word_1_299' title='bbox 1592 4993 1675 5053; x_wconf 88' lang='lat' dir='ltr'><strong>Deus</strong></span> <span class='ocrx_word' id='word_1_300' title='bbox 1697 4983 1804 5058; x_wconf 88' lang='lat' dir='ltr'><strong>aliquis</strong></span> 
     </span>
     <span class='ocr_line' id='line_1_33' title="bbox 443 5072 1804 5162; baseline -0.012 -16"><span class='ocrx_word' id='word_1_301' title='bbox 443 5100 602 5162; x_wconf 83' lang='lat' dir='ltr'><strong>corporeus</strong></span> <span class='ocrx_word' id='word_1_302' title='bbox 635 5083 783 5160; x_wconf 73' lang='lat' dir='ltr'><strong>(gentibus</strong></span> <span class='ocrx_word' id='word_1_303' title='bbox 811 5083 866 5143; x_wconf 91' lang='lat' dir='ltr'><strong>sub</strong></span> <span class='ocrx_word' id='word_1_304' title='bbox 897 5083 1014 5140; x_wconf 90' lang='lat' dir='ltr'><strong>nomine</strong></span> <span class='ocrx_word' id='word_1_305' title='bbox 1036 5077 1124 5141; x_wconf 83' lang='lat' dir='ltr'><strong>Jovia</strong></span> <span class='ocrx_word' id='word_1_306' title='bbox 1152 5077 1259 5155; x_wconf 86' lang='lat' dir='ltr'><strong>cultus)</strong></span> <span class='ocrx_word' id='word_1_307' title='bbox 1291 5081 1391 5140; x_wconf 88' lang='lat' dir='ltr'><strong>omnia</strong></span> <span class='ocrx_word' id='word_1_308' title='bbox 1411 5078 1524 5156; x_wconf 87' lang='lat' dir='ltr'><strong>reliqua</strong></span> <span class='ocrx_word' id='word_1_309' title='bbox 1546 5083 1576 5140; x_wconf 89' lang='lat' dir='ltr'><strong>ln</strong></span> <span class='ocrx_word' id='word_1_310' title='bbox 1597 5096 1630 5139; x_wconf 91' lang='lat' dir='ltr'><strong>se</strong></span> <span class='ocrx_word' id='word_1_311' title='bbox 1655 5072 1804 5137; x_wconf 89' lang='lat' dir='ltr'><strong>continere</strong></span> 
     </span>
     <span class='ocr_line' id='line_1_34' title="bbox 443 5157 1804 5247; baseline -0.007 -14"><span class='ocrx_word' id='word_1_312' title='bbox 443 5170 596 5233; x_wconf 84' lang='lat' dir='ltr'><strong>debuerat.</strong></span> <span class='ocrx_word' id='word_1_313' title='bbox 642 5170 752 5242; x_wconf 82' lang='lat' dir='ltr'><strong>Rectae</strong></span> <span class='ocrx_word' id='word_1_314' title='bbox 774 5171 864 5246; x_wconf 75' lang='lat' dir='ltr'><strong>igitur</strong></span> <span class='ocrx_word' id='word_1_315' title='bbox 885 5169 1064 5246; x_wconf 90' lang='lat' dir='ltr'><strong>quantitates</strong></span> <span class='ocrx_word' id='word_1_316' title='bbox 1094 5170 1296 5245; x_wconf 89' lang='lat' dir='ltr'><strong>pertinuerunt</strong></span> <span class='ocrx_word' id='word_1_317' title='bbox 1316 5166 1355 5228; x_wconf 92' lang='lat' dir='ltr'><strong>ad</strong></span> <span class='ocrx_word' id='word_1_318' title='bbox 1385 5167 1512 5229; x_wconf 85' lang='lat' dir='ltr'><strong>extimae</strong></span> <span class='ocrx_word' id='word_1_319' title='bbox 1533 5166 1677 5247; x_wconf 83' lang='lat' dir='ltr'><strong>sphaerae</strong></span> <span class='ocrx_word' id='word_1_320' title='bbox 1699 5157 1804 5217; x_wconf 66' lang='lat' dir='ltr'><strong>intima</strong></span> 
     </span>
     <span class='ocr_line' id='line_1_35' title="bbox 444 5246 1805 5338; baseline -0.015 -17"><span class='ocrx_word' id='word_1_321' title='bbox 444 5266 604 5335; x_wconf 86' lang='lat' dir='ltr'><strong>contenis,</strong></span> <span class='ocrx_word' id='word_1_322' title='bbox 631 5260 744 5335; x_wconf 89' lang='lat' dir='ltr'><strong>primae</strong></span> <span class='ocrx_word' id='word_1_323' title='bbox 766 5265 797 5319; x_wconf 90' lang='lat' dir='ltr'><strong>et</strong></span> <span class='ocrx_word' id='word_1_324' title='bbox 817 5257 1043 5335; x_wconf 86' lang='lat' dir='ltr'><strong>pulcherrimae,</strong></span> <span class='ocrx_word' id='word_1_325' title='bbox 1074 5254 1112 5315; x_wconf 91' lang='lat' dir='ltr'><strong>ad</strong></span> <span class='ocrx_word' id='word_1_326' title='bbox 1134 5256 1280 5333; x_wconf 80' lang='lat' dir='ltr'><strong>prlnrarla</strong></span> <span class='ocrx_word' id='word_1_327' title='bbox 1324 5255 1369 5316; x_wconf 80' lang='lat' dir='ltr'><strong>Ex</strong></span> <span class='ocrx_word' id='word_1_328' title='bbox 1391 5256 1479 5338; x_wconf 74' lang='lat' dir='ltr'><strong>rectis</strong></span> <span class='ocrx_word' id='word_1_329' title='bbox 1500 5271 1572 5318; x_wconf 81' lang='lat' dir='ltr'><strong>vero</strong></span> <span class='ocrx_word' id='word_1_330' title='bbox 1593 5256 1663 5315; x_wconf 88' lang='lat' dir='ltr'><strong>suni</strong></span> <span class='ocrx_word' id='word_1_331' title='bbox 1682 5246 1805 5326; x_wconf 86' lang='lat' dir='ltr'><strong>primae,</strong></span> 
     </span>
    </p>
   </div>
   <div class='ocr_carea' id='block_1_8' title="bbox 0 0 2255 6275">
    <p class='ocr_par' dir='ltr' id='par_1_10' title="bbox 0 0 2255 6275">
     <span class='ocr_line' id='line_1_36' title="bbox 0 0 2255 6275; baseline 0 0"><span class='ocrx_word' id='word_1_332' title='bbox 0 0 2255 6275; x_wconf 95' lang='lat' dir='ltr'><strong> </strong></span> 
     </span>
    </p>
   </div>
  </div>
 </body>
</html>
