4459 6275
910 771 995 828 Liber
1010 770 1144 840 Quaem.
1177 771 1250 827 Pars
1266 768 1370 827 Tertia.
1740 778 1802 839 bil

436 954 512 1027 tius,
536 968 626 1027 quam
648 956 792 1027 puguant.
836 949 1028 1026 Sicmagnes
1043 949 1119 1027 lapis
1135 965 1197 1010 nna
1217 949 1348 1026 corporis
1362 954 1446 1025 perte
1467 948 1574 1009 serrum
1589 949 1689 1030 trabit,
1711 951 1804 1012 altera

433 1040 548 1119 abigit,
576 1054 636 1098 nou
660 1041 761 1113 utique
783 1046 902 1114 propter
924 1038 1053 1114 aliquam
1074 1039 1246 1097 mixtionem
1268 1036 1496 1106 elementorum,
1530 1037 1582 1096 sed
1612 1045 1733 1115 propter
1755 1041 1802 1098 ln·

434 1136 556 1186 mnam
577 1126 783 1202 figurationem
805 1124 1002 1199 rectilineam,
1026 1125 1187 1185 secundnm
1210 1141 1300 1201 quam
1322 1123 1412 1183 habet
1434 1126 1552 1183 insitam
1576 1127 1731 1202 virtutem;
1761 1129 1804 1186 sic

433 1213 519 1274 idem
543 1230 665 1289 magnes
687 1212 792 1272 lortius
815 1213 936 1273 attrabit
958 1214 1064 1273 serrum
1086 1215 1282 1291 propinquum
1306 1228 1395 1288 quam
1417 1210 1619 1289 longluquum,
1642 1212 1803 1291 nonquod,

435 1318 509 1361 eum
530 1302 651 1378 propior
672 1306 732 1374 est,
755 1301 823 1379 plus
845 1303 922 1376 ignis
943 1308 996 1359 aut
1017 1308 1111 1360 terrae
1135 1299 1253 1373 habeat,
1276 1299 1329 1358 sed
1351 1301 1422 1374 quia
1444 1301 1537 1359 virtus
1560 1301 1624 1377 ejus
1647 1318 1712 1361 cum
1740 1305 1805 1378 ipsa

435 1388 632 1464 elongatione
654 1394 837 1448 extenuatur.
881 1387 1004 1448 Manent
1024 1388 1215 1448 nihilominus
1239 1403 1361 1463 corpora
1384 1387 1524 1446 coelestia
1553 1384 1621 1468 (hoc
1651 1397 1695 1449 est
1716 1406 1804 1448 muu-

440 1477 536 1548 daua)
559 1477 700 1553 perennia
723 1483 753 1535 et
774 1475 978 1545 immutabilia,
1002 1474 1101 1551 quoad
1125 1483 1203 1559 totns
1224 1473 1318 1533 moles
1342 1469 1425 1555 (uam
1443 1492 1518 1551 qnae
1541 1477 1569 1532 in
1586 1492 1686 1536 eorum
1700 1492 1804 1554 super·

437 1563 567 1624 liciebus
594 1564 773 1622 mutationes
795 1565 953 1635 eveniunt,
984 1580 1037 1622 eae
1060 1561 1174 1621 nullum
1205 1562 1309 1621 afferre
1330 1569 1511 1621 momentum
1533 1569 1657 1638 possunt
1681 1565 1719 1623 ad
1742 1575 1805 1624 tur-

439 1650 558 1711 bandos
581 1658 708 1710 totarum
730 1649 852 1730 molium
874 1651 999 1725 motus),
1031 1667 1066 1709 ex
1096 1666 1156 1725 qua
1185 1656 1312 1708 totorum
1335 1648 1489 1725 globorum
1512 1653 1693 1727 perennitate
1717 1659 1746 1711 et
1769 1669 1804 1710 cx

442 1754 495 1812 eo,
529 1738 610 1815 quod
632 1737 705 1797 nihil
727 1747 773 1798 est
795 1740 824 1795 in
847 1737 956 1797 mundo
979 1736 1191 1811 inordinatum,
1223 1735 1303 1812 quod
1324 1743 1421 1796 motus
1444 1754 1545 1797 eorum
1566 1738 1722 1819 impediat,
1752 1740 1805 1798 de·

443 1826 557 1902 pendet
579 1827 668 1887 etiam
691 1824 743 1886 illa
765 1825 939 1902 regularitas
962 1826 1166 1884 circuitionum
1187 1822 1408 1900 similitudoque
1430 1832 1585 1901 perpetua,
1610 1833 1640 1887 et
1663 1828 1806 1902 insequa-

445 1914 541 1975 litatis
563 1930 617 1990 per
638 1920 735 1989 partes
757 1912 890 1989 singulas
913 1920 1050 1972 constans
1073 1912 1239 1988 aequalitas
1260 1928 1312 1988 per
1335 1915 1414 1971 vices
1437 1916 1576 1989 integras.

527 2000 657 2061 Rcecrrre
669 2001 837 2060 secundum
852 2007 1072 2076 argumentum
1087 2007 1231 2074 musam,
1255 2017 1275 2057 u
1290 2016 1385 2058 causo
1397 2007 1537 2059 mouente
1551 1999 1686 2063 ductum.
1712 2001 1805 2062 Dixe-

443 2095 529 2162 mut,
557 2091 683 2149 virtutes
711 2090 848 2148 metricas
877 2104 1029 2164 corporum
1057 2086 1229 2147 coelestium
1259 2103 1324 2146 esso
1353 2087 1589 2164 simplicissimae
1613 2088 1805 2163 substantiae,

441 2183 556 2237 mentes
587 2177 724 2234 nimirum
754 2175 870 2235 divinas
899 2184 928 2234 ct
957 2175 1144 2251 purissimas,
1178 2171 1357 2250 quaequod
1384 2183 1477 2250 agunt
1509 2182 1677 2236 constanter
1706 2183 1805 2253 agant,

441 2271 586 2339 perpetuo
607 2263 738 2341 similes,
769 2262 1008 2339 aequabilissima
1031 2264 1218 2328 contentione
1242 2263 1347 2321 virium
1370 2279 1455 2335 usas,
1483 2279 1633 2340 nunquam
1656 2263 1805 2341 fatigatae,

442 2354 514 2427 qula
536 2349 669 2411 laborem
690 2350 804 2409 uullum
827 2352 965 2409 sentiant.
1010 2348 1137 2408 Causam
1160 2351 1260 2425 itaque
1283 2348 1396 2408 nullam
1419 2366 1500 2423 esse,
1529 2349 1668 2411 curaliis
1692 2360 1806 2429 tempo·

441 2439 523 2497 ribus
552 2438 638 2499 aliter
664 2446 803 2498 moveant
830 2455 902 2497 suos
928 2437 1051 2513 globos,
1081 2437 1217 2513 adeoque
1247 2437 1337 2495 etiam
1366 2436 1476 2513 figuras
1506 2445 1638 2498 motuum
1662 2439 1702 2498 ob
1729 2439 1806 2498 banc

444 2528 542 2603 ipram
565 2527 707 2586 mentium
730 2535 864 2586 naturam
886 2525 1113 2601 perlectissimes
1137 2540 1202 2584 esse
1225 2524 1360 2583 circulos.

536 2613 619 2691 Quid
646 2621 680 2672 tu
707 2621 817 2673 eorum
846 2612 996 2690 opponis?
1027 2612 1090 2670 Etsi
1118 2613 1214 2671 virtus
1242 2615 1348 2670 matrix
1380 2626 1476 2687 neque
1498 2611 1583 2671 Deus
1613 2612 1721 2688 aliquis
1751 2619 1805 2688 est,

446 2717 545 2778 neque
568 2718 663 2774 mens,
691 2699 908 2761 concedendum
931 2709 1029 2759 tamen
1052 2706 1110 2772 est,
1143 2696 1222 2774 quod
1246 2698 1310 2758 rult
1331 2706 1552 2773 argumentum,
1582 2702 1689 2776 partim
1718 2702 1806 2761 etlam

446 2786 482 2846 de
515 2787 568 2846 illa
597 2805 687 2848 causa
714 2791 849 2861 metrice,
875 2805 961 2864 quem
985 2788 1082 2846 verior
1103 2785 1292 2863 philosophia
1314 2787 1458 2860 insinuat,
1481 2785 1593 2847 scilicet
1615 2786 1651 2847 de
1673 2790 1807 2864 potentia

445 2874 575 2936 naturali
597 2892 766 2952 corporum,
791 2875 871 2952 quod
895 2876 1063 2950 ubicunqne
1086 2884 1117 2932 et
1137 2876 1166 2932 in
1191 2880 1332 2949 quantum
1355 2872 1423 2933 talis
1445 2877 1578 2949 potentia
1600 2884 1645 2935 est
1666 2873 1806 2959 solitaria,

444 2961 685 3039 aequabilissims
708 2971 738 3022 et
760 2965 789 3021 in
811 2963 972 3040 perlectum
995 2960 1135 3020 circulum
1158 2968 1290 3035 moreat,
1319 2960 1408 3037 idque
1440 2961 1505 3021 sola
1527 2965 1608 3022 nisus
1630 2965 1805 3023 necessitate

443 3057 474 3110 et
496 3053 643 3110 esseutiae
665 3068 738 3109 suae
759 3050 948 3126 simplicitate
969 3049 1100 3125 perenni.
1145 3048 1195 3108 Sic
1216 3046 1250 3107 fit
1271 3050 1300 3105 iu
1324 3048 1533 3110 convolutione
1555 3066 1710 3128 corporum
1724 3048 1804 3112 Solis

444 3138 489 3216 (et
510 3139 586 3198 lorte
615 3141 705 3199 etiam
728 3136 887 3213 Telluris),
918 3155 995 3213 quae
1018 3136 1056 3196 ab
1078 3153 1139 3195 uua
1161 3135 1225 3197 sola
1249 3153 1340 3197 causa
1362 3140 1484 3199 metrice
1507 3146 1565 3208 est,
1589 3156 1641 3200 sen
1665 3139 1717 3199 llla
1741 3156 1807 3200 cor·

443 3227 526 3303 peris
557 3227 596 3285 sit
612 3226 769 3310 qualitas,
798 3243 851 3287 seu
874 3224 993 3285 soboles
1014 3226 1145 3299 animae,
1174 3227 1289 3300 corpori
1320 3235 1471 3286 connatae.
1515 3225 1618 3287 Manet
1641 3230 1717 3288 euim
1741 3229 1805 3287 axis

444 3331 511 3373 cum
535 3310 651 3373 duobus
674 3314 819 3391 oppositis
840 3312 937 3392 polis,
966 3328 1072 3388 corpus
1100 3328 1171 3372 vero
1199 3314 1276 3373 circa
1305 3329 1391 3373 axem
1415 3312 1545 3373 volvitur
1568 3315 1807 3391 aequabilisslme

444 3410 474 3461 et
498 3399 733 3461 circularissime.
778 3401 827 3461 Sic
849 3401 931 3461 tieret
945 3402 1043 3474 etiam,
1067 3401 1093 3458 si
1116 3399 1222 3477 globus
1237 3399 1345 3476 aliquis
1367 3399 1548 3477 planetarius
1567 3401 1671 3463 eedem
1693 3419 1809 3480 semper

443 3486 603 3548 intervallo
625 3506 646 3548 a
666 3488 737 3549 Sole
760 3489 895 3563 abesset;
924 3494 1075 3565 raperetur
1105 3489 1183 3548 enim
1210 3485 1322 3547 aSole
1344 3488 1587 3564 perfectissimum
1615 3492 1645 3549 in
1668 3489 1809 3551 clr'culum

446 3576 689 3652 aequabillsslms
711 3593 763 3653 per
785 3578 921 3636 emissam
943 3576 1071 3651 speciem
1094 3576 1319 3635 immaterialem
1349 3579 1477 3653 corporis
1500 3576 1620 3651 Solarls,
1644 3581 1672 3636 in
1696 3595 1809 3656 aequa-

446 3663 592 3723 bilissimo
614 3665 778 3741 gyrationis
800 3674 881 3724 motu
904 3665 1069 3737 constituti,
1101 3679 1160 3739 quo
1192 3660 1297 3723 eedem
1326 3662 1566 3739 aequabilissimo
1590 3673 1671 3725 motu
1695 3666 1808 3743 species

444 3754 535 3811 etiam
565 3752 623 3811 ista
653 3754 784 3828 corporis
813 3754 842 3809 in
872 3749 1065 3828 amplitudine
1097 3752 1186 3827 spatii
1208 3750 1349 3810 mundani
1373 3752 1521 3831 circumit,
1549 3754 1642 3812 instar
1672 3754 1808 3813 concitati

443 3839 577 3900 vorticis.

534 3927 576 3985 st
598 3928 736 4002 quamvis
758 3925 900 3986 hactenus
924 3925 1154 3985 concesserimus
1177 3930 1381 3999 argumentum
1398 3930 1540 3998 veterum,
1565 3923 1694 3983 nondum
1709 3931 1808 3984 tamen

443 4013 512 4074 bino
535 4015 670 4089 sequitur
691 4013 861 4073 omnimoda
882 4021 1014 4073 motuum
1038 4010 1213 4087 aequalitas.
1259 4010 1305 4074 Ad
1328 4017 1440 4070 motum
1460 4012 1536 4069 enim
1560 4020 1734 4071 concurrunt
1749 4026 1807 4071 non

445 4109 561 4161 untnm
585 4103 679 4160 virtus
708 4104 815 4160 matrix
844 4108 875 4161 et
902 4117 1008 4177 corpus
1030 4098 1159 4174 mobile,
1189 4098 1242 4158 sed
1273 4100 1361 4159 etlam
1384 4100 1497 4158 iuterna
1519 4098 1655 4177 figuratio
1678 4100 1807 4176 corporis

445 4188 566 4250 mobilis
588 4188 756 4264 rectilinea,
781 4206 857 4264 quae
879 4205 932 4265 pro
956 4187 1074 4249 diverso
1096 4188 1155 4247 situ
1178 4184 1217 4246 ad
1238 4185 1338 4247 Solem
1363 4184 1556 4246 diversimode
1572 4188 1661 4247 etiam
1682 4188 1809 4246 inmota

444 4276 581 4348 allicitur,
606 4293 642 4335 ex
664 4293 724 4335 una
745 4275 835 4353 plaga
859 4275 1030 4353 expellitur,
1055 4293 1091 4336 ex
1114 4274 1208 4334 altera
1229 4273 1354 4334 trahitur
1376 4275 1548 4351 introrsnm3
1577 4276 1722 4336 concurrit
1743 4276 1807 4334 arla

442 4365 605 4442 magnetici
627 4362 663 4423 de
685 4363 787 4424 mobili
811 4380 933 4443 corpore
956 4367 1040 4442 quies
1064 4365 1092 4421 in
1115 4364 1174 4422 situ
1196 4361 1359 4440 parallelo,
1380 4379 1417 4421 ex
1439 4379 1498 4437 qua
1522 4365 1620 4439 quiete
1643 4365 1757 4424 interna
1779 4369 1809 4422 et

443 4469 477 4512 ex
500 4454 780 4528 circumgestationc
793 4452 832 4511 ab
855 4461 938 4511 extra
960 4454 1095 4512 veniente
1118 4452 1217 4510 existit
1232 4449 1285 4509 illa
1305 4452 1482 4526 permutatio
1497 4452 1571 4509 situs
1593 4453 1720 4526 partium
1739 4448 1808 4528 pla·

442 4547 529 4601 natae
553 4537 593 4600 ad
614 4537 732 4615 Solem;
756 4541 901 4600 concurrit
923 4537 1050 4615 denique
1072 4536 1261 4598 intervallum
1283 4537 1469 4598 interSolem
1492 4547 1521 4597 et
1543 4536 1703 4614 planetam,
1727 4535 1806 4614 quod

441 4645 494 4705 per
524 4625 610 4687 illam
638 4627 855 4704 expulsionem⁴
872 4634 901 4687 et
929 4628 1133 4685 attractionem
1164 4627 1311 4684 variatur:
1349 4632 1463 4685 mutato
1491 4642 1562 4685 vero
1591 4624 1748 4686 intervallo
1779 4632 1808 4684 et

442 4714 567 4792 planeta
590 4718 728 4775 veniente
751 4718 781 4775 in
805 4718 943 4774 virtutem
965 4712 1129 4774 densiorem
1153 4718 1205 4771 aut
1227 4714 1375 4786 rariorem,
1398 4727 1518 4773 necesse
1541 4720 1587 4772 est
1608 4721 1719 4774 motum
1743 4712 1808 4789 eJ‘us

442 4804 533 4862 etiam
557 4801 672 4862 intendi
694 4803 743 4863 rel
766 4805 872 4862 remitti
896 4808 927 4860 et
947 4799 1068 4878 liguram
1091 4799 1203 4859 itineris
1218 4799 1279 4859 fieri
1302 4799 1470 4877 elltpricam.
1515 4799 1562 4859 Ita
1584 4813 1719 4879 respectu
1734 4814 1808 4859 con-

443 4906 549 4950 cursus
571 4896 616 4949 tot
637 4891 845 4966 requisitorum
868 4891 961 4949 virtus
983 4888 1133 4965 planetam
1155 4904 1278 4948 movens
1300 4903 1358 4946 non
1382 4893 1480 4964 potest
1503 4886 1561 4947 dici
1582 4887 1714 4967 simplex,
1738 4887 1809 4962 qnia

441 4984 545 5039 movet
565 4977 628 5038 alio
651 4987 742 5053 atque
765 4976 824 5038 alio
847 4976 940 5053 gradu
963 4993 1035 5035 suae
1057 4976 1175 5052 speciei.

533 5065 625 5143 Quod
645 5073 714 5125 erat
733 5072 869 5124 nemnem
893 5070 1110 5140 argumentum
1133 5083 1153 5121 u
1175 5062 1262 5124 lece?
1290 5060 1340 5122 Sic
1371 5060 1568 5140 collegerunt:
1601 5062 1807 5122 elementarem

441 5155 592 5232 regionam
622 5155 700 5213 circa
722 5159 853 5212 centrum
874 5152 975 5212 mundi
1006 5166 1088 5223 esse,
1120 5148 1234 5212 coelum
1256 5151 1286 5208 ln
1315 5149 1485 5226 superficie,
1516 5148 1687 5227 corporibus
1718 5147 1808 5224 igitur

441 5236 672 5304 elementaribus
707 5248 872 5319 competere
905 5246 1016 5301 rectum
1050 5245 1179 5314 motum,
1214 5239 1265 5315 qui
1299 5239 1476 5315 principium
1509 5245 1538 5298 et
1571 5236 1659 5296 finem
1686 5233 1806 5310 babeat,
