4459 6275
802 788 947 858 Epitomcs
966 784 1157 844 astronomiae
1182 786 1267 843 hiber
1283 790 1431 860 Septimus.
1697 869 1699 873 Ι
1731 794 1793 859 519

434 968 523 1047 polos
544 968 771 1042 traustmornnt,
799 975 833 1027 nt
862 969 918 1028 sub
947 958 1035 1044 hujus
1066 967 1143 1045 polit
1173 967 1325 1045 eclipticas
1356 967 1499 1028 adibniatl
1531 980 1629 1031 essent
1661 974 1722 1050 poli
1743 986 1798 1034 ec·

435 1067 526 1116 tavae
560 1056 681 1116 lixarum
721 1056 878 1133 sphaerae,
924 1074 1000 1133 quae
1041 1073 1126 1114 suum
1164 1057 1251 1114 etiam
1287 1054 1440 1115 zodiacum
1478 1063 1509 1114 ut
1546 1060 1627 1134 prius
1665 1061 1796 1137 haberet,

434 1142 603 1220 atqnerhic
625 1151 749 1203 octavae
772 1143 909 1202 zodiacus
934 1143 989 1202 snb
1012 1143 1063 1202 illo
1085 1158 1185 1202 nonae
1208 1159 1321 1201 rursum
1343 1158 1536 1219 prensumque
1563 1154 1679 1207 nutaret
1700 1153 1797 1227 spatio

434 1230 551 1307 aliquot
571 1229 723 1308 graduum.
768 1230 855 1290 Hunc
877 1238 988 1290 motum
1011 1244 1148 1291 accessus
1172 1237 1201 1290 et
1224 1246 1355 1290 recessus
1378 1228 1580 1307 appellarunt,
1608 1250 1660 1294 seu
1683 1246 1795 1296 motum

437 1317 653 1394 trepidationis.
754 1323 757 1331 '

523 1405 755 1465 Succedentibus
780 1421 848 1463 vero
871 1405 979 1463 seculis
996 1406 1177 1480 experientia
1192 1403 1300 1476 docuit,
1325 1404 1407 1475 fixas,
1433 1405 1563 1464 transitis
1587 1409 1723 1473 omnibus
1738 1414 1797 1468 ler-

433 1494 532 1565 minls,
555 1495 743 1569 antiquorum
760 1493 903 1570 opinione
921 1493 1119 1569 praescriptis,
1144 1508 1265 1568 pergere
1281 1494 1417 1551 continue
1432 1508 1486 1552 nec
1500 1495 1608 1553 reverti
1625 1498 1653 1553 in
1671 1498 1796 1572 vestigia

433 1583 542 1658 priora.
588 1580 792 1640 Necessarium
818 1583 919 1656 itaque
942 1586 1135 1651 censuerunt,
1169 1581 1258 1638 etiam
1290 1578 1358 1638 lruic
1381 1596 1477 1639 nonae
1507 1581 1651 1658 sphaerae
1683 1583 1795 1643 mutoth
1830 1621 1837 1634 ·

432 1669 584 1746 proprium
607 1667 676 1726 dara
698 1668 784 1743 elque
807 1666 949 1726 decimam
974 1664 1167 1736 circumdare,
1192 1683 1277 1741 quae,
1302 1665 1381 1742 quod
1403 1669 1488 1742 primi
1511 1677 1650 1744 octavae,
1674 1668 1796 1731 secundi
1849 1705 1854 1716 .

432 1770 530 1814 nonae
553 1770 659 1814 munus
681 1752 775 1836 (primi
798 1750 907 1834 motus)
928 1755 1138 1833 assignassent,
1161 1755 1225 1830 ipsa
1241 1753 1457 1812 administrarat
1474 1755 1657 1833 circuloaque
1681 1775 1794 1835 aequa·

433 1851 527 1903 torem
552 1851 581 1900 et
595 1842 747 1902 zodiacum
770 1841 892 1918 ejusque
908 1840 992 1919 polos
1016 1841 1119 1900 diurno
1134 1847 1215 1900 motu
1240 1838 1363 1899 mobiles
1379 1840 1508 1914 haberet,
1533 1843 1591 1920 poli
1611 1860 1679 1904 vero
1703 1846 1796 1922 eclip-

432 1933 511 1990 ticac
534 1946 629 1990 trouae
651 1929 794 2007 sphaerae
816 1930 893 2006 polis
916 1928 1069 2008 eclipticac
1093 1928 1223 1988 decimae
1247 1928 1456 2000 adhaererent,
1481 1936 1564 1989 utet
1587 1933 1646 2008 poli
1671 1942 1793 1992 octavae

432 2017 512 2096 polis
541 2034 645 2076 nonae.
690 2017 796 2092 ltaque
823 2018 996 2076 circumibat
1022 2016 1137 2077 decima
1167 2017 1205 2074 ab
1235 2023 1299 2074 ortu
1331 2018 1359 2071 in
1394 2032 1530 2074 occasum
1562 2022 1658 2093 spatio
1691 2019 1794 2078 diurno

435 2108 515 2165 circa
536 2105 621 2181 polos
638 2103 736 2162 muudi
753 2106 926 2173 immobiles,
952 2114 1043 2163 totam
1058 2112 1196 2180 torquens
1209 2103 1382 2175 machinam,
1407 2103 1529 2179 repebat
1552 2106 1687 2181 ecliptica
1701 2125 1796 2167 nouae

434 2193 493 2252 sub
516 2192 651 2268 ecliptica
673 2191 804 2250 decimae
827 2195 856 2249 in
879 2194 1055 2251 contrarium
1082 2192 1121 2250 ab
1144 2208 1250 2249 occasu
1274 2193 1303 2248 iu
1327 2197 1421 2265 ortum
1445 2194 1522 2249 circa
1544 2192 1627 2268 polos
1650 2197 1793 2271 proprios,

433 2277 593 2339 absolvens
616 2278 767 2354 aequabili
789 2287 871 2338 motu
895 2296 981 2337 unam
1005 2279 1156 2355 periodum
1180 2278 1339 2336 secundum
1364 2277 1565 2354 Alphonsinos
1588 2283 1685 2357 spatio
1709 2283 1794 2340 unius

430 2366 558 2444 jubilaei
579 2365 807 2424 millenariorum
830 2383 882 2424 seu
907 2368 1014 2426 49000
1029 2368 1123 2439 annis,
1147 2365 1312 2440 trepidabat
1335 2364 1471 2441 ecliptica
1487 2374 1610 2427 octavae
1633 2369 1688 2427 sub
1703 2368 1796 2445 eclip-

434 2458 495 2514 tica
523 2468 618 2512 nonae
647 2460 729 2512 motu
757 2456 922 2531 reciproco,
950 2460 983 2512 ut
1005 2455 1100 2530 prins,
1133 2454 1157 2510 sl
1190 2452 1344 2528 trepidatio
1375 2450 1433 2510 dici
1454 2460 1568 2528 potest,
1600 2472 1676 2532 quae
1699 2460 1795 2532 spatie

436 2541 527 2601 7000
545 2557 686 2599 annornm
710 2542 805 2600 vicem
827 2535 940 2617 peragit
956 2557 1061 2615 nnam3
1085 2552 1145 2616 qua
1167 2537 1360 2614 trepidatione
1377 2546 1474 2598 motus
1496 2557 1593 2601 nouae
1617 2541 1664 2600 vel
1679 2541 1795 2604 accele-

433 2630 555 2690 rabatur
578 2627 625 2687 vel
647 2627 857 2688 retardabatur.

525 2713 612 2775 Hanc
640 2717 878 2791 imaginationem
908 2717 993 2773 trium
1021 2711 1220 2789 eclipticarum
1252 2714 1280 2769 in
1313 2729 1371 2770 nno
1402 2722 1431 2772 et
1463 2712 1565 2773 codem
1598 2712 1688 2790 plano
1719 2723 1792 2792 puto

436 2804 565 2862 numeria
582 2805 780 2862 astronomiae
804 2804 910 2862 veteris
927 2801 1194 2862 convenientiorem
1217 2817 1290 2863 csse.
1335 2799 1410 2857 Nam
1428 2803 1478 2877 qui
1496 2801 1674 2862 deflexiones
1690 2804 1795 2880 capitis

434 2893 546 2951 Arietis
575 2899 604 2950 et
629 2891 733 2950 iribrac
764 2890 801 2949 ad
834 2891 926 2951 latera
956 2887 1054 2948 muudi
1085 2891 1115 2946 iu
1138 2886 1260 2946 circellis
1289 2886 1525 2963 introduxerunt,
1556 2891 1576 2946 ii
1605 2907 1637 2950 se
1660 2892 1741 2966 ipsos
1765 2900 1795 2951 et

434 2980 562 3039 lectores
586 2994 644 3037 una
665 2996 765 3038 secum
788 2979 891 3038 misere
914 2977 1134 3054 perturbarunt,
1158 2975 1318 3050 primorum
1340 2982 1491 3035 auctorum
1515 2978 1657 3036 intentum
1681 2984 1710 3037 et
1733 2980 1795 3039 vim

434 3082 622 3125 numerorum
655 3083 713 3123 non
737 3071 950 3141 expresserunt.
996 3065 1117 3133 Fateor,
1142 3062 1273 3121 circellos
1296 3063 1331 3120 iis
1356 3064 1386 3120 in
1408 3065 1506 3123 animo
1530 3064 1618 3123 luisse
1641 3065 1796 3126 movendis

415 3155 598 3232 ·capitibus,
632 3154 661 3211 id
690 3162 735 3212 cst
763 3155 853 3212 initiis
881 3154 990 3212 Arietis
1018 3159 1048 3210 et
1077 3149 1202 3222 Librae,
1230 3149 1281 3209 sed
1312 3150 1341 3209 id
1371 3152 1401 3208 iu
1430 3148 1578 3210 diametris
1602 3152 1794 3229 circellorum,

433 3241 595 3302 secundum
619 3240 829 3316 longitudinem
854 3239 1053 3316 eclipticarum
1076 3240 1212 3310 extensis,
1236 3254 1294 3296 non
1318 3240 1346 3295 in
1371 3240 1619 3315 circumferentiis,
1642 3239 1681 3299 ad
1703 3240 1797 3301 latera

436 3327 539 3390 mundi
563 3329 791 3387 excurrentibus.
836 3327 913 3387 Nam
935 3329 1126 3386 mutationem
1151 3325 1332 3402 obliquitatis
1355 3325 1509 3401 eclipticac
1525 3343 1577 3403 per
1599 3326 1676 3387 hanc
1698 3326 1796 3405 hypo·

431 3417 530 3476 thesin
554 3431 611 3473 non
634 3422 934 3491 repraesentaverunt,
959 3422 1035 3475 certe
1059 3430 1118 3472 non
1141 3410 1238 3490 quoad
1262 3413 1465 3490 quantitatem,
1489 3431 1543 3474 nec
1568 3413 1636 3489 luit,
1667 3417 1717 3491 qui
1740 3413 1797 3476 hoc

435 3503 484 3563 vel
510 3502 614 3563 leviter
636 3510 762 3561 tentaret
785 3511 852 3562 anta
876 3503 1078 3579 Copernicum.

526 3590 606 3664 Quid
625 3591 659 3665 tit
681 3590 716 3648 dc
738 3592 868 3650 motibus
887 3591 932 3649 hia
954 3600 1087 3663 octovas,
1108 3605 1210 3646 nonae
1230 3586 1422 3663 dammasque
1444 3587 1592 3663 sphaerae
1614 3585 1708 3665 deque
1723 3588 1797 3663 ipsis

431 3678 511 3737 adeo
540 3676 677 3753 sphaeris
706 3680 740 3736 in
764 3681 952 3738 astronomia
979 3673 1159 3751 Oopcrnicii
1199 3672 1310 3748 Dejicit
1338 3669 1391 3732 illa
1413 3692 1611 3752 supervacuas
1635 3684 1664 3733 et
1688 3691 1797 3734 vacuas

433 3765 531 3825 stallis
555 3781 662 3823 notram
686 3774 715 3823 et
739 3765 889 3834 decimam,
918 3773 1052 3824 octavam
1075 3778 1129 3820 seu
1152 3760 1275 3818 lixarum
1297 3760 1453 3836 sphaeram
1476 3760 1584 3820 mundo
1609 3780 1660 3838 pro
1684 3764 1796 3838 pariete

433 3855 547 3914 extimo
570 3851 709 3928 relinquit
737 3854 854 3929 penitus
878 3850 1073 3922 imnrobilcm3
1107 3853 1203 3905 motus
1234 3864 1303 3905 vero
1327 3865 1429 3907 omines
1452 3857 1509 3906 tres
1533 3858 1561 3907 et
1584 3846 1724 3923 quicquid
1749 3850 1796 3903 in·
1851 3876 1855 3885 ·

433 3956 525 4017 super
547 3957 582 3995 ex
606 3957 641 3999 eo
665 3950 795 4016 tempore
819 3942 888 3998 novi
913 3937 1123 4013 deprehensum
1149 3940 1207 4007 est,
1236 3935 1266 3990 in
1289 3935 1408 3992 unicum
1430 3935 1550 4010 globum
1574 3935 1701 3993 Telluris
1724 3951 1796 3993 con·

436 4029 503 4089 lert.
550 4024 625 4086 Vide
648 4026 753 4085 librurn
778 4025 830 4083 IV.
854 4025 903 4083 iol.
928 4026 999 4083 356.
1025 4024 1097 4082 358.
1855 4029 1860 4036 '

526 4115 640 4172 Primus
664 4116 739 4172 enim
762 4131 813 4172 seu
838 4112 957 4170 dinmus
980 4117 1085 4181 motus,
1110 4123 1196 4184 quem
1220 4123 1274 4165 nos
1298 4108 1339 4165 ire
1362 4115 1498 4183 putamus
1514 4109 1552 4166 ab
1575 4117 1639 4165 ortu
1655 4107 1682 4164 in
1708 4123 1797 4167 occa·

435 4220 521 4275 sum,
552 4217 609 4260 non
640 4201 715 4259 ineat
738 4203 792 4260 toti
815 4199 966 4258 machinae
989 4195 1102 4267 mnndi,
1135 4192 1186 4254 sed
1218 4195 1304 4252 unico
1335 4192 1456 4269 globulo
1487 4194 1646 4254 exilissimo
1669 4193 1797 4253 Telluris

433 4308 528 4366 super
543 4289 620 4365 polis
642 4289 703 4346 suis
719 4290 852 4365 propriis,
877 4289 926 4363 qui
943 4284 1003 4365 poli
1026 4279 1124 4343 mundi
1141 4281 1336 4361 appellentur,
1361 4299 1396 4340 eo
1414 4283 1493 4357 quod
1516 4291 1630 4341 veteres
1654 4277 1797 4341 decimam
1858 4351 1860 4355 Ι

434 4378 593 4456 sphaeram
617 4383 732 4434 etcum
757 4393 791 4434 ea
815 4384 906 4433 totam
929 4373 1028 4432 mundi
1053 4371 1217 4431 machinam
1241 4371 1317 4427 circa
1340 4368 1464 4427 eundem
1488 4386 1573 4429 axem
1595 4371 1797 4429 continuatum

434 4467 562 4543 ejusque
585 4460 670 4538 polos
693 4463 773 4521 volvi
798 4461 980 4531 crediderint,
1005 4468 1037 4519 ut
1059 4460 1134 4519 libro
1158 4459 1250 4535 primo
1274 4458 1393 4534 copiose
1417 4453 1668 4534 disputatumest.
1706 4455 1797 4516 l'lxa·

435 4571 501 4612 rum
526 4568 595 4610 vero
619 4551 791 4625 imaginaria
814 4551 1001 4626 transpositio
1030 4550 1058 4604 in
1082 4545 1191 4623 gradus
1220 4546 1368 4620 signorum
1399 4554 1556 4619 sequentes
1579 4561 1636 4603 non
1660 4550 1797 4603 cat'vcra

436 4649 468 4700 ct
491 4639 615 4717 physica
639 4640 740 4715 motio,
764 4655 828 4695 cnm
853 4634 959 4712 gradus
983 4635 1105 4693 illinon
1129 4636 1186 4691 sint
1209 4631 1291 4690 locus
1315 4629 1454 4708 physicus
1476 4630 1568 4703 alius,
1598 4631 1651 4691 sed
1673 4649 1704 4691 re
1727 4650 1798 4691 vera

436 4727 527 4786 iidem
550 4732 767 4801 permanentes,
792 4724 876 4782 aliter
899 4731 1011 4783 tantum
1035 4728 1237 4792 nunnereutur3
1262 4735 1316 4777 nec
1338 4725 1506 4778 accrescunt
1528 4718 1593 4778 lixis
1617 4721 1721 4797 spatia,
1745 4717 1797 4777 aed

436 4816 543 4892 spatiis
566 4814 706 4871 accrescit
729 4829 873 4869 numerus.
921 4810 996 4869 vido
1021 4809 1125 4868 librum
1151 4808 1203 4865 lli.
1227 4806 1277 4863 iol.
1301 4807 1373 4864 273.

529 4905 613 4975 Quae
635 4916 728 4958 cauae
752 4906 805 4969 eet,
829 4899 1041 4975 eracliensem
1063 4897 1133 4955 locis
1155 4896 1426 4954 cameracensibus
1447 4894 1615 4953 seculorum
1647 4899 1799 4968 nugentur
1878 4921 1884 4929 ·

436 4987 639 5048 numeratio?
674 4985 751 5061 Quin
779 4985 891 5045 zodiaci
917 4987 1043 5062 partium
1068 4982 1279 5043 numerationis
1308 4982 1422 5037 initium
1453 4980 1485 5038 lit
1508 5000 1526 5039 a
1548 4982 1677 5039 sectione
1704 4978 1796 5055 eclip-

438 5079 517 5137 ticac
541 5082 570 5134 ct
592 5076 769 5150 aequaturis,
794 5081 826 5131 nt
848 5074 922 5133 libro
945 5072 984 5131 11.
1009 5071 1059 5130 lol.
1083 5074 1156 5131 ⁴203.
1177 5068 1335 5128 indicatum
1358 5075 1411 5126 est.
1455 5066 1525 5127 dam
1549 5084 1618 5125 voro
1635 5068 1797 5126 sectionum

437 5171 549 5243 puncta
572 5161 760 5222 retrocedunt
784 5162 821 5221 ab
844 5167 909 5222 ortu
933 5162 961 5220 in
987 5175 1132 5232 occasum,
1157 5175 1215 5237 qna
1237 5156 1351 5216 ratione
1374 5154 1422 5229 tlt,
1447 5163 1480 5216 ut
1502 5155 1604 5216 eadem
1627 5152 1702 5232 dra,
1733 5172 1797 5217 rna·
