4459 6275
440 780 503 843 208
932 770 1073 842 Epiruma
1091 769 1281 827 Astronomiae

439 956 560 1014 venient
591 955 620 1011 in
644 951 760 1027 Leone,
790 967 867 1012 auno
893 952 975 1011 1643
999 952 1028 1009 in
1053 949 1170 1024 Ariete,
1200 967 1278 1011 euno
1311 951 1393 1010 1663
1425 968 1538 1012 rursum
1562 956 1591 1014 in
1614 953 1794 1033 Szglharicr

437 1049 507 1119 post
530 1042 593 1101 200
615 1056 709 1101 annos
730 1046 882 1100 nauseant
904 1036 959 1099 hee
983 1037 1205 1114 conjunctiones
1226 1040 1257 1096 in
1281 1036 1341 1097 alia
1362 1040 1417 1098 tria
1446 1040 1540 1116 signa
1585 1042 1634 1103 Ira
1658 1043 1794 1105 emnem

437 1137 564 1206 quatuor
578 1128 723 1188 classibus
744 1125 887 1187 absolutis
909 1131 977 1203 post
993 1126 1055 1185 600
1069 1140 1162 1185 anuos
1186 1124 1218 1183 fit
1239 1142 1336 1185 novus
1359 1125 1493 1186 circulus.
1517 1134 1764 1201 (antipate.)

453 1228 458 1249 ¹
524 1213 675 1292 Astrologi
703 1230 809 1274 nomen
838 1213 884 1273 bis
913 1212 1056 1273 elassibus
1085 1220 1246 1290 posuerunt
1275 1220 1440 1288 aquatuor
1468 1212 1631 1276 elementis.
1676 1215 1794 1279 Prituur

439 1302 603 1381 aimguius
633 1305 736 1379 igneus
759 1300 864 1361 dicitur
886 1300 1034 1376 habetque
1056 1300 1200 1372 Arietem,
1226 1299 1367 1372 Leonem,
1392 1300 1592 1376 Sagittarium
1638 1301 1793 1365 Secundus

441 1399 567 1465 terreus,
595 1389 686 1450 babet
708 1389 852 1462 Taurum,
885 1387 1050 1464 Virginem,
1081 1385 1299 1464 Capricornum.
1346 1387 1463 1447 Tertiae
1485 1394 1607 1451 aereus:
1641 1388 1794 1467 Geminos,

436 1477 555 1539 Libram
579 1486 608 1537 et
631 1476 801 1552 Aquarium.
846 1473 975 1550 Quartus
998 1491 1126 1551 aqueus:
1150 1474 1303 1549 Cancrum,
1327 1473 1481 1552 Scorpium
1504 1485 1534 1537 ct
1555 1477 1667 1539 Pisces.

529 1564 611 1642 Quot
640 1563 737 1624 modia
763 1565 885 1638 rignum
913 1565 997 1621 etin
1025 1564 1112 1637 signo
1133 1577 1193 1620 ease
1213 1561 1407 1638 usurpatur?
1436 1563 1544 1624 Tribus
1566 1565 1673 1626 modis.
1720 1566 1795 1628 litat

437 1650 532 1712 divisa
546 1649 808 1729 sphaerafinarum
829 1667 881 1709 sex
897 1649 1021 1722 circulis,
1044 1666 1096 1724 per
1118 1646 1270 1725 eclipticae
1293 1650 1379 1726 polos
1403 1652 1549 1727 euntibus,
1574 1654 1602 1711 in
1625 1660 1729 1731 partes
1747 1656 1800 1727 12,

436 1741 550 1816 signum
580 1755 670 1798 unam
703 1745 747 1797 est
777 1735 824 1797 rei
857 1735 1009 1812 eclipticas
1033 1734 1080 1795 vel
1103 1734 1216 1795 zodiaci
1241 1734 1288 1796 vel
1317 1738 1406 1797 etiam
1438 1739 1529 1798 totius
1551 1740 1699 1817 sphaerae
1721 1739 1797 1802 baz-

439 1843 501 1886 rum
524 1844 594 1904 pars
616 1823 799 1897 duodecime,
822 1841 916 1900 usqae
939 1823 977 1882 ad
999 1821 1084 1900 polos
1107 1820 1260 1898 eclipticae
1282 1827 1418 1902 utrinque
1441 1828 1629 1903 continuate3
1653 1836 1684 1888 et
1700 1830 1795 1907 primo

439 1913 527 1974 modo
549 1911 602 1974 Sol
625 1914 656 1971 in
683 1913 768 1989 signo
798 1928 864 1971 esse
893 1909 1014 1984 dicitur,
1047 1909 1193 1970 secundus
1222 1911 1327 1971 modus
1349 1914 1476 1989 planetis
1497 1914 1536 1975 ab
1558 1914 1698 1993 ecliptica
1723 1932 1797 1977 ere-

438 2000 578 2078 gentibus
608 2007 638 2059 et
667 1996 846 2076 quibusdam
876 1996 941 2057 lixis
970 1998 1125 2075 competit,
1155 1999 1257 2057 tertius
1278 1997 1343 2060 lixis
1367 2003 1487 2077 ceteris;
1518 2018 1620 2063 omues
1643 2019 1716 2065 roro
1738 2012 1796 2067 iret

436 2087 518 2149 modi
540 2093 710 2164 competunt
732 2087 855 2147 cometis
876 2102 930 2163 pro
952 2102 983 2146 re
1005 2092 1085 2146 nata.

642 2292 644 2299 .
879 2241 931 2301 De
962 2241 1175 2302 Ventorum
1205 2240 1353 2318 Plagis.

528 2326 686 2442 Quomodo
706 2370 823 2424 nareae
843 2364 938 2424 solent
966 2364 1152 2424 horizontem
1175 2362 1330 2422 dividere?
1362 2363 1584 2440 Antiquissimis
1613 2369 1797 2445 temporibus

437 2458 563 2529 quatuor
585 2451 744 2510 horizontis
767 2451 944 2528 quadrantes
969 2452 1212 2528 agnoscebantur,
1236 2468 1254 2509 a
1277 2457 1403 2527 quatuor
1425 2451 1525 2510 mundi
1549 2451 1720 2516 cardinibus
1740 2454 1796 2518 de·

436 2539 535 2616 scripti
565 2537 746 2616 totidemque
775 2545 928 2598 ventorum
957 2538 1125 2599 nominibus
1154 2540 1291 2615 insignes.
1340 2537 1426 2598 Venti
1456 2555 1485 2599 n.
1513 2539 1552 2598 ab
1574 2539 1707 2602 Homero
1736 2558 1796 2605 aaa

439 2626 541 2704 plures
562 2627 764 2699 nominantur,
795 2644 884 2702 quam
906 2625 937 2684 hi
960 2633 1101 2703 quatuor,
1125 2625 1220 2685 Eurus
1243 2626 1316 2685 dans
1339 2625 1377 2684 ab
1401 2633 1475 2700 ortu,
1502 2627 1657 2706 Zephyrus
1680 2630 1720 2691 eb
1742 2647 1797 2691 oe·

437 2730 526 2787 casu,
554 2713 667 2774 Boreas
689 2731 708 2773 a
730 2715 945 2790 septentrione,
976 2712 1072 2773 Notus
1094 2729 1113 2771 a
1135 2710 1265 2773 meridie.
1301 2711 1408 2772 Graeci
1436 2730 1505 2773 vero
1528 2718 1722 2792 posteriores,
1753 2720 1794 2779 rei

435 2803 573 2862 nauticae
596 2800 697 2876 dediti,
720 2801 858 2861 subtilius
880 2800 1063 2861 horizontem
1086 2799 1274 2860 subdividere
1297 2808 1471 2876 coeperunt,
1505 2808 1600 2861 ortum
1623 2803 1743 2882 quidem
1764 2814 1795 2867 et

438 2888 576 2950 occasum
600 2887 766 2949 dividentes
788 2889 820 2946 in
842 2886 1028 2948 solstitialem
1050 2904 1104 2947 seu
1127 2890 1289 2962 aestivum,
1319 2887 1563 2964 aequinoctialem
1587 2898 1617 2950 et
1639 2891 1794 2952 hibernam

439 2993 492 3037 seu
515 2977 691 3053 brumalem
715 2976 822 3052 quibus
845 2991 1027 3052 consequens
1049 2981 1121 3050 erat,
1144 2982 1178 3035 ut
1200 2977 1289 3034 etiam
1311 2979 1471 3052 septentrio
1495 2984 1524 3036 et
1538 2976 1674 3038 meridies
1697 2978 1794 3057 tripli-

435 3071 568 3124 careutur
591 3067 690 3142 itaque
714 3061 869 3123 duodecim
892 3065 972 3123 renti
987 3062 1097 3136 fierent,
1123 3079 1197 3140 quos
1220 3062 1408 3123 intermedias
1423 3065 1452 3121 in
1476 3066 1549 3122 mari
1570 3081 1689 3143 graeco,
1713 3064 1794 3144 quod

436 3153 651 3213 continentibus
682 3151 827 3213 inclusum
857 3169 913 3212 uec
941 3151 1015 3212 adeo
1038 3151 1097 3211 late
1120 3159 1226 3228 patens
1249 3161 1309 3226 cst,
1340 3150 1565 3212 denominarunt
1585 3171 1605 3212 a
1627 3156 1713 3215 terris
1734 3153 1793 3216 iere

436 3239 720 3316 circumjacentibus,
744 3240 821 3299 unde
844 3239 956 3298 flarent.
1002 3238 1080 3298 Hinc
1102 3237 1246 3311 Phoenix,
1270 3238 1395 3313 Africus,
1418 3239 1500 3317 Lips,
1524 3239 1692 3314 Thraecias,
1717 3239 1793 3304 Hel·

436 3325 617 3404 lespontius,
652 3326 823 3405 Olympias,
845 3326 1029 3404 Strymonia,
1062 3324 1173 3404 Japyx.
1219 3325 1373 3386 Vitruvius
1397 3325 1530 3405 duplicat
1553 3345 1725 3406 numerum,
1759 3340 1793 3389 ut

435 3414 495 3473 siut
517 3416 574 3490 ipsi
598 3415 650 3473 hi.
696 3414 856 3491 Postquam
881 3431 950 3473 vero
976 3414 1072 3490 coepit
1096 3415 1190 3473 omnis
1213 3416 1430 3474 continentibus
1454 3415 1645 3475 circumfusus
1661 3433 1792 3477 oceanus

435 3502 581 3578 navigari,
604 3518 671 3561 cum
692 3518 787 3578 neque
811 3510 892 3561 ortus
915 3517 1097 3577 occasusque
1119 3500 1290 3560 solstitiales
1314 3521 1332 3561 a
1355 3501 1534 3561 brumalibus
1559 3503 1696 3563 omnibus
1720 3504 1793 3565 ioelt

436 3586 578 3648 distarent
600 3588 778 3664 aequaliter,
806 3606 903 3665 aequo
924 3591 1044 3648 nomina
1067 3588 1105 3646 ab
1129 3605 1188 3647 una
1210 3599 1297 3665 gente
1321 3588 1445 3648 conficta
1468 3597 1565 3649 essent
1587 3591 1697 3651 idonea
1720 3590 1793 3652 iactr

436 3675 589 3750 omnibus,
620 3693 716 3754 neque
739 3683 900 3737 memoratu
930 3677 1029 3736 iaciiia
1051 3682 1135 3734 tanto
1158 3692 1294 3736 numero:
1324 3674 1462 3737 Germani
1486 3694 1594 3737 noram
1617 3678 1794 3740 divisionem

435 3762 594 3824 horizontis
617 3767 645 3821 in
669 3772 775 3824 ventos
799 3766 855 3835 32,
884 3766 1023 3823 continua
1054 3763 1253 3840 duplicatione
1286 3767 1397 3824 numeri
1422 3764 1572 3824 cardinum
1603 3768 1794 3846 quatemarli,

436 3849 657 3913 introduxerunt
680 3854 775 3927 iisque
791 3853 910 3911 nomina
933 3869 969 3911 ex
984 3869 1039 3910 suo
1062 3850 1202 3910 idiomate
1218 3860 1389 3927 posuerunt,
1414 3870 1488 3929 quos
1512 3851 1643 3932 reliquae
1658 3857 1794 3916 nationes

438 3937 518 4015 Itali,
542 3937 632 4014 Galli,
655 3938 781 4016 Hispani
804 3948 833 4000 et
855 3939 987 3999 moderni
1010 3939 1108 3998 Latini
1132 3940 1288 4015 scriptores
1319 3940 1516 4017 applicatione
1540 3949 1671 4000 veteram
1695 3943 1792 4002 nomi·

439 4042 509 4086 num
534 4026 744 4103 utplurimum
768 4026 884 4102 quidem
907 4028 1066 4099 imitantur,
1090 4033 1122 4083 at
1145 4043 1331 4103 nequaquam
1354 4030 1418 4104 pari
1442 4028 1591 4088 felicitate.

523 4113 636 4175 Harum
659 4116 747 4191 igitur
768 4116 894 4191 partium
916 4114 1129 4190 unaquaelibet
1159 4113 1321 4191 acqualiter
1344 4123 1468 4192 occupat
1489 4123 1587 4191 partes
1615 4117 1794 4176 astronomi·

438 4218 488 4263 cas
510 4219 564 4262 seu
587 4201 695 4279 gradus
719 4201 854 4262 undecim
877 4218 943 4261 curn
966 4199 1138 4276 quadrante.

522 4289 651 4365 Explica
657 4334 668 4365 ,
699 4290 808 4367 quibas
838 4288 1014 4350 nominibus
1041 4287 1098 4347 hae
1118 4295 1222 4364 parter
1244 4289 1446 4364 appellentur.
1493 4288 1621 4349 Primum
1645 4290 1793 4350 communi

434 4376 581 4436 vocabalo
603 4375 699 4438 soient
721 4395 739 4436 a
763 4376 909 4437 modernis
932 4374 1031 4435 latinis
1052 4375 1243 4452 scriptoribus
1266 4376 1408 4453 appellari
1430 4376 1554 4437 rhombi.
1600 4376 1694 4455 Pyxis
1716 4379 1794 4439 eninr

434 4466 554 4524 nautica
577 4461 707 4543 (bassole
731 4462 822 4543 dicte)
845 4463 971 4524 rotulam
1000 4464 1090 4524 hahet
1113 4463 1299 4523 chartaceum
1322 4464 1488 4540 impositam
1512 4466 1578 4523 acui
1601 4467 1793 4540 magneticee,

434 4568 511 4628 quse
537 4568 653 4630 semper
682 4551 816 4629 dirigitur
845 4553 875 4611 in
902 4554 1131 4629 septentrioncs3
1164 4553 1193 4608 in
1225 4550 1281 4610 bac
1304 4551 1405 4611 charta
1428 4550 1536 4627 depicti
1562 4549 1793 4613 subterrati!

433 4656 486 4699 seu
510 4640 647 4716 cuspides
669 4639 856 4710 rhomboides
879 4638 1116 4711 diversicolores,
1141 4647 1173 4696 ut
1196 4640 1259 4697 acie
1282 4640 1427 4715 magnetis
1450 4657 1515 4698 curn
1539 4641 1707 4716 superpicta
1730 4639 1793 4700 lille

438 4730 466 4785 in
489 4744 573 4787 snam
595 4727 714 4804 plagam
736 4726 901 4789 naturalem
925 4728 1048 4800 directa,
1073 4726 1198 4803 quilibet
1220 4725 1360 4786 rhombus
1384 4729 1472 4785 etiam
1496 4744 1580 4785 suam
1603 4724 1723 4804 plagam
1746 4729 1793 4786 iu·

433 4813 519 4876 dicet.
565 4815 799 4876 Denominantur
829 4833 899 4876 vcro
923 4816 1036 4875 rhombi
1060 4831 1161 4874 omnes
1190 4813 1331 4873 amandi
1361 4813 1542 4886 cardinibus,
1574 4813 1660 4873 aiitcr
1691 4823 1789 4876 umen

433 4902 598 4963 cardinales
620 4904 687 4981 ipsi,
710 4902 795 4963 aliter
817 4903 989 4964 intermedii.

523 4990 604 5069 Quos
626 4990 700 5050 dicit
720 4992 831 5051 manda·
860 4991 999 5049 cardines
1026 4998 1188 5065 ventosque
1216 4989 1410 5049 cardinales?
1455 4989 1518 5047 Hos
1542 4995 1685 5047 monstrat
1708 4988 1794 5050 noble

435 5080 463 5135 ia
486 5077 703 5155 hemisphaerio
726 5076 947 5154 septentrionali
959 5085 1055 5136 motus
1077 5077 1170 5150 coeli,
1194 5076 1317 5137 dicimus
1338 5079 1535 5150 morientem,
1558 5073 1622 5148 Dii,
1646 5074 1727 5137 ande
1741 5074 1791 5138 snt

416 5168 524 5225 oritur
546 5168 574 5226 in
597 5168 802 5243 aequinoctiis,
826 5164 1016 5240 occidentem,
1040 5161 1124 5240 licit,
1148 5165 1199 5223 ubi
1222 5164 1315 5226 seSoi
1339 5162 1437 5225 condit
1457 5164 1561 5225 eodem
1584 5163 1642 5240 die,
1665 5173 1787 5243 septen·
