4459 6275
504 796 569 859 312
1001 790 1148 860 'Epitomes
1165 786 1357 845 astronomiae

500 969 568 1034 dael
594 977 624 1030 ct
646 971 756 1032 Persae
781 970 975 1047 (proprietate
998 967 1127 1045 linguae,
1152 984 1229 1044 quaa
1251 968 1342 1027 etism
1364 967 1393 1024 in
1419 967 1596 1026 toatonismo
1619 964 1761 1045 eemitnr)
1785 969 1862 1045 ragi-

498 1078 567 1121 nam
590 1058 674 1133 coeii,
697 1057 843 1118 Platonici
866 1072 937 1116 vero
960 1073 1059 1133 regern
1081 1058 1159 1132 ignis
1180 1053 1390 1115 intellectualis
1412 1054 1572 1114 celebrant

589 1146 660 1206 Non
681 1148 755 1205 saus
777 1153 848 1220 apte
871 1143 1015 1203 videntur
1036 1142 1217 1219 respondere
1238 1145 1300 1201 tria
1322 1143 1396 1203 boec
1417 1142 1528 1201 mundi
1540 1142 1680 1201 membro
1694 1141 1796 1200 ιιιιιιι
1809 1157 1862 1199 sas·

496 1234 631 1311 parisias·
652 1233 828 1310 sphaericae
849 1231 1038 1308 ropionibus,
1063 1247 1134 1289 cum
1156 1237 1296 1290 matrum
1318 1233 1357 1290 sit
1375 1238 1538 1305 mactum,
1563 1229 1617 1290 Sol
1639 1247 1712 1288 nero
1732 1246 1861 1305 comus,

499 1324 542 1381 sio
562 1321 733 1396 superficies
755 1322 872 1379 murno
893 1319 1074 1394 mutlipitur
1096 1334 1156 1377 osae
1177 1319 1340 1392 conunua,
1368 1318 1511 1393 ιιιιιιιιι
1534 1321 1618 1397 rapio
1643 1332 1711 1376 uos
1737 1316 1863 1375 ιιιιιιιιι

500 1416 571 1477 toto,
594 1409 646 1466 sed
664 1411 780 1489 possim
804 1406 914 1465 lucidis
933 1408 1057 1481 punctis
1078 1405 1119 1464 ab
1138 1408 1270 1465 inuicem
1292 1404 1425 1463 ιιιιιιιιιι
1446 1412 1489 1463 ιιι
1508 1408 1643 1479 ιιιιιιις
1664 1404 1862 1480 marmura-

500 1494 680 1555 tcrmedium
703 1498 736 1552 in
759 1495 918 1569 sphaerico
939 1500 1036 1552 totum
1059 1493 1159 1568 sapiet
1179 1494 1330 1567 spatium,
1354 1499 1387 1565 ot
1408 1494 1443 1550 in
1465 1492 1592 1565 mundo,
1615 1490 1700 1568 qaod
1719 1499 1765 1551 est
1786 1493 1864 1551 iser

504 1583 602 1642 Solem
625 1590 654 1641 et
672 1583 767 1659 ιιτιι,
798 1599 862 1640 non
892 1598 982 1640 omne
1011 1579 1132 1638 viduor
1152 1583 1188 1637 s'n
1210 1587 1296 1639 motu
1317 1582 1468 1640 camurae
1518 1578 1662 1655 Equidem
1685 1578 1745 1639 hoc
1767 1579 1861 1657 ipsam

502 1669 614 1729 indicat
634 1686 807 1745 responsum
831 1670 917 1726 trium
941 1666 1041 1726 mandi
1064 1669 1192 1743 partium
1214 1668 1408 1743 aptissimum.
1442 1668 1516 1725 Cam
1540 1668 1617 1725 cnim
1639 1676 1784 1742 puuctum
1805 1665 1863 1725 aii-

503 1757 582 1833 qnod
606 1759 706 1816 vestiri
729 1773 783 1815 scu
805 1756 937 1831 exprimi,
960 1756 1016 1812 nisi
1040 1771 1092 1830 per
1114 1771 1222 1830 corpas
1243 1753 1374 1830 aliquod,
1397 1770 1457 1812 non
1479 1764 1591 1831 posset,
1616 1764 1708 1830 atqua
1729 1757 1776 1815 sic
1797 1771 1862 1813 cor·

502 1861 566 1921 pns,
589 1843 670 1920 quod
692 1852 737 1902 est
759 1847 788 1900 in
811 1851 920 1916 centro,
945 1841 1083 1901 deiecerit
1104 1842 1144 1900 ab
1168 1840 1402 1901 indivisibilitste
1425 1843 1533 1901 centri:
1557 1858 1611 1917 par
1628 1850 1700 1913 erat,
1724 1843 1861 1900 atatim

501 1931 628 2009 sphaera
658 1930 781 1990 fixarum
803 1947 822 1989 a
844 1931 1037 1988 continuitate
1065 1928 1232 2008 superficiei
1258 1928 1429 2005 sphaericae
1452 1928 1587 1988 deiiceret
1616 1930 1708 2006 inque
1738 1928 1861 1987 liram

501 2017 757 2079 innumerabilium
786 2019 982 2076 minutissima
1010 2026 1121 2093 puncta
1152 2014 1327 2088 dehisceret,
1367 2018 1462 2095 ipsam
1495 2016 1621 2093 denique
1656 2006 1860 2076 lntenneditmr

500 2122 669 2166 nonomne
692 2113 884 2181 occuparetur
906 2122 924 2163 a
946 2112 1028 2163 motu
1051 2111 1080 2162 et
1102 2105 1206 2163 cctcris
1229 2103 1446 2175 affectionibus,
1474 2120 1528 2163 acc
1551 2103 1641 2181 plane
1661 2105 1859 2181 perspicuam,

501 2193 554 2254 sed
576 2193 667 2271 paulo
698 2192 817 2252 densius
846 2201 937 2265 esset,
969 2194 1079 2268 quippe
1104 2191 1183 2269 qaod
1206 2194 1326 2251 omnino
1350 2208 1476 2251 vacuum
1499 2208 1645 2251 essenon
1668 2193 1782 2269 potnit,
1809 2188 1859 2251 aad

501 2281 602 2358 aliquo
625 2297 747 2357 corpore
769 2278 947 2356 implendum
970 2286 1041 2338 erat

592 2368 712 2427 Suntne
738 2367 822 2426 orbes
847 2366 948 2440 solidi,
988 2369 1021 2423 in
1050 2364 1161 2441 quihus
1191 2365 1346 2424 uehuntur
1381 2365 1539 2439 planetas,
1574 2369 1672 2443 iisque
1704 2368 1860 2438 laternas

501 2456 675 2527 interventio,
699 2473 800 2514 uacua
822 2452 967 2514 orhe'hua'?
1001 2451 1121 2512 Solidos
1144 2452 1231 2512 orhes
1254 2453 1347 2511 trihus
1361 2453 1527 2512 rationibus
1544 2452 1650 2513 reiellit
1663 2453 1771 2531 Tycha
1789 2453 1860 2512 Bra·

501 2544 592 2603 heus:
616 2559 675 2601 arra
697 2550 741 2601 est
763 2561 783 2600 a
804 2550 885 2600 mota
909 2547 1097 2612 cometamm,
1121 2538 1215 2600 altera
1236 2539 1387 2599 alumine
1410 2540 1569 2610 irretracto,
1592 2544 1679 2600 tertia
1701 2558 1861 2620 apropor·

502 2633 581 2691 tione
612 2630 734 2688 orbium
779 2629 855 2688 Nam
884 2630 910 2686 si
932 2626 1019 2686 solidi
1042 2634 1141 2686 essent
1162 2627 1265 2699 orbas,
1294 2633 1427 2687 cometae
1449 2644 1508 2687 non
1532 2638 1720 2689 cernerentur
1740 2646 1779 2689 ex
1803 2644 1859 2687 uno

504 2719 574 2778 orbe
597 2719 626 2774 ia
650 2718 741 2777 aliam
765 2716 916 2794 trajicere,
945 2713 1154 2792 impedirentur
1182 2716 1260 2773 enim
1283 2732 1302 2773 a
1324 2713 1486 2789 soliditate3
1517 2722 1548 2774 at
1570 2716 1720 2793 trajiciunt
1742 2733 1780 2777 ex
1802 2732 1860 2773 aas

502 2809 531 2863 in
554 2805 654 2873 aliam,
678 2812 711 2863 ut
733 2804 944 2864 demonstrarit
967 2801 1109 2862 Brahcua.
1156 2802 1182 2859 A
1205 2800 1315 2861 iumine
1337 2818 1424 2880 porro
1446 2803 1505 2861 sict
1529 2820 1595 2863 cam
1618 2805 1678 2863 sint
1700 2805 1789 2863 orbes
1809 2820 1860 2863 ιι-

503 2894 623 2953 centriei
646 2900 675 2952 et
689 2892 779 2951 Terra
802 2892 925 2967 ejusque
947 2890 1126 2967 superficias,
1149 2890 1179 2946 in
1203 2907 1263 2965 qua
1286 2888 1372 2963 oculi,
1396 2906 1455 2949 non
1477 2892 1535 2949 sita
1557 2892 1596 2950 ιιι
1618 2893 1648 2949 in
1671 2892 1737 2970 ipso
1761 2898 1860 2953 ωιιιι

502 2980 645 3057 ιιιιιιιι
669 2980 757 3054 orhis,
780 2996 851 3053 ergo
873 2979 898 3037 si
921 2976 1009 3038 solidi
1031 2984 1129 3038 essent
1152 2976 1246 3051 orbes,
1271 2977 1421 3038 densiores
1442 2978 1579 3037 nimirum
1599 2995 1690 3055 quarn
1713 2976 1767 3038 ilia
1792 2978 1859 3037 iim-

502 3067 654 3147 pldisslms
676 3084 748 3128 aura
770 3066 919 3136 aetherea,
949 3072 1018 3124 tunc
1048 3063 1123 3124 radii
1145 3063 1297 3124 stellarum
1318 3065 1434 3125 reiraoii
1457 3064 1495 3124 ad
1517 3070 1614 3126 adrem
1638 3074 1773 3127 ιιιιιιιιι
1794 3083 1860 3145 per·

503 3159 652 3230 venirent,
680 3166 713 3216 ut
742 3155 828 3217 doeet
850 3156 965 3233 optica,
997 3156 1096 3230 ltaque
1127 3150 1246 3230 planeta
1275 3153 1471 3232 irregulariter
1492 3141 1648 3233 appanret
1670 3163 1702 3218 et
1722 3158 1810 3232 quasi
1831 3157 1861 3212 ia

503 3243 574 3302 locis
596 3243 683 3320 longe
705 3242 781 3317 aliis,
805 3260 893 3319 qoam
917 3259 994 3319 quae
1017 3242 1056 3301 ah
1078 3248 1247 3301 astronomo
1269 3241 1397 3319 praedici
1420 3251 1549 3321 possent.
1594 3243 1697 3302 'l'ertie
1717 3245 1796 3302 ratio
1816 3249 1861 3301 est

506 3334 597 3409 ipsios
621 3330 727 3391 Brahei
750 3330 973 3392 accommodata
993 3330 1161 3408 principiis:
1186 3337 1330 3388 testantur
1351 3327 1412 3401 illa,
1436 3336 1468 3388 ut
1490 3336 1519 3388 et
1542 3329 1756 3407 Copemieans,
1780 3329 1862 3389 blar-

502 3427 561 3478 tem
584 3418 647 3479 fieri
670 3418 846 3495 quandoque
869 3420 1034 3497 propiorem
1056 3415 1171 3488 Terris,
1196 3433 1285 3493 quam
1308 3424 1353 3476 est
1375 3415 1444 3492 8013
1474 3415 1551 3477 hanc
1573 3434 1644 3478 vero
1667 3420 1862 3497 permutatio-

505 3523 571 3564 nem
593 3522 650 3564 non
675 3510 769 3583 potuit
793 3506 925 3567 llraheus
948 3503 1065 3564 credere
1087 3502 1272 3582 possibilem,
1295 3507 1320 3563 si
1343 3503 1429 3563 solidi
1453 3506 1511 3563 sint
1533 3506 1636 3580 orbes,
1666 3523 1735 3565 cam
1758 3504 1862 3564 hisrtis

506 3593 585 3652 orbis
608 3593 726 3652 deberet
750 3596 924 3655 intersecare
947 3592 1047 3652 orbem
1070 3588 1158 3650 Solis.

594 3680 677 3757 Quid
704 3685 798 3756 ipitur
821 3690 862 3741 ιιι
884 3686 918 3740 s'n
945 3680 1223 3754 subplantatorem
1246 3680 1419 3754 ropionibus
1438 3688 1562 3755 procur
1581 3681 1750 3755 Mandas?
1782 3679 1860 3740 Nihil

504 3769 560 3827 nisi
581 3784 654 3826 aura
676 3769 827 3842 aetherea,
859 3777 920 3827 tam
943 3768 1057 3827 orbium
1082 3783 1170 3842 quam
1199 3766 1419 3826 intervallorum
1446 3772 1621 3839 commanis,
1658 3767 1862 3845 limpidissima

503 3853 556 3915 ills
578 3864 607 3916 et
629 3855 736 3921 cedens
759 3856 916 3915 mobilibus
939 3854 1018 3914 haud
1042 3856 1139 3912 minas
1161 3852 1306 3932 expedite,
1330 3872 1417 3930 qaam
1441 3852 1519 3914 cedit
1540 3855 1592 3915 illa
1607 3854 1770 3915 iaminihas
1784 3855 1862 3915 Solis

505 3951 534 4003 et
556 3941 715 4016 stellarum,
740 3953 772 4001 nt
795 3943 833 4002 ad
855 3961 909 4002 nos
932 3942 1030 4003 delabi
1053 3944 1176 4020 possint.

592 4031 627 4091 sa·
648 4039 689 4088 est
711 4048 809 4103 auro,
832 4036 890 4089 erit
911 4047 1022 4106 corpus
1043 4033 1257 4100 materiatum,
1280 4029 1393 4087 hahens
1414 4030 1607 4088 densitatem:
1629 4033 1745 4089 resistet
1768 4032 1862 4106 ipitur

504 4119 569 4189 eitra
600 4122 730 4178 materia
759 4119 918 4176 mobilitate
947 4118 1097 4177 nonnihil.
1144 4116 1237 4175 immo
1268 4115 1318 4175 iila
1345 4117 1576 4176 aaraaethorea
1599 4120 1715 4176 tenuior
1738 4117 1862 4177 esthon

504 4215 605 4263 nostro
628 4210 703 4276 aire,
727 4207 816 4263 etiarn
840 4224 905 4264 cum
927 4207 1099 4283 purissimus
1122 4212 1176 4276 est,
1200 4206 1341 4262 immenso
1363 4203 1572 4282 propemodum
1596 4205 1763 4265 interuallo.

596 4293 753 4368 Quomodo
775 4293 830 4351 hor
849 4293 987 4368 probas?
1019 4291 1061 4350 Er
1081 4293 1179 4368 optiea
1194 4309 1245 4368 per
1259 4293 1462 4351 retractiones:
1486 4311 1553 4350 nam
1570 4301 1667 4352 noster
1682 4299 1734 4353 air
1749 4291 1860 4352 sanat

505 4380 659 4454 configuras
682 4380 883 4440 retractionem
907 4389 1043 4439 causatur
1066 4381 1107 4438 30
1123 4380 1237 4438 circiter
1258 4381 1443 4437 minutorum.
1491 4383 1577 4456 napos
1600 4399 1679 4452 raro,
1704 4382 1766 4440 a'eri
1790 4397 1861 4438 eon·

504 4468 600 4543 tigna,
634 4468 674 4524 48
703 4466 848 4543 graduum
870 4469 999 4527 circiter:
1033 4466 1110 4527 aride
1139 4466 1358 4544 quodammodo
1383 4477 1500 4527 constat
1532 4471 1683 4545 proportio
1707 4467 1861 4527 domitatis

505 4553 653 4630 aquaem
669 4560 782 4628 airam,
812 4556 887 4614 atris
910 4554 947 4614 ad
971 4553 1136 4628 aetherem,
1160 4553 1405 4631 multiplicatione
1429 4556 1540 4614 cubica
1587 4556 1661 4614 iiam
1687 4558 1741 4614 30¹
1765 4557 1859 4614 eonti-

504 4649 610 4701 nentur
639 4644 669 4700 in
700 4640 988 4720 improperandum
1013 4646 1136 4716 centies,
1168 4641 1247 4719 quod
1269 4650 1314 4701 est
1336 4644 1366 4699 in
1388 4642 1541 4719 quadratis
1565 4643 1661 4702 decies
1683 4642 1809 4714 millies,
1831 4645 1859 4700 in

504 4728 588 4789 cabis
602 4728 699 4789 decies
715 4732 825 4789 centies
842 4728 956 4789 millies.
1003 4729 1104 4789 Toties
1126 4732 1215 4804 igitur
1237 4732 1352 4789 tenuior
1375 4739 1419 4789 est
1441 4735 1491 4788 air
1513 4748 1601 4806 sqtra,
1625 4731 1727 4790 aether
1750 4733 1828 4789 aire.

598 4817 651 4875 Est
674 4824 777 4875 tomen
799 4820 930 4876 materia
954 4817 1081 4875 aetheria
1104 4836 1168 4877 non
1187 4819 1283 4893 plane
1304 4818 1409 4876 nulia.-
1436 4818 1537 4876 adhue
1559 4822 1656 4893 ipr'tur
1677 4819 1717 4878 ab
1740 4836 1779 4877 eo
1801 4823 1859 4876 isa-

505 4904 668 4980 pedientur
689 4902 799 4962 sidera.
848 4903 1006 4963 Tantalum
1030 4902 1268 4979 impedimentum
1292 4914 1405 4972 motus,
1429 4906 1574 4965 tantulam
1597 4923 1637 4964 sc.
1661 4907 1858 4966 resistentiam

505 4991 631 5051 retheris
661 4989 762 5066 largiri
788 5009 945 5069 possumus
968 4991 1127 5051 mobilibus
1150 4995 1213 5052 sine
1239 4993 1438 5062 incommodo,
1470 5002 1503 5053 nt
1526 4994 1635 5070 quihus
1658 5003 1747 5054 antea
1771 4995 1858 5051 etiam

503 5087 622 5155 propter
643 5079 790 5156 propriam
813 5096 967 5156 comarum
990 5081 1141 5137 materiam
1165 5080 1265 5157 aliqua
1287 5082 1454 5140 resistentia
1477 5080 1631 5158 largienda
1654 5094 1709 5155 est,
1733 5088 1766 5139 nt
1785 5080 1857 5137 intra

504 5167 628 5246 patebit
673 5166 712 5226 Bt
733 5164 804 5242 qnid
826 5168 851 5225 si
874 5167 955 5227 nulla
978 5170 1017 5226 sit
1039 5166 1228 5228 concedenda
1250 5167 1376 5228 aetheris
1392 5171 1584 5230 resistentia?
1607 5187 1674 5229 enm
1689 5167 1857 5231 maturitas
