4459 6275
503 809 568 869 340
745 866 747 871 ,
809 880 813 889 1
997 799 1142 872 Epitomea
1158 798 1349 857 Asbonoraiae

503 996 609 1058 corpus
631 975 758 1039 Telluris
782 975 891 1037 dicium
914 984 959 1039 est
981 978 1070 1037 rotari
1092 994 1181 1054 super
1202 994 1259 1039 axe
1281 984 1310 1036 et
1332 976 1410 1054 poiis
1431 978 1509 1052 suis3
1532 993 1629 1053 coque
1643 985 1727 1038 motu
1742 976 1869 1056 quilibet

503 1068 583 1128 orbis
610 1064 696 1147 (quos
725 1064 847 1142 quidam
876 1064 964 1142 plane
991 1063 1196 1125 adamantinos
1218 1065 1343 1137 iaciunt,
1374 1067 1417 1124 sio
1438 1073 1472 1126 at
1493 1067 1607 1143 corpori
1629 1064 1722 1125 alicui
1750 1082 1866 1142 nequa·

503 1172 592 1233 quam
614 1149 731 1234 cedant)
758 1170 844 1214 sunm
874 1154 931 1212 sibi
953 1152 1103 1230 planetam
1124 1159 1205 1213 certo
1225 1150 1293 1213 ioco
1316 1151 1471 1229 alligatum
1496 1151 1752 1228 circumsedebat,
1782 1151 1866 1213 alteri

502 1243 611 1303 aiterm
632 1243 825 1315 sustinentes,
856 1239 1001 1318 utsupra
1024 1239 1150 1317 dictum,
1173 1257 1228 1301 neo
1250 1248 1313 1301 erat
1335 1248 1446 1314 meurs,
1476 1247 1509 1299 nt
1533 1238 1580 1302 vel
1601 1239 1684 1318 globi
1709 1239 1758 1302 rel
1780 1241 1867 1302 orbas

504 1328 651 1403 cederent,
673 1331 718 1389 sic
739 1330 866 1389 invicem
888 1324 1014 1404 religati.

592 1414 676 1495 Quid
697 1423 733 1477 ta
754 1415 791 1475 de
812 1415 870 1476 boo
887 1415 1080 1492 pbilosophis
1101 1415 1216 1475 maa?
1245 1413 1371 1475 Rursum
1394 1414 1437 1477 ilii
1461 1414 1570 1491 objicio
1592 1431 1650 1477 non
1673 1422 1737 1477 tarn
1758 1423 1866 1477 sueto·

501 1503 617 1566 ritatem
640 1502 825 1564 Christianae
848 1501 1029 1580 disciplinae,
1053 1504 1260 1588 quamipsam
1282 1501 1494 1564 absurditatem
1518 1502 1679 1581 domatis,
1703 1502 1789 1563 Deos
1810 1501 1866 1563 dn-

502 1594 607 1669 pentis,
630 1608 753 1667 quorum
775 1591 876 1651 munia
897 1592 958 1651 sint
979 1609 1014 1652 ex
1037 1599 1160 1651 naturae
1182 1592 1329 1667 operibus,
1353 1592 1455 1667 eisque
1476 1592 1592 1651 interim
1608 1590 1807 1653 adscribentis
1827 1591 1865 1651 sb

502 1684 622 1740 aeterno
645 1677 726 1754 talia,
749 1695 827 1755 qnae
850 1694 971 1739 necesse
994 1686 1039 1739 eat
1061 1678 1099 1737 ab
1124 1676 1182 1737 uiro
1205 1680 1298 1755 primo
1314 1679 1457 1755 principio
1479 1695 1575 1739 rerum
1589 1680 1723 1739 omniurn
1744 1680 1777 1737 in
1791 1686 1867 1741 tem·

501 1769 582 1845 poris
604 1765 724 1828 exordio
746 1783 812 1827 esse
833 1767 973 1843 proiecta.
1021 1763 1087 1840 Qua
1111 1764 1262 1842 theologia
1276 1782 1342 1827 cum
1364 1782 1423 1825 non
1438 1767 1568 1842 potuerit
1588 1765 1663 1828 baec
1677 1766 1865 1827 ratiocinatio

502 1871 618 1929 carere,
648 1853 715 1915 Diis
743 1855 832 1930 igitur
862 1855 977 1930 negatis
999 1861 1064 1913 tota
1085 1850 1222 1914 concidit
1267 1851 1382 1915 Deinde
1404 1868 1500 1930 neque
1523 1851 1610 1914 solidi
1633 1854 1722 1916 orbos
1744 1852 1865 1915 conoedl

501 1949 648 2020 poterunt,
672 1949 705 2004 ut
725 1959 816 2022 supra
836 1942 1001 2020 probatum.
1045 1938 1173 2000 Rursum
1196 1946 1296 2001 autem
1317 1940 1505 2020 pbilosophis
1520 1940 1593 2003 irasc
1615 1941 1750 2003 innititur
1763 1939 1866 2003 solidis

503 2031 633 2104 orbibus,
657 2032 752 2106 iisque
766 2029 897 2091 subrutis
920 2026 1055 2090 concidit.
1100 2026 1202 2089 Facile
1224 2029 1301 2089 enim
1319 2028 1377 2089 boc
1400 2030 1577 2091 concesserit
1591 2027 1779 2104 Aristoteles,
1801 2046 1867 2089 cor·

502 2135 559 2195 pus
581 2115 704 2193 aliquod
726 2117 765 2177 ab
788 2117 888 2177 anima
908 2135 966 2177 sua
988 2117 1177 2192 transportari
1200 2132 1259 2174 non
1281 2132 1370 2194 posse
1392 2115 1429 2177 de
1451 2114 1519 2177 loco
1541 2118 1573 2177 in
1594 2114 1703 2191 locum,
1724 2118 1753 2177 si
1775 2113 1866 2177 desti-

503 2213 569 2265 tnts
590 2202 677 2265 inerit
699 2204 779 2264 orbis
801 2208 1002 2278 instrumento,
1025 2204 1076 2279 qui
1098 2220 1151 2282 per
1172 2208 1267 2265 totum
1289 2205 1441 2265 circuitum
1460 2203 1674 2267 absolvendum
1696 2206 1738 2265 sit
1759 2220 1866 2283 expor-

504 2300 618 2364 rectus,
652 2291 770 2351 siitam
791 2291 869 2353 absit
892 2307 997 2369 corpus
1026 2289 1192 2365 immobile,
1222 2294 1270 2351 cni
1292 2292 1371 2352 orbis
1393 2292 1541 2352 innitetur.
1586 2290 1664 2353 Tum
1693 2298 1811 2367 antem,
1839 2293 1865 2353 si

504 2380 733 2440 concesserimus
756 2379 841 2439 orbes
864 2377 992 2457 solidos,
1021 2372 1178 2439 intervalia
1208 2386 1306 2439 umen
1333 2380 1477 2440 intersuut
1505 2381 1646 2440 immanis
1673 2381 1750 2441 inter
1772 2379 1865 2441 arbes.

505 2465 564 2527 iila
585 2472 639 2527 aut
660 2464 749 2543 plena
770 2473 855 2526 erum
877 2466 947 2528 orbe
969 2463 1066 2525 inutili
1087 2464 1220 2542 nihilque
1242 2465 1281 2526 ad
1303 2474 1401 2527 motus
1423 2469 1670 2529 circumstantiam
1692 2467 1865 2544 pertinente,

506 2552 588 2629 quod
610 2559 657 2615 est
677 2552 937 2628 absurdissimum,
960 2562 1013 2615 aut
1033 2554 1061 2612 si
1082 2570 1135 2630 per
1156 2553 1215 2612 ista
1235 2552 1392 2616 intervalla
1412 2571 1471 2614 non
1494 2562 1563 2615 sunt
1576 2554 1664 2616 orbes
1685 2552 1786 2629 solidi,
1808 2570 1865 2615 nor

504 2642 594 2716 igitur
614 2657 648 2702 se
669 2648 772 2701 mutuo
796 2643 970 2719 contingunt
991 2647 1044 2701 aut
1065 2647 1184 2717 gestant
1204 2639 1355 2716 sphaerae.
1400 2636 1537 2719 Deniqise
1558 2659 1592 2703 se
1614 2644 1714 2720 ipsum
1735 2640 1867 2703 destituit

506 2728 580 2789 baec
601 2730 694 2802 ratio,
724 2730 906 2806 prospiciens
929 2728 1066 2800 orbibus,
1097 2726 1247 2804 quomodo
1270 2729 1394 2804 quilibet
1416 2732 1446 2789 in
1468 2730 1561 2791 nitere
1583 2733 1741 2805 niteretur,
1775 2729 1867 2791 oblita

505 2832 577 2877 varo
609 2816 709 2877 intimi.
754 2815 829 2879 Nam
859 2823 892 2876 nt
922 2814 1134 2889 concedamus,
1164 2815 1314 2892 orbas,ab
1344 2816 1465 2877 orbibus
1492 2819 1630 2879 sustineri
1652 2819 1867 2895 contiguaeque

505 2919 570 2965 asse
604 2905 744 2977 invicem,
780 2902 852 2980 quid
887 2905 976 2981 igitur
1007 2903 1133 2964 sustinet
1161 2900 1295 2965 ultimum
1318 2903 1420 2965 Lunae
1449 2904 1568 2978 orbem,
1600 2911 1654 2965 aut
1684 2905 1797 2983 quibus
1818 2902 1866 2965 iiis

505 2990 650 3053 columnis
677 2992 794 3050 innixus
823 2998 867 3051 est
890 2989 1017 3064 Telimi,
1049 2997 1082 3049 ut
1103 2996 1223 3067 putant,
1253 2992 1429 3067 quiescenti,
1461 3009 1529 3053 cum
1557 2993 1593 3061 in
1618 2997 1682 3053 tota
1711 2990 1866 3071 sirpudels

504 3077 632 3142 Telluris
654 3080 840 3141 circumcirca
861 3078 944 3139 nulla
966 3087 1099 3139 occurrat
1120 3076 1280 3139 soliditas?
1310 3082 1406 3155 venti,
1437 3079 1545 3156 nubes,
1574 3096 1648 3141 sves
1668 3078 1819 3142 liberrime
1838 3086 1867 3142 et

504 3165 645 3229 iaddime
667 3174 831 3228 commeent
855 3182 976 3245 quaqua
999 3164 1137 3227 sarsum?
1171 3165 1230 3225 Gur
1251 3183 1310 3228 non
1332 3166 1448 3248 pondus
1477 3171 1582 3246 ingens
1604 3167 1755 3229 coelorum
1778 3170 1867 3229 intar-

505 3253 574 3314 dum
597 3273 688 3332 penes
711 3272 765 3315 nos
787 3253 922 3329 subsidit,
945 3254 1116 3332 praesertim
1139 3253 1331 3330 spissioribus
1354 3257 1469 3316 orbium
1491 3257 1624 3334 partibus
1646 3263 1751 3316 nostro
1765 3256 1867 3317 vatin

505 3342 835 3420 appropinquantibus?
857 3342 919 3403 Ant
940 3344 965 3403 si
989 3339 1104 3418 pondus
1126 3341 1155 3399 in
1179 3339 1261 3401 coelo
1284 3341 1405 3419 nullum,
1429 3343 1500 3420 qnid
1515 3346 1605 3421 igitur
1628 3351 1673 3404 eat
1688 3344 1777 3404 nobis
1795 3359 1866 3421 opus

506 3429 628 3490 orbibus
650 3429 688 3489 ad
713 3428 863 3490 vehendos
877 3427 993 3505 ,globos
1013 3426 1219 3505 planetarum?

593 3515 628 3575 Si
649 3516 734 3577 orbes
756 3517 844 3578 solidi
866 3518 947 3575 nulii
967 3524 1052 3583 sant,
1084 3523 1171 3577 tauto
1192 3519 1292 3592 mopie
1312 3517 1516 3593 inteliipentiie
1538 3535 1615 3594 opera
1637 3536 1697 3578 ease
1721 3519 1868 3580 uidebittsr

505 3603 548 3663 od
567 3611 667 3664 mosas
689 3606 842 3666 cortonam
864 3603 1141 3674 administrandas,
1169 3605 1236 3662 iicet
1257 3604 1329 3664 ilios
1350 3603 1407 3663 Dii
1428 3623 1492 3667 aon
1512 3609 1588 3680 stnt;
1617 3613 1678 3667 esto
1706 3610 1804 3679 mim,
1834 3615 1867 3666 ut

503 3694 565 3750 siat
587 3692 689 3767 sepeli
710 3699 767 3752 aut
788 3692 853 3752 ulto
875 3692 983 3768 aliqao
1013 3698 1158 3750 creatura
1180 3692 1351 3751 retractis.
1396 3691 1458 3752 Nec
1481 3709 1555 3770 opus
1578 3702 1623 3754 cst
1653 3692 1715 3769 bis,
1747 3704 1779 3754 ιιι
1800 3711 1867 3772 pro-

504 3778 631 3853 babitur,
659 3796 714 3841 neo
736 3780 798 3840 lieri
821 3786 933 3856 potest,
965 3786 997 3838 ut
1019 3776 1127 3856 globus
1150 3778 1331 3854 planetarius
1353 3780 1567 3857 circumagatur
1590 3797 1642 3859 per
1661 3781 1759 3842 solam
1782 3781 1867 3842 intei-

503 3866 666 3943 iigentiam.
712 3867 787 3928 Nam
810 3867 904 3943 primo
927 3884 1020 3935 mens,
1046 3864 1187 3925 destituta
1208 3868 1341 3942 potentia
1364 3867 1492 3942 animali,
1515 3868 1670 3928 sufficienti
1694 3869 1734 3929 ad
1758 3877 1867 3929 motum

505 3952 695 4027 inferendum,
722 3972 775 4015 nec
798 3953 931 4030 possidet
952 3952 1042 4014 uilem
1067 3954 1127 4012 vim
1149 3956 1299 4013 matricem
1321 3954 1350 4010 in
1374 3952 1439 4015 solo
1455 3964 1538 4029 nutu,
1561 3973 1616 4016 neo
1630 3954 1728 4016 audiri
1751 3966 1783 4017 et
1802 3974 1867 4035 pes·

502 4043 562 4117 cipi
584 4060 603 4101 a
628 4041 715 4101 bruto
737 4039 827 4119 globo
850 4049 965 4119 potest,
996 4058 1059 4113 nec,
1082 4042 1108 4099 si
1131 4043 1343 4117 perciperetur,
1366 4041 1474 4117 globus
1496 4045 1667 4104 materiatus
1698 4043 1867 4105 facultatem

504 4128 629 4189 baberet
654 4128 837 4205 obsequendi
860 4146 952 4206 seque
983 4131 1080 4205 ipsum
1103 4128 1249 4188 mouendi.
1294 4126 1365 4188 Jam
1388 4139 1476 4191 antea
1500 4148 1569 4192 vero
1598 4130 1724 4207 dictum,
1758 4131 1867 4192 nuliam

503 4215 638 4277 sulficere
665 4218 725 4275 uim
748 4216 907 4278 animalem
930 4213 1121 4276 tansferendi
1151 4234 1236 4275 sunm
1261 4232 1366 4294 corpus
1388 4217 1425 4278 de
1448 4218 1513 4278 loco
1537 4217 1703 4295 inlocum,
1733 4221 1793 4279 nisi
1814 4217 1868 4280 ad·

504 4304 563 4361 sint
585 4304 782 4365 instrumenta
805 4312 835 4364 ct
857 4306 1011 4380 quiescens
1035 4302 1158 4380 aliquod
1182 4320 1296 4380 corpus,
1320 4321 1408 4382 super
1430 4321 1489 4382 quo
1513 4305 1563 4366 liat
1578 4314 1690 4382 motus3
1713 4324 1761 4367 res
1781 4308 1867 4384 igitsu

506 4388 546 4448 ad
570 4392 722 4465 superiora
743 4391 856 4452 recidit
902 4390 1093 4450 Econtrario
1119 4407 1187 4452 vero
1210 4394 1361 4467 potentiae
1384 4393 1543 4467 naturales,
1567 4396 1672 4454 insitae
1696 4395 1867 4473 corporibus

505 4476 577 4552 ipsis
593 4476 786 4552 planetarum,
810 4486 959 4556 praestare
973 4478 1029 4540 boe
1046 4487 1177 4557 possunt,
1198 4489 1230 4537 ut
1247 4477 1365 4555 planeta
1379 4478 1415 4540 de
1431 4480 1497 4541 ioco
1511 4481 1652 4541 inlocum
1667 4483 1866 4543 unnstentnr.

592 4562 694 4624 Posito
718 4582 797 4638 sero,
821 4566 954 4625 sufficere
977 4566 1015 4625 ad
1031 4575 1152 4640 motum,
1175 4574 1209 4625 ut
1231 4565 1426 4643 intelligentia
1446 4568 1519 4629 velit
1540 4585 1660 4630 morem
1674 4571 1705 4628 in
1727 4569 1807 4630 hunc
1820 4568 1866 4628 rel

505 4647 585 4708 iilam
608 4651 745 4727 plagam,
768 4653 831 4728 jam
854 4652 982 4713 absurda
1004 4652 1054 4713 liet
1074 4655 1207 4714 inventio
1230 4653 1351 4729 figurae,
1375 4656 1404 4712 in
1427 4672 1487 4731 qna
1508 4654 1587 4716 linea
1608 4664 1708 4717 motus
1731 4656 1866 4718 ordinata

503 4744 558 4798 est
604 4737 812 4800 convincimur
843 4742 922 4799 enim
945 4741 1109 4801 observatis
1133 4743 1338 4801 asbonomiois
1359 4740 1489 4818 legitime
1518 4745 1666 4819 tractatis,
1698 4746 1780 4805 vlam
1801 4745 1866 4824 pia·

503 4832 590 4884 natae
614 4844 791 4903 essequam
814 4829 946 4906 proxime
969 4828 1138 4888 circularem
1169 4826 1340 4904 etquidem
1369 4834 1575 4905 eccentricam,
1603 4830 1661 4891 boc
1692 4840 1753 4906 est,
1783 4833 1865 4910 cujus

505 4921 634 4970 centrum
664 4918 784 4974 nonsit
808 4916 837 4973 in
860 4923 959 4974 cenbo
982 4914 1081 4974 mundi
1105 4915 1153 4976 vel
1176 4918 1306 4992 corporis
1329 4915 1471 4992 alicujus,
1502 4927 1531 4979 et
1554 4918 1634 4994 quod
1657 4920 1777 4999 insuper
1798 4936 1865 4980 sne

504 5014 588 5057 cassu
610 5001 776 5061 seculorum
800 4999 837 5062 de
866 5001 933 5061 loco
965 5004 993 5060 in
1024 5002 1121 5063 iocum
1152 5011 1290 5064 censeat.
1336 5004 1471 5064 Totidem
1495 5014 1594 5066 antem
1617 5015 1793 5084 argumenta
1813 5005 1864 5067 de·

504 5086 597 5159 promi
626 5098 751 5164 possunt
773 5096 876 5149 contre
897 5090 1097 5149 inventionem
1121 5090 1190 5149 talis
1213 5091 1343 5167 orbitae,
1377 5100 1450 5168 quot
1472 5102 1542 5154 aunt
1564 5094 1629 5170 ejns
1646 5094 1711 5170 Jam
1735 5093 1863 5173 deamip

506 5179 554 5230 tse
576 5182 683 5249 partas.

590 5259 665 5322 iiam
687 5264 798 5342 primo,
820 5261 957 5340 pinetae
980 5263 1079 5326 orbita
1100 5280 1159 5325 non
1182 5273 1228 5328 est
1250 5265 1397 5342 perlectus
1419 5266 1563 5343 ιιιιιιιιιι,
1585 5273 1616 5328 et
1636 5270 1665 5328 si
1683 5285 1769 5331 meos
1790 5269 1861 5332 ime
