4459 6275
434 778 498 839 sss
940 764 1291 836 nominasses

441 958 450 971 “
536 944 598 1001 lloa
614 949 658 999 est
674 939 790 1011 amplius
808 938 893 1011 duplo
914 939 975 1009 ejus
993 937 1068 1007 quod
1086 937 1210 995 Brabeus
1228 938 1326 1009 babet3
1352 946 1382 999 et
1397 939 1453 998 tto
1468 940 1610 1012 milliaria,
1634 950 1727 1001 ιιιοιιι
1745 943 1793 1001 Sa·

432 1021 506 1079 turul
523 1020 648 1078 barinus
666 1018 739 1090 apud
758 1019 945 1088 Copemicnm
963 1023 1029 1074 sunt
1045 1016 1137 1087 portio
1154 1017 1241 1074 minor
1260 1019 1342 1075 vicies
1362 1026 1459 1088 quater
1474 1019 1619 1077 millesima
1636 1021 1673 1079 da
1684 1023 1794 1081 esurus

433 1098 542 1155 horario
558 1099 633 1169 apud
650 1096 846 1154 Ptolemaeum.
886 1122 888 1127 ·

523 1209 627 1286 Quom
648 1216 741 1286 pntct
762 1225 821 1267 etse
841 1208 1070 1283 proportionem
1092 1205 1565 1284 smnnmtntssseeorpsmm
1582 1209 1673 1284 Solis,
1695 1228 1794 1269 curce

432 1297 587 1363 ιιιιιιιαι.
618 1295 772 1355 mandam
793 1298 974 1355 micerium
995 1298 1196 1369 permeantis,
1218 1302 1245 1353 st
1266 1296 1415 1369 sphaerae
1433 1295 1586 1371 tisoram,
1607 1300 1721 1357 omnin
1741 1316 1792 1357 rm·

434 1387 581 1445 trinsecus
602 1380 831 1445 concludentis?
855 1381 928 1443 Cum
951 1380 1025 1441 baec
1047 1383 1103 1441 tria
1126 1398 1248 1458 corpora
1270 1385 1328 1440 sint
1350 1383 1480 1458 audaga
1494 1394 1604 1457 centro,
1627 1384 1791 1463 snperlldei

438 1473 619 1549 sphaericae,
642 1477 672 1530 et
694 1470 859 1544 intervallo,
882 1469 975 1529 tribas
997 1466 1141 1546 symbolis
1163 1471 1251 1528 trium
1274 1470 1302 1527 in
1324 1469 1356 1529 S.
1371 1469 1402 1531 8.
1418 1470 1563 1532 ἰἰιιιιιιιι
1584 1488 1791 1548 personarum

437 1557 577 1620 credibile
599 1566 660 1631 est,
683 1557 855 1619 tantundem
878 1573 942 1616 esse
965 1556 1102 1615 materias
1127 1557 1157 1613 in
1179 1573 1255 1630 ano,
1278 1566 1422 1632 quesitum
1446 1560 1475 1617 in
1498 1559 1696 1635 unoquolibet
1717 1559 1791 1619 duc-

438 1663 503 1706 rum
530 1645 726 1721 reliquorum
755 1647 798 1707 sic
829 1644 870 1703 ut'
892 1644 977 1705 tertia
1004 1660 1072 1718 pars
1096 1645 1235 1705 materias
1258 1645 1349 1705 totius
1373 1647 1503 1706 universi
1525 1656 1683 1723 compacta
1702 1649 1745 1707 sit
1763 1652 1790 1706 ἰι

434 1751 539 1811 eorpus
555 1732 642 1804 Solis,
665 1734 803 1808 quamvis
825 1730 855 1789 id
876 1733 918 1788 sit
940 1740 1074 1806 respectu
1089 1729 1291 1806 amplitudinis
1308 1732 1407 1792 mundi
1423 1736 1683 1810 sngust'nnmum
1706 1738 1791 1795 tertis

434 1823 504 1882 item
525 1837 594 1899 pars
615 1822 756 1880 materias
779 1827 938 1879 extenuata
964 1825 994 1876 et
1015 1816 1163 1894 explicatu
1184 1834 1237 1893 par
1258 1821 1433 1879 immersum
1454 1820 1556 1880 ιιιιιιιιι
1577 1824 1731 1900 wrm:
1759 1832 1790 1883 ιι

434 1910 476 1970 ita
496 1907 549 1968 Sol
572 1909 648 1967 intra
669 1923 777 1983 corpus
797 1922 884 1965 suum
906 1904 1078 1963 tantundem
1100 1905 1253 1980 possideat
1274 1909 1430 1980 materias,
1461 1908 1605 1985 ιιιιιιιιιιιιι
1634 1908 1686 1970 ille
1707 1918 1787 1969 extra

433 2013 464 2058 aa
488 1995 692 2056 inmanius
714 1995 820 2054 virtute
843 1992 962 2052 luminis
980 1993 1026 2051 sui
1049 1991 1255 2052 illustrandum
1276 1993 1425 2071 radiisque
1442 1998 1505 2054 suis
1519 1995 1731 2071 permssndum
1745 2005 1789 2057 est

434 2091 556 2157 nactum
579 2083 665 2143 tertia
688 2080 814 2157 denique
836 2097 904 2157 pers
926 2080 1066 2139 materiae
1088 2096 1219 2156 expansa
1242 2082 1271 2138 in
1294 2081 1394 2141 orbem
1417 2090 1447 2141 et
1469 2082 1579 2141 mundo
1594 2085 1725 2144 exterius
1740 2100 1790 2161 pro

435 2171 589 2230 moenibus
619 2169 816 2244 circumiecta.
862 2169 960 2243 Atque
989 2174 1022 2225 ιιι
1047 2169 1267 2243 proportionem
1289 2168 1506 2243 quadamtenus
1528 2169 1741 2231 adumbremns
1762 2190 1790 2231 ιι

339 2286 343 2297 ¹
435 2257 524 2317 simili
546 2263 625 2329 nota,
648 2256 704 2316 etsi
727 2272 793 2315 enm
816 2270 1004 2332 nequaqnam
1023 2271 1196 2329 aequamus,
1220 2254 1374 2331 tingamus,
1398 2273 1505 2332 corpus
1519 2256 1601 2317 Solis
1616 2276 1683 2319 esee
1699 2268 1789 2317 toturn

420 2361 574 2416 aureum,
605 2344 706 2403 orbem
728 2341 850 2402 fixarum
873 2358 1017 2419 aqueum,
1046 2344 1172 2402 vitreum
1195 2341 1242 2402 vel
1265 2342 1486 2420 crystallinum,
1514 2347 1648 2421 spatium
1669 2347 1789 2405 interi·

437 2436 505 2493 aire
526 2429 656 2508 plenum.
703 2426 786 2491 Unde
809 2429 1024 2506 quadamtenus
1047 2428 1172 2506 intelligi
1195 2428 1289 2503 datur,
1314 2429 1384 2506 quid
1408 2431 1527 2491 divinus
1541 2432 1646 2493 ltoses
1667 2450 1722 2512 per
1742 2432 1789 2492 ir·

435 2525 616 2581 mnmerttum
638 2519 765 2595 (requie,
789 2516 868 2594 quod
892 2518 1008 2595 proprie
1030 2523 1117 2577 sonat
1130 2519 1348 2593 expansionem,
1371 2526 1444 2595 puts
1458 2519 1690 2581 bucilletionem
1703 2538 1791 2580 ιιιιιι

436 2601 628 2687 aethereae),
658 2604 731 2683 quid
759 2607 830 2665 item
858 2621 910 2682 per
939 2620 1033 2680 aquas
1063 2604 1296 2680 supercoelestes
1324 2605 1543 2681 significaverit
1589 2607 1641 2668 Sic
1662 2611 1743 2669 enim
1762 2617 1791 2668 et

436 2696 522 2774 pueri
544 2692 649 2753 ludunt
672 2691 821 2770 qumdam
843 2693 1000 2752 mentionis
1021 2689 1135 2765 ideam,
1169 2693 1331 2753 excitantes
1362 2691 1457 2753 bullas
1480 2713 1516 2755 ex
1538 2713 1620 2771 aqtn
1640 2704 1670 2757 et
1692 2712 1790 2771 amq·

437 2791 526 2857 mats,
549 2780 732 2841 instillantes
754 2783 867 2841 adremr
892 2778 1054 2840 differentia
1068 2777 1143 2839 haec
1157 2786 1213 2853 est,
1236 2779 1316 2854 quod
1332 2780 1413 2840 Dens
1428 2789 1554 2858 guttans,
1577 2792 1611 2843 ut
1627 2784 1673 2844 sle
1687 2783 1790 2856 dican,

436 2885 533 2947 saure
559 2865 680 2930 retinnit
712 2869 790 2927 intus
813 2869 841 2926 in
864 2874 979 2940 senno,
1011 2867 1111 2942 pueris
1133 2884 1229 2944 aqnse
1250 2875 1337 2944 gutta
1357 2868 1397 2928 ob
1418 2868 1535 2945 pondus
1557 2887 1618 2930 non
1639 2879 1742 2931 manet
1761 2874 1789 2929 ιιι

436 2968 549 3032 cenna,
582 2972 636 3017 nec
670 2953 810 3017 dividitur
840 2973 859 3015 a
885 2952 1038 3032 superficie
1071 2970 1123 3030 per
1153 2954 1396 3030 insutdttionem,
1427 2955 1482 3019 red
1510 2956 1613 3019 heret
1639 2960 1670 3018 ln
1701 2950 1790 3019 ιίιιιιιο

435 3045 544 3107 bullae.

525 3131 685 3210 antom
712 3133 822 3193 statuis
848 3130 1013 3191 martem
1039 3144 1092 3188 ren
1114 3127 1293 3191 demittam
1313 3130 1483 3208 superficiei
1503 3133 1634 3194 intimos
1653 3131 1789 3211 hurum

436 3222 475 3282 cb
496 3218 635 3280 sctirna?
666 3219 741 3280 Cum
764 3226 878 3279 tantum
900 3219 929 3277 ei
951 3216 1116 3276 dederimus
1137 3219 1294 3292 materiae,
1320 3226 1463 3294 quantum
1485 3227 1531 3280 est
1552 3221 1582 3279 tn
1604 3227 1671 3282 toto
1694 3224 1789 3300 spatio

436 3307 551 3380 mundi,
575 3304 655 3383 quod
677 3307 729 3366 tila
752 3306 970 3384 complectitur,
995 3314 1118 3382 excepta
1141 3322 1176 3365 ca
1199 3307 1336 3377 materia,
1360 3323 1436 3381 quae
1459 3317 1504 3367 est
1526 3310 1555 3365 in
1580 3310 1789 3387 angustissimo

436 3396 515 3457 Solis
538 3393 638 3470 globo,
662 3401 691 3454 et
714 3413 783 3455 vero
806 3410 992 3471 nequaquam
1016 3391 1148 3467 ejusdem
1173 3392 1326 3452 densitatis
1348 3397 1387 3453 sit
1401 3394 1559 3455 statuenda
1573 3399 1698 3456 materia
1714 3397 1789 3455 orbis

438 3484 562 3542 lixarum
584 3499 650 3541 eum
673 3484 794 3541 matoria
815 3482 903 3557 spatii
925 3479 1095 3552 mobilium,
1120 3480 1172 3539 sed
1195 3478 1347 3541 densitatis
1368 3485 1556 3557 proportione
1578 3483 1697 3544 mediae
1720 3486 1790 3543 iuter

439 3571 612 3631 densitatem
642 3585 730 3628 aurae
761 3569 914 3629 aethereae
943 3575 973 3625 ιι
995 3566 1169 3627 densitatem
1200 3569 1340 3627 materiae
1369 3571 1398 3625 in
1421 3585 1541 3646 corpore
1564 3569 1660 3630 Solis:
1693 3574 1789 3647 itaque

438 3666 466 3718 et
495 3659 621 3735 spatium
653 3656 696 3714 illi
719 3655 872 3716 debebitur
902 3656 1089 3732 proportione
1113 3654 1241 3714 medinm
1264 3657 1337 3713 inter
1359 3658 1485 3732 spatium
1508 3660 1637 3735 corporis
1661 3657 1742 3719 Solis
1763 3669 1789 3717 et

437 3748 565 3822 spatium
588 3761 678 3804 aurae
701 3743 864 3805 aethereae.
903 3742 974 3801 Erat
996 3750 1095 3823 autem
1117 3760 1206 3818 supra
1221 3742 1427 3802 diametrorum
1443 3742 1523 3804 Solis
1539 3754 1568 3804 st
1584 3763 1673 3806 aurae
1689 3746 1788 3806 aetbe-

439 3849 506 3892 reae
527 3833 677 3908 proportio
699 3831 759 3904 illa,
783 3849 859 3908 quae
888 3833 900 3889 l
926 3829 964 3888 ad
988 3830 1148 3901 4000000,
1172 3830 1333 3906 spatiorum
1354 3832 1442 3908 igitur
1464 3833 1593 3908 ipsomm
1614 3832 1713 3911 tripla,
1737 3834 1788 3893 bot

438 3927 483 3979 est
509 3922 522 3977 l
550 3919 587 3979 ad
612 3917 1054 3978 64000000000000000000.
1093 3915 1249 3976 internos
1273 3933 1342 3977 vero
1366 3935 1501 3979 numeros
1524 3920 1653 3980 medinm
1668 3938 1788 3998 propor-

438 4006 548 4067 tionale
568 4013 614 4067 est
636 4006 862 4077 8000000000,
887 4014 930 4063 tot
952 4006 1041 4079 igitur
1063 4006 1161 4079 spatia
1181 4008 1310 4082 corporis
1325 4004 1403 4065 Solis
1419 4010 1560 4083 aequavit
1573 4011 1703 4085 spatium
1720 4012 1789 4067 inter

437 4094 622 4173 superficiem
645 4110 807 4155 concavam
830 4100 860 4153 et
881 4108 1044 4150 convexam
1068 4092 1146 4149 orbis
1170 4091 1302 4153 fixarum.
1340 4092 1446 4169 Itaque
1461 4102 1541 4153 totns
1555 4093 1684 4154 nundus
1700 4098 1788 4155 tribus

438 4189 661 4259 coagmentatus
682 4180 820 4242 membris
842 4186 1078 4256 repraesentatur
1099 4178 1156 4237 boc
1178 4196 1314 4252 numero,
1345 4181 1789 4255 64000000008000000001,

439 4271 524 4345 cujus
554 4267 636 4328 radix
669 4269 773 4329 cubica
804 4266 954 4326 4000000
983 4273 1013 4324 et
1043 4282 1101 4324 una
1123 4267 1218 4325 sexies
1240 4267 1396 4327 millesima
1418 4268 1561 4341 ostendit,
1593 4270 1674 4345 quod
1705 4272 1789 4340 orbis,

438 4357 571 4416 crassitie
602 4359 688 4415 unius
718 4357 816 4415 sexies
838 4353 1012 4413 millesimae
1034 4353 1194 4428 particulae
1217 4352 1254 4415 de
1276 4354 1495 4416 semidiametro
1518 4359 1649 4433 corporis
1672 4358 1789 4426 Soteris,

439 4444 640 4519 circumJeetus
664 4461 752 4503 aurae
776 4441 939 4513 aethereae,
963 4439 1173 4515 complectatur
1195 4444 1223 4499 in
1247 4459 1301 4502 suo
1325 4460 1444 4521 corpore
1459 4445 1557 4520 spatia
1574 4444 1789 4504 8000000000

440 4532 562 4605 capacia
591 4532 721 4608 corporis
742 4529 863 4590 Solaria.
909 4528 992 4588 llaec
1022 4530 1110 4604 igitur
1138 4536 1183 4588 est
1214 4529 1267 4589 illa
1296 4530 1398 4589 mnndi
1420 4534 1495 4591 cutis
1517 4547 1569 4591 sen
1593 4534 1710 4604 tunica,
1740 4549 1788 4591 seu

439 4616 625 4696 crystallinus
649 4619 727 4678 orbis
750 4616 982 4693 supercoelestis,
1006 4624 1105 4675 tantae
1121 4615 1292 4675 subtilitatis
1308 4626 1426 4692 propter
1440 4617 1662 4695 amplitudinem
1679 4636 1789 4698 expan-

439 4706 546 4765 sionis:
578 4723 654 4781 quae
682 4708 707 4764 si
731 4706 759 4762 in
783 4722 872 4763 uuam
894 4720 1022 4763 massam
1045 4701 1250 4779 coagularetur
1271 4704 1473 4781 sphaericam,
1505 4706 1627 4767 baberet
1650 4707 1789 4766 semidia-

438 4792 807 4852 metrun12000vicibus
835 4792 975 4868 majorem
997 4789 1213 4849 semidiametro
1235 4794 1365 4870 corporis
1389 4791 1518 4867 Solaria,
1549 4810 1615 4853 cum
1641 4795 1707 4870 jam
1735 4812 1789 4854 non

438 4882 476 4938 sit
498 4896 597 4939 masaa
618 4881 729 4955 magle,
754 4897 842 4955 qnam
863 4882 949 4938 unius
970 4877 1178 4937 semidiametri
1202 4882 1330 4958 eorporis
1352 4879 1465 4942 Solaria
1486 4883 1583 4942 sexies
1606 4881 1788 4943 millesimam

440 4966 486 5026 vel
510 4966 569 5026 duo
591 4964 726 5026 milliaria
749 4966 933 5039 Germanica,
956 4964 1031 5041 plus.

528 5054 736 5130 Quantn.erit
757 5056 943 5130 apparentia
967 5052 1060 5122 Solis,
1082 5054 1109 5109 ti
1131 5053 1254 5112 oetslnm
1274 5053 1373 5130 sinent
1394 5058 1430 5114 in
1449 5073 1517 5116 nnn
1537 5055 1675 5132 &crum
1698 5058 1788 5116 wlto-

439 5148 541 5199 ectum
566 5140 647 5199 csse?
680 5139 864 5217 Quadragics
886 5142 995 5198 centies
1017 5136 1173 5198 millesima
1194 5141 1402 5201 semidiametri
1426 5142 1547 5204 lixarum
1566 5144 1720 5204 subtendit
1735 5147 1788 5206 oir-

439 5228 510 5287 citer
532 5229 703 5289 vicesimam
727 5228 814 5287 unius
836 5225 973 5289 secundi:
1004 5225 1082 5286 Solis
1110 5227 1201 5304 igitur
1222 5245 1328 5306 corpus
1348 5238 1473 5307 apparet
1495 5231 1638 5293 ιιιιιιιιιιιο
1663 5234 1682 5292 0
1705 5249 1788 5294 sen·
