4459 6275
956 765 1102 823 Praefatio
1648 774 1712 833 671

358 944 495 1005 tlonihus
525 902 736 1005 sufficientibus
759 944 910 1006 hauddum
933 947 1104 1022 conscriptis
1127 963 1147 1005 s
1168 961 1325 1022 qucquam,
1348 945 1531 1021 conjecturas
1553 963 1589 1006 sx
1611 947 1714 1023 paucis

357 1032 463 1095 ductes
478 1041 597 1093 acutus
614 1032 736 1105 censuit,
747 1086 749 1091 .
760 1034 789 1090 in
812 1033 942 1093 motibus
965 1031 1083 1109 quidem
1098 1031 1203 1092 mediis
1217 1031 1313 1092 locum
1330 1049 1394 1093 esee
1411 1032 1508 1105 limae,
1531 1040 1563 1091 at
1577 1032 1714 1111 prosthe-

353 1119 542 1199 phaereeeon
568 1118 686 1179 tabulae
716 1128 746 1179 et
774 1128 851 1180 retro
881 1126 912 1180 et
939 1136 1025 1197 porro
1056 1118 1094 1179 ad
1125 1136 1240 1179 omnem
1270 1118 1371 1179 mnndi
1395 1118 1577 1180 durationem
1604 1120 1714 1181 utiliter

354 1210 531 1283 serviturae,
554 1217 679 1283 utraque
701 1208 731 1265 iu
753 1223 784 1266 re
808 1205 947 1283 deceptus
971 1206 1115 1267 essehoc
1138 1206 1254 1283 quidem
1277 1210 1307 1265 iu
1323 1205 1456 1283 exemplo
1480 1206 1713 1285 deprehenditur.

353 1294 390 1355 ln
405 1293 510 1355 hlartis
530 1296 611 1355 enim
634 1302 715 1353 motu
738 1291 834 1354 medin
857 1296 1008 1353 minimum
1031 1293 1142 1370 aliquid
1158 1293 1329 1355 mutandum
1342 1296 1407 1363 fnit,
1431 1298 1524 1354 omnis
1541 1312 1610 1357 uero
1626 1295 1714 1371 hujus

354 1384 427 1443 mut
451 1381 583 1443 defertur
606 1398 642 1441 sx
665 1380 968 1457 prosthaphaereseuu
989 1381 1212 1442 Prutenicarum
1236 1384 1315 1441 vitiis
1337 1382 1392 1441 luit
1415 1390 1504 1442 ortne.

359 1500 361 1505 ·
445 1467 624 1546 Huiusmodi
648 1460 739 1545 igitur
761 1469 961 1529 aberrationee
983 1468 1204 1529 Prutenicarnm
1228 1486 1292 1529 cum
1316 1469 1384 1531 inde
1419 1488 1454 1529 ex
1478 1486 1536 1547 qno
1559 1468 1627 1527 illae
1648 1467 1714 1527 fne-

354 1563 424 1617 rust
445 1557 544 1617 editas
567 1559 624 1616 viri
648 1556 727 1616 ducti
751 1564 779 1623 st
802 1559 832 1614 in
855 1556 982 1616 siderum
1011 1557 1265 1616 observationibus
1280 1558 1430 1617 exercitati
1446 1556 1714 1634 deprehendissent,

358 1660 436 1723 quus
458 1647 533 1704 iuter
554 1659 670 1705 summu
685 1659 740 1703 euu
756 1646 859 1703 merito
875 1643 1145 1704 commemorandus
1161 1652 1213 1718 eet,
1236 1652 1270 1703 nt
1284 1643 1475 1722 coryphaeus,
1497 1644 1715 1703 illustrissimus

355 1731 510 1793 Cattorum
532 1730 673 1807 Princeps
696 1729 946 1806 Guilislmne,
969 1738 1087 1791 coortus
1109 1738 1154 1792 est
1176 1730 1300 1808 denique
1323 1730 1447 1811 Tycha
1470 1730 1654 1807 Breheus,
1678 1748 1714 1791 ex

353 1821 439 1897 regui
463 1818 579 1879 Dauias
601 1816 756 1878 nobilitate
778 1820 954 1897 praecipua,
984 1821 1050 1895 qni,
1079 1816 1256 1895 posthabitis
1279 1820 1384 1880 ceteris
1410 1817 1577 1893 aequalium
1598 1817 1714 1891 studiis,

348 1908 558 1967 astronomiae
580 1908 823 1966 restaurationem
852 1908 962 1982 ingenti
985 1908 1083 1965 animo
1115 1904 1303 1982 complexus,
1331 1905 1388 1965 huc
1415 1908 1534 1983 unicum
1556 1924 1631 1983 opus
1657 1905 1715 1965 sibi

357 1992 485 2071 delegit,
517 1996 547 2051 iu
571 2008 631 2071 quo
653 2001 779 2072 aetatem
803 2010 887 2052 enam
919 1996 1092 2067 transigeret
1123 2010 1253 2070 opesque
1277 1995 1374 2053 aritae
1395 1992 1581 2069 splendidas,
1609 1993 1716 2069 quibus

355 2087 423 2142 erat
443 2080 592 2155 suffultus,
616 2080 813 2157 impenderet;
845 2079 983 2156 quodque
1011 2082 1042 2139 in
1063 2083 1223 2159 praecipua
1253 2081 1364 2156 gloriae
1386 2091 1471 2157 parte
1499 2097 1618 2155 censeo,
1645 2081 1716 2140 lecit

353 2167 410 2229 hoc
440 2166 491 2229 ille
519 2172 617 2229 auimo
645 2168 684 2227 ab
712 2169 849 2228 omnibus
878 2169 1135 2244 superstitionibus
1162 2166 1347 2243 astrologicis
1376 2185 1472 2228 vacuo
1504 2171 1592 2244 inque
1621 2184 1712 2241 unum

353 2255 451 2316 solum
473 2254 561 2315 linem
583 2257 675 2315 totius
697 2254 903 2331 philosophiae
925 2272 1101 2333 supremum,
1127 2257 1367 2331 incognitionem
1390 2262 1421 2315 et
1435 2255 1491 2316 Dei
1515 2265 1544 2316 et
1558 2257 1603 2315 sni
1619 2257 1712 2333 ipsius

318 2340 320 2345 ’
354 2343 555 2417 οιοιιίὶιιῑιιιος
579 2340 659 2419 quod
682 2358 747 2401 cum
770 2345 799 2399 in
823 2343 938 2419 scriptis
961 2351 990 2402 et
1012 2342 1205 2416 canninibue,
1229 2344 1336 2419 quibus
1359 2342 1574 2415 delectabatur,
1598 2351 1660 2403 tum
1683 2344 1712 2401 in

354 2428 535 2507 quotidianis
552 2429 707 2506 colloquiis
723 2428 901 2505 aequalitate
917 2431 1153 2489 constantissima
1167 2427 1293 2489 reddidit
1306 2432 1593 2504 contestatissimum,
1616 2438 1712 2489 astro·

355 2518 492 2601 logorum
516 2534 587 2579 reru
609 2518 784 2592 vanitatem,
818 2519 968 2590 inertiam,
998 2519 1150 2594 ignasiam
1172 2525 1202 2577 et
1224 2517 1326 2577 sordes
1353 2518 1509 2595 plurimum
1532 2524 1562 2576 st
1584 2516 1713 2577 deridere

357 2613 388 2671 et
411 2603 551 2665 detestari
575 2603 762 2677 crisolitus,
796 2606 840 2663 eic
854 2612 971 2678 tamen,
1004 2614 1037 2663 ut
1059 2604 1188 2664 siderum
1203 2604 1323 2664 effectus
1346 2609 1375 2662 in
1397 2603 1620 2678 sublunaribue,
1643 2622 1713 2681 par·

354 2700 415 2753 um
438 2691 645 2769 philosophiae
668 2693 966 2769 praestantissimam,
988 2709 1175 2768 nequaquam
1198 2700 1327 2768 negaret,
1346 2710 1478 2775 gnarus,
1500 2692 1621 2769 effeetus
1643 2691 1709 2750 illos

354 2779 485 2841 siderum
507 2778 660 2856 generales
683 2780 892 2838 abscentibus
913 2780 984 2855 ipsis
1009 2782 1036 2836 in
1059 2780 1148 2838 rebus
1163 2779 1299 2839 humanis
1312 2778 1472 2838 individuis
1491 2780 1712 2839 accuratissimo

350 2866 469 2944 judicio
492 2865 681 2945 distinguere.
727 2864 814 2941 Quod
836 2883 901 2924 cum
924 2883 983 2927 non
1007 2876 1124 2944 caperet
1145 2866 1251 2943 vulgus
1273 2866 1438 2941 hominum,
1461 2865 1498 2925 ad
1522 2866 1713 2937 miraculosae

352 2952 573 3033 praedictiones
596 2952 755 3026 medulam,
779 2953 817 3012 ad
839 2971 970 3014 rumores
992 2954 1082 3013 falsos
1105 2953 1339 3015 disseminandos
1359 2965 1514 3032 promtum,
1537 2961 1660 3031 utraque
1682 2970 1712 3013 re

352 3042 565 3116 sanissimum,
602 3057 812 3117 nonuunquam
842 3044 936 3099 rirnm
963 3043 1233 3101 innocentissimum
1264 3044 1363 3121 inepto
1397 3042 1461 3118 ejus
1489 3042 1587 3101 furuae
1614 3040 1712 3102 studio

351 3129 540 3194 monibus
563 3129 692 3207 obliquis
715 3140 743 3190 et
766 3128 894 3190 invidiae
916 3126 1090 3206 Magnetum
1113 3129 1230 3207 objecit.

443 3216 501 3277 Hic
521 3219 611 3293 igitur
632 3224 679 3277 est
700 3215 748 3278 ille
770 3218 881 3293 primus
900 3216 1138 3277 Tabularum
1161 3216 1490 3295 Rudolphinarum
1519 3225 1712 3294 nuncupator,

350 3269 403 3366 hic
427 3303 507 3366 mille
528 3305 651 3364 marum
675 3303 839 3379 ordinator,
869 3303 947 3364 Solis
977 3313 1006 3364 et
1028 3303 1131 3365 Lunae
1158 3313 1291 3365 motuum
1318 3303 1500 3381 explorator,
1531 3303 1714 3382 planetarum

351 3395 486 3454 omnium
508 3408 561 3469 per
584 3391 625 3450 38
648 3408 741 3450 annos
763 3398 793 3451 et
821 3409 855 3452 ex
878 3391 925 3451 hie
947 3408 998 3469 per
1021 3393 1062 3450 20
1077 3396 1253 3472 posteriores
1268 3396 1423 3454 continuos
1438 3394 1617 3462 observator,
1644 3391 1713 3451 dili-

350 3482 466 3558 gsntie,
482 3480 751 3556 circumspectione,
766 3481 917 3556 patientis,
941 3483 1106 3541 constantia
1122 3497 1237 3540 omnem
1251 3479 1338 3540 fidem
1352 3480 1508 3539 humanam
1525 3497 1712 3556 exsuperans.

378 3613 380 3618 .
443 3565 522 3643 Quid
543 3581 614 3626 uero
636 3565 687 3626 ille
708 3573 823 3643 praeter
845 3566 904 3641 jam
927 3565 1006 3626 dicta
1027 3568 1057 3624 in
1072 3566 1249 3643 reliquorum
1269 3571 1358 3628 stiam
1374 3566 1558 3644 planetarum
1579 3566 1713 3642 singulo·

351 3671 419 3715 rum
443 3653 572 3724 motibus
585 3655 771 3730 praestiterit,
795 3652 825 3711 id
845 3671 882 3712 ex
897 3651 1055 3714 Christiani
1069 3653 1202 3715 Severirn
1216 3654 1371 3732 hougim
1381 3657 1509 3715 ontnni
1526 3655 1712 3714 Astrononria

350 3741 488 3815 Denica,
514 3758 602 3818 quem
625 3758 661 3802 ex
685 3757 750 3801 meo
766 3740 872 3810 ,relatu
894 3740 1033 3801 lectorem
1056 3740 1168 3802 discere
1190 3742 1279 3803 malo.
1324 3742 1378 3803 Iiie
1403 3759 1530 3818 namque
1561 3759 1626 3801 cnm
1648 3740 1712 3817 Ty·

351 3829 450 3892 mons
473 3829 547 3888 vixit
579 3845 630 3905 per
652 3844 746 3888 annos
769 3827 870 3888 decem
893 3831 1064 3904 continuos,
1097 3845 1154 3905 ego
1177 3832 1227 3889 vix
1256 3847 1368 3909 paucos
1398 3829 1522 3888 duorum
1544 3829 1711 3888 ultimorum

352 3932 499 3978 annorum
522 3932 646 3975 menses.
693 3915 779 3974 Anno
802 3931 929 3991 namque
957 3917 1047 3990 1600,
1077 3932 1178 3977 mense
1200 3917 1361 3979 Februario
1384 3919 1509 3993 primum
1531 3915 1568 3976 ad
1592 3914 1712 3991 'l'ycho-

350 4021 424 4066 uem
453 4004 522 4064 roni
548 4003 733 4075 lienaticam,
763 4011 916 4078 praesente
940 4003 1194 4080 Longimontano,
1224 4007 1331 4066 crebris
1359 4025 1377 4063 a
1406 4003 1546 4082 Tychone
1575 4002 1667 4061 literis
1695 4019 1711 4060 e

350 4089 455 4170 Styria
476 4098 628 4164 evocatus,
653 4092 807 4150 occasione
823 4091 861 4150 ab
877 4089 1005 4150 editions
1028 4093 1085 4152 mei
1102 4091 1235 4169 hiyeterii
1251 4091 1491 4168 Cosmographici
1512 4088 1711 4169 suppeditata,

349 4186 518 4258 pactusque
540 4179 607 4237 cur'u
629 4174 698 4249 illo,
721 4194 821 4237 mense
844 4175 937 4236 Junio
960 4195 1094 4238 reversus
1117 4181 1235 4238 eumin
1258 4179 1403 4258 styriam,
1430 4181 1602 4238 accersitum
1623 4177 1712 4235 fami·

347 4265 425 4328 liam
447 4274 477 4325 et
498 4263 711 4342 supellectilem
733 4263 892 4324 librariam.
937 4263 1076 4342 Ejusdem
1099 4269 1169 4325 anni
1193 4285 1292 4326 mense
1316 4265 1452 4338 Octobri,
1479 4283 1544 4324 cum
1564 4265 1625 4340 jam
1649 4262 1711 4321 die·

350 4353 492 4416 asaelem
520 4351 786 4428 Longimontenus,
818 4351 953 4429 Tychoni
982 4371 1028 4414 me
1057 4370 1124 4412 cum
1149 4353 1263 4414 familia
1284 4353 1398 4429 Pragee
1428 4354 1490 4412 stiti
1519 4358 1711 4428 praesentem,

349 4440 405 4502 aed
428 4437 571 4514 inutilem,
595 4442 704 4517 quippe
728 4446 873 4517 quartana
895 4456 941 4499 me
964 4440 994 4498 in
1016 4441 1120 4501 itinere
1141 4444 1321 4518 corripuerat
1351 4439 1533 4515 detinuitque
1556 4454 1647 4514 neque
1671 4433 1710 4496 ad

349 4527 513 4590 solentium
535 4528 605 4588 anni
626 4529 794 4604 sequentis,
824 4534 968 4587 nocente
992 4525 1136 4606 desernit,
1162 4547 1251 4606 quam
1274 4527 1407 4586 Gratium
1431 4529 1615 4586 recurrissem
1639 4524 1712 4584 hae·

350 4614 491 4678 nitatis
513 4631 613 4676 cause.
651 4613 800 4675 Reversus
814 4613 940 4690 Pragam
963 4631 1063 4674 mense
1078 4613 1253 4693 Septembri,
1278 4615 1351 4674 duos
1373 4632 1430 4674 nou
1448 4613 1575 4690 amplius
1597 4627 1712 4674 menses

349 4701 505 4781 'l'yehouis
528 4702 749 4763 conversatione
772 4701 829 4761 frui
850 4704 943 4778 potui,
967 4719 1034 4764 cum
1048 4719 1125 4762 more
1140 4703 1223 4763 illum
1246 4702 1292 4763 die
1314 4703 1366 4765 24.
1381 4701 1555 4762 Novembris
1578 4706 1711 4774 (Osroene)

349 4790 479 4868 proximi
501 4789 579 4869 stylo
602 4806 681 4850 noro
703 4791 858 4868 rapuisset

442 4875 524 4952 Ques
540 4879 635 4954 igitur
657 4887 757 4955 partes
780 4875 960 4936 Tabularum
979 4853 1233 4954 Rudolphinarum
1256 4875 1357 4953 Tycho
1380 4877 1533 4955 perfecerit
1554 4878 1711 4952 superstes,

352 4979 433 5042 quae
454 4964 606 5042 reliquerit
628 4964 798 5042 adjumenta
820 4981 874 5024 seu
897 4964 1111 5024 admonitiones
1133 4965 1173 5024 ad
1195 4963 1370 5044 perficienda
1391 4983 1468 5042 quae
1492 4963 1658 5033 restabant,
1682 4955 1712 5016 id

351 5051 796 5128 rectissime-Longimontanue
822 5051 910 5112 fuerit
932 5059 1071 5125 testatus,
1101 5054 1152 5129 qui
1175 5062 1203 5112 et
1230 5052 1316 5110 refert
1344 5051 1410 5114 illas
1432 5053 1626 5114 correctiones
1648 5044 1713 5123 '1¹5-

351 5137 460 5202 mosis
482 5133 647 5220 dlouzspere
669 5141 699 5197 in
722 5138 849 5217 planetis
872 5140 1008 5199 omnibus
1031 5147 1061 5198 et
1084 5147 1222 5216 tauquam
1245 5137 1301 5197 fide
1326 5137 1431 5216 dignae
1453 5136 1633 5199 fundamenti
1646 5132 1714 5193 loco

350 5225 492 5290 adhibuit
512 5230 543 5288 iu
565 5227 675 5290 tabuiis
697 5229 761 5287 suis
784 5225 998 5306 computandis.
1042 5225 1108 5287 Etsi
1134 5234 1164 5288 et
1184 5228 1215 5284 in
1238 5225 1464 5291 commentariis
1485 5227 1590 5290 llartis
1611 5221 1715 5299 aliqua
