4459 6275
527 779 591 840 itt
1027 774 1171 847 epitomes
1187 775 1379 833 Astrononise

526 954 573 1016 Sit
593 956 682 1016 etiem
705 960 803 1014 motus
824 956 932 1032 speciei
955 952 1066 1015 soleris
1089 954 1183 1015 veluti
1206 955 1334 1014 ilnminis
1356 961 1409 1015 eut
1430 955 1512 1015 renti
1534 952 1699 1031 culum,
1721 970 1761 1016 cu
1774 952 1801 1015 Ε
1816 966 1879 1014 να·

528 1058 580 1102 m
603 1041 692 1190 Filo&
709 1040 800 1204 ἰξίαν
821 1127 870 1188 hic
890 1136 988 1189 moins
1018 1130 1047 1188 iu
1068 1128 1094 1188 E
1117 1131 1156 1189 sit
1177 1131 1344 1188 incursurus
1377 1131 1405 1186 ln
1436 1127 1591 1190 sdversem
1619 1129 1713 1190 bbrss
1740 1126 1881 1189 medim-

527 1225 586 1277 tcm
611 1217 824 1290 AE=mersem,
856 1219 885 1275 in
909 1216 933 1276 C
956 1232 1026 1277 vero
1056 1216 1190 1277 similiter
1211 1217 1379 1276 incursurus
1401 1218 1432 1275 iu
1454 1216 1608 1278 edrersem
1632 1214 1685 1277 BG
1712 1224 1882 1287 memma,

527 1320 603 1381 quec
626 1305 681 1380 ipsi
705 1302 757 1362 AO
780 1311 825 1364 est
847 1305 998 1380 opposite:
1022 1302 1144 1381 proinde
1166 1307 1197 1361 in
1220 1303 1244 1361 Ε
1267 1303 1385 1379 quidem
1407 1304 1556 1381 planctum
1578 1320 1695 1364 sursu-
1719 1302 1882 1382 erpellere

457 1387 466 1408 ’
526 1408 648 1470 papyro,
671 1407 811 1467 quorsum
833 1389 926 1451 tendit
948 1389 1125 1452 entecedens
1148 1392 1287 1451 terminus
1310 1390 1350 1464 B,
1372 1394 1402 1449 in
1426 1391 1450 1451 0
1473 1407 1545 1451 vero
1567 1391 1716 1466 deorsum,
1737 1391 1818 1451 inire
1831 1406 1881 1469 ps·

423 1543 428 1559 1
527 1496 673 1556 papyrum
694 1477 799 1555 pellet,
823 1494 962 1554 quorsum
985 1477 1079 1538 tendit
1102 1478 1128 1536 Α
1152 1480 1293 1538 terminus
1315 1477 1366 1537 illo
1389 1476 1456 1539 loco
1478 1479 1665 1541 antecedens.
1698 1478 1748 1538 -In
1770 1486 1882 1540 tenue

527 1565 559 1625 ut
581 1568 766 1639 contrarium,
789 1567 860 1641 quie
882 1567 907 1624 is
930 1565 1055 1624 truditur
1076 1582 1095 1624 e
1118 1567 1148 1624 ri
1171 1566 1312 1639 fluminis,
1335 1582 1393 1625 uon
1416 1568 1514 1645 egitur
1537 1567 1576 1627 eb
1598 1568 1690 1629 insite
1711 1565 1880 1644 spiiintline

528 1652 601 1713 Cum
634 1660 731 1713 antem
761 1654 876 1713 interim
904 1651 977 1712 fibre
1001 1653 1054 1712 AB
1077 1660 1197 1713 meneet
1223 1655 1252 1711 irr
1282 1655 1340 1711 situ
1373 1654 1430 1712 sibi
1454 1656 1509 1730 ipsl
1531 1653 1673 1731 pereilclo
1696 1670 1752 1731 per
1772 1668 1882 1715 omn

526 1741 684 1814 embitum,
714 1740 783 1800 biuc
804 1739 859 1813 tit,
882 1747 915 1798 ut
940 1742 969 1798 iu
992 1740 1017 1799 F
1040 1740 1235 1800 borealissimi
1262 1739 1413 1816 planetee,
1444 1748 1474 1802 ct
1502 1743 1532 1800 iu
1555 1741 1584 1800 D
1606 1743 1694 1803 mersi
1718 1750 1749 1802 et
1771 1748 1881 1801 ensue-

527 1828 648 1901 lissimi,
677 1835 781 1888 neuter
801 1829 943 1888 terminus
966 1845 1020 1887 nec
1044 1828 1070 1886 Α
1093 1844 1148 1888 nec
1170 1828 1196 1887 B
1219 1827 1384 1901 antecedet,
1407 1829 1459 1888 sed
1482 1828 1557 1889 libre
1580 1829 1637 1889 ΑΒ
1653 1828 1742 1889 reiut
1764 1830 1798 1887 in
1817 1844 1881 1906 pre·

526 1914 648 1975 luudum
671 1914 759 1991 hujus
781 1914 925 1989 fluminis,
953 1914 983 1974 id
1006 1923 1051 1975 esi
1074 1932 1176 1975 umens
1199 1912 1298 1974 Solem
1320 1923 1454 1991 porrecte
1475 1924 1506 1975 ct
1526 1919 1667 1993 impetum
1691 1915 1787 1978 istsre
1807 1924 1881 1977 recle

529 2002 648 2080 objecto
663 2005 820 2080 excipiens,
844 2018 964 2062 oensem
980 2001 1090 2062 uullem
1101 2002 1242 2079 preebeet
1257 2002 1409 2078 ejectionis
1432 2002 1578 2064 ulterioris
1593 2007 1624 2062 iu
1646 2003 1740 2064 ollem
1755 2002 1880 2081 plegem,

528 2089 627 2169 quoed
658 2090 687 2148 in
717 2090 763 2149 his
793 2092 908 2166 punctis
931 2093 1106 2166 permutatio
1134 2089 1202 2164 fiet;
1235 2098 1265 2149 ut
1294 2107 1366 2149 cum·
1390 2097 1458 2150 ente
1479 2099 1620 2167 puncim
1644 2092 1668 2151 l?
1691 2089 1880 2151 terminusll

528 2178 746 2251 antecessisset,
772 2177 834 2252 jem
865 2184 933 2254 poet
960 2177 986 2235 l*
1013 2179 1153 2237 terminus
1182 2176 1210 2235 A
1239 2177 1395 2237 entecedet
1424 2186 1518 2255 coque
1548 2178 1669 2256 pleneie
1700 2194 1819 2239 rursum
1846 2174 1890 2247 si,

527 2265 691 2344 eclipticum
714 2263 852 2324 accedere
875 2265 1005 2341 incipiet,
1029 2265 1160 2341 proiectu
1182 2266 1306 2340 primum
1329 2266 1501 2325 insensibili.

617 2350 695 2411 Hinc
716 2351 779 2428 ism
801 2358 899 2427 petet,
922 2350 1022 2429 qualis
1041 2351 1135 2428 ligure
1157 2355 1302 2428 gignetur.
1346 2352 1423 2412 Nem
1444 2353 1514 2431 quie
1536 2352 1610 2412 libre
1632 2352 1688 2412 All
1711 2370 1750 2414 ex
1774 2354 1800 2413 B
1820 2366 1880 2413 rw

529 2449 613 2500 retur
641 2456 744 2500 sersus
774 2437 855 2498 illem
885 2441 978 2515 ipsum
1008 2439 1144 2516 plegem,
1175 2441 1204 2497 in
1233 2455 1322 2516 quem
1349 2439 1442 2499 tendit
1471 2441 1667 2499 imminuuss
1696 2438 1878 2513 uniemur,

529 2526 698 2605 superficies
720 2528 824 2603 igitur,
855 2542 932 2602 quee
954 2527 993 2586 eb
1017 2527 1070 2586 ΑΒ
1094 2535 1224 2600 meatur,
1248 2528 1277 2584 iu
1298 2526 1323 2584 Ε
1345 2534 1454 2603 puncto
1476 2534 1631 2588 etteuuete
1652 2530 1753 2589 estin
1776 2544 1880 2589 mem

466 2666 470 2675 .
530 2614 647 2687 lineum,
670 2629 749 2692 quee
768 2622 866 2674 nmen
888 2614 1031 2690 peoleiim
1054 2614 1087 2672 tit
1107 2613 1286 2691 superficies,
1313 2622 1436 2691 ortaque
1458 2632 1494 2674 cx
1518 2615 1542 2673 l}
1563 2621 1683 2691 puncto,
1706 2616 1879 2693 requiritis

532 2702 557 2761 Ρ
579 2702 764 2763 latitudinem
790 2704 964 2775 marimens,
993 2701 1148 2778 eequelem
1169 2701 1346 2778 longitudini
1367 2701 1457 2762 iibree
1481 2701 1547 2776 AB,
1580 2702 1648 2762 inde
1668 2718 1789 2763 rursum
1809 2708 1879 2763 stir-

532 2796 638 2849 uuetur
667 2789 741 2849 beec
771 2789 958 2865 superficies,
989 2805 1083 2864 usque
1105 2791 1134 2846 in
1157 2798 1256 2865 partes
1278 2790 1457 2848 circuitionis
1480 2788 1519 2862 Ο,
1547 2806 1625 2867 quec
1648 2791 1721 2866 ipsis
1744 2789 1772 2850 ll
1792 2790 1878 2868 prino

531 2876 617 2936 dictis
637 2883 707 2935 sunt
728 2878 898 2953 oppositae,
922 2877 972 2936 ubi
994 2874 1162 2952 superficies
1186 2879 1243 2934 iste
1264 2890 1378 2935 rursum
1400 2878 1431 2935 iu
1453 2877 1559 2936 lincam
1585 2880 1727 2937 renescit.
1774 2876 1877 2937 min

530 2963 730 3040 intelligentur
753 2962 788 3024 de
811 2965 946 3041 opposito
969 2964 1153 3023 semicirculo
1176 2960 1263 3022 coli.
1304 2962 1414 3023 Delete
1436 2978 1508 3024 vero
1528 2965 1571 3024 sic
1594 2965 1734 3024 inclinate
1756 2965 1790 3023 ln
1810 2964 1834 3025 1r
1852 2970 1878 3025 et

530 3050 557 3109 D
581 3067 753 3129 semperque
780 3068 866 3110 suum
895 3049 1014 3110 ductum
1035 3067 1175 3126 sequens,
1208 3050 1319 3110 creebit
1339 3051 1459 3127 plenum
1481 3051 1658 3128 perlectum,
1688 3053 1717 3110 ln
1741 3060 1877 3129 queens·

529 3142 681 3200 scritum
704 3136 877 3216 parallelum
899 3141 1021 3199 retinet:
1053 3139 1135 3215 quod
1156 3138 1277 3216 plenum
1300 3142 1324 3197 si
1349 3141 1546 3215 continuetur,
1576 3156 1629 3216 per
1650 3149 1785 3200 coemens
1806 3138 1877 3201 Solis

530 3228 768 3373 :reennfflquuie
788 3226 862 3286 ribre
879 3226 931 3285 ΑΒ
955 3228 984 3284 in
1007 3226 1105 3286 Solem
1129 3235 1251 3304 spectet,
1276 3227 1345 3285 ini·
1368 3226 1487 3303 quidem
1509 3229 1637 3287 termino
1654 3228 1691 3301 Α,
1713 3230 1745 3287 in
1763 3225 1792 3287 D
1814 3241 1877 3288 reru

616 3400 675 3462 Sed
698 3409 809 3461 remote
831 3400 887 3459 heo
908 3400 988 3476 pleni
1013 3403 1249 3473 continuatione,
1279 3402 1304 3458 si
1338 3400 1417 3476 quod
1440 3421 1458 3460 e
1480 3401 1553 3461 ubre
1575 3409 1690 3461 creetur
1719 3402 1877 3462 soliteri-

531 3487 746 3560 consideretur,
776 3491 889 3563 species
921 3490 975 3547 erit
1003 3487 1085 3561 telis,
1117 3487 1233 3564 qualem
1264 3489 1403 3547 exhibent
1425 3488 1501 3548 duee
1525 3489 1644 3548 lenuise
1667 3491 1743 3548 inter
1767 3487 1877 3567 ellipse

531 3574 623 3650 dues,
652 3577 822 3635 exteriorem
846 3574 966 3647 CBAE,
998 3586 1027 3635 et
1049 3578 1215 3634 interiorem
1240 3575 1358 3646 ΕΑΟΒ,
1382 3592 1414 3634 es
1436 3586 1538 3635 mutuo
1562 3582 1716 3652 tangentes
1740 3579 1770 3634 in
1794 3575 1827 3650 C,
1848 3573 1878 3652 E,

529 3670 562 3722 ut
593 3662 695 3723 eedem
726 3664 805 3724 linea
828 3662 877 3721 ΟΕ
908 3666 947 3722 sit
974 3662 1130 3735 diameter,
1162 3665 1282 3721 minoris
1312 3662 1430 3738 quidem
1452 3663 1559 3722 Eucti
1581 3664 1697 3741 longior
1719 3680 1775 3724 seu
1798 3673 1878 3734 recte,

529 3750 649 3825 majoris
671 3767 742 3811 vero
766 3750 869 3809 CBAl]
893 3758 1068 3810 transverse.

616 3838 753 3898 Centrum
782 3840 873 3897 etiem-
899 3840 1028 3915 corporis
1058 3837 1194 3913 plerretee
1223 3837 1385 3896 circumibit
1409 3840 1437 3895 in
1460 3837 1550 3914 pleno
1572 3838 1719 3914 perlecto,
1752 3837 1833 3915 quod
1853 3841 1879 3895 in

531 3924 587 3984 bec
610 3925 705 4003 figure
727 3925 866 3985 circuiere
889 3927 998 3985 lectum
1020 3935 1081 3997 est,
1104 3941 1146 3983 sc.
1171 3923 1293 3998 CDEF3
1319 3927 1453 4000 quemvis
1476 3929 1564 3985 etiem
1588 3928 1694 4002 ipsum,
1717 3933 1752 3984 nt
1774 3941 1811 3986 ex
1832 3941 1881 3984 su·

531 4016 627 4090 perius
651 4013 735 4072 dictio
759 4022 849 4090 petet,
872 4030 1030 4091 parumper
1052 4031 1071 4071 e
1093 4013 1193 4071 circuli
1218 4012 1395 4087 perfectione
1419 4011 1457 4070 ed
1481 4012 1637 4090 ellipticem
1653 4012 1780 4072 leterum
1795 4014 1883 4073 crsti-

531 4105 677 4176 getiunem
702 4100 847 4161 deflectet.

620 4189 730 4247 Rcmue
752 4190 799 4247 oei
821 4197 898 4248 temo
920 4192 1009 4247 nauti
1028 4190 1202 4262 porrigitur·
1224 4204 1244 4243 u
1259 4190 1337 4246 noui
1354 4204 1501 4261 prorsum
1524 4191 1557 4245 in
1572 4187 1748 4246 rimarunt
1763 4190 1797 4246 in
1812 4202 1882 4245 oen·

530 4283 610 4348 tum,
643 4276 737 4352 fibrae
763 4280 838 4334 istae
866 4277 961 4333 launi
990 4279 1072 4334 intuo
1094 4277 1128 4332 in
1151 4273 1283 4332 rotundo
1303 4274 1446 4348 planctae
1468 4291 1610 4351 corpure:
1638 4291 1703 4334 nore
1725 4283 1769 4333 cri
1793 4278 1884 4350 iffitrrr

529 4365 566 4418 iic
588 4364 692 4423 eadem
716 4367 769 4437 oie,
794 4381 872 4438 quae
895 4363 1069 4421 temonibus.
1104 4360 1173 4419 Non
1193 4369 1238 4417 est
1260 4378 1388 4434 neccsse,
1413 4364 1511 4420 omniu
1534 4361 1710 4438 respondere
1735 4364 1766 4420 iu
1788 4361 1883 4438 ellqu

531 4449 735 4509 similitudine:
768 4450 898 4509 succedit
925 4460 1023 4508 uutcnr
1054 4449 1120 4507 loco
1144 4448 1291 4508 leenlieiie
1315 4463 1458 4508 remorum
1483 4451 1527 4508 ris
1550 4451 1610 4508 ulie
1633 4448 1774 4508 flbrerum
1795 4448 1883 4508 multo

533 4540 765 4611 convenientior,
791 4537 869 4613 quod
892 4538 966 4595 sicut
981 4554 1069 4612 cupre
1085 4536 1176 4593 fibrue
1191 4536 1353 4594 netureleru
1369 4536 1518 4595 habebunt
1533 4538 1667 4594 inertium
1684 4546 1789 4596 corrue
1804 4535 1883 4596 inel'n

530 4625 677 4682 nationem
701 4628 761 4697 sui,
785 4643 837 4684 scu
862 4627 958 4702 potins
982 4627 1143 4701 potentiam
1166 4623 1203 4681 ed
1226 4623 1410 4682 retinendum
1431 4626 1518 4682 situm
1541 4622 1714 4700 perellelum
1738 4628 1768 4682 in
1793 4635 1883 4684 uem·

531 4713 695 4786 portatione
719 4715 863 4789 corporis,
887 4715 929 4770 sic
952 4729 1028 4770 nunc
1051 4714 1138 4770 etiem
1163 4712 1232 4768 insit
1254 4709 1333 4769 fibris
1357 4711 1519 4769 latitudinis
1544 4719 1658 4787 praeter
1680 4709 1809 4772 similem
1828 4712 1883 4769 rin

530 4796 671 4856 retinendi
695 4800 782 4856 situm
804 4798 975 4876 parallelum
1000 4802 1087 4858 etiem
1109 4797 1253 4857 neturelie
1272 4801 1404 4874 potentie
1420 4797 1570 4872 egilitetis,
1593 4814 1647 4856 eeu
1661 4798 1765 4857 tuendi
1781 4799 1883 4857 llum

530 4884 617 4961 plene
650 4884 772 4943 cendenr
804 4895 832 4945 ct
860 4886 1019 4946 secuudum
1051 4904 1115 4945 eene
1141 4885 1293 4944 derivandi
1316 4893 1425 4945 motum
1449 4887 1506 4945 sibi
1529 4885 1659 4956 illeturn,
1692 4888 1721 4942 in
1746 4893 1883 4963 quntum

531 4971 648 5048 quidem
671 4971 764 5031 tendit
786 4984 882 5033 motus
906 4976 934 5031 in
959 4973 1081 5038 eundern
1104 4973 1222 5049 plegem
1245 4989 1311 5031 cunr
1333 4973 1428 5032 eltero
1449 4971 1540 5032 dbree
1562 4982 1701 5032 extremo.

621 5058 776 5136 Compara
797 5063 932 5140 formum
954 5061 1033 5120 benc
1055 5068 1154 5119 motus
1168 5060 1342 5118 leutudinir
1354 5077 1424 5119 cunr
1439 5062 1630 5121 astronomia
1645 5063 1738 5118 reteri
1752 5058 1882 5134 πειρῶ

528 5148 684 5223 populari
730 5145 792 5207 Nos
813 5147 861 5210 bic
882 5148 1030 5226 plencteru
1053 5148 1165 5207 flumini
1187 5150 1395 5206 committimus
1417 5165 1482 5206 curu
1507 5146 1628 5223 obliquo
1650 5158 1779 5218 temone
1803 5147 1882 5221 cuj·

529 5231 777 5309 inuuere·
849 5231 1879 5314 h¹·brt«deilucutl'umtreiitrietsbssedpesdoppositnn
