4459 6275
1045 768 1209 839 Μ’*
1736 780 1800 842 esa

433 946 564 1007 bususm
579 964 617 1008 ex
631 948 729 1007 causis
742 946 800 1008 boc
813 948 857 1009 sic
871 948 1000 1027 eveniet,
1022 949 1166 1027 ponitque
1179 946 1298 1025 aliquas
1313 954 1409 1009 certas
1424 956 1455 1011 et
1468 958 1558 1028 captu
1571 960 1801 1031 computatuque

432 1033 539 1095 faciles
562 1034 655 1113 leges,
678 1034 852 1111 explorans,
875 1044 972 1095 utrum
994 1053 1043 1109 ea,
1067 1052 1146 1112 quse
1169 1037 1414 1097 observationum
1437 1042 1615 1101 testimoniis
1636 1050 1706 1101 sunt
1728 1059 1801 1103 eon·

434 1121 567 1195 firmata,
592 1140 628 1183 ex
652 1124 687 1181 iis
710 1130 842 1181 motuum
863 1122 979 1199 legibus
1001 1122 1190 1201 sequautur?

526 1209 580 1269 nst
590 1212 678 1287 igitur
689 1208 926 1286 dningnendnm
940 1209 1095 1286 diligenter
1107 1213 1182 1269 inter
1194 1226 1238 1281 se,
1254 1225 1332 1284 quae
1347 1211 1418 1268 artis
1427 1213 1514 1286 periti
1533 1212 1701 1287 observant,
1714 1222 1745 1275 et
1755 1232 1802 1289 ea,

435 1312 516 1374 quae
538 1306 662 1373 ponunt,
685 1305 718 1355 ut
741 1294 792 1355 illa
813 1298 970 1357 observata
991 1315 1043 1373 per
1065 1297 1139 1357 baec
1160 1299 1259 1372 posita
1280 1296 1416 1355 elficiaut.
1464 1294 1629 1376 Utrumque
1643 1304 1803 1379 peritorum

434 1386 510 1443 artis
532 1394 587 1458 cst,
611 1392 747 1445 neutrum
769 1382 808 1443 ad
830 1386 1024 1461 promiscuam
1047 1384 1130 1461 vulgi
1151 1386 1286 1443 notitiam
1308 1387 1451 1462 pertinet3
1475 1396 1620 1463 tantoque
1639 1389 1801 1467 proclivius

436 1479 492 1542 est,
517 1470 611 1531 alters
634 1489 700 1531 cum
714 1471 814 1531 alteris
837 1471 1024 1532 contundere.
1060 1470 1146 1531 Haec
1161 1488 1232 1532 sero
1257 1472 1284 1529 si
1308 1472 1383 1529 bene
1397 1472 1505 1531 luerint
1520 1475 1634 1535 interea
1655 1476 1803 1551 distincta,

436 1564 509 1618 tune
529 1559 693 1635 apparebit,
718 1557 858 1635 quidnam
880 1575 936 1635 ego
959 1576 995 1619 ex
1019 1560 1111 1618 ueteri
1132 1559 1313 1617 astronomia
1334 1559 1485 1632 retineam,
1514 1562 1587 1636 quid
1609 1562 1758 1637 abjiciam.

525 1644 593 1705 Nou
616 1654 661 1707 est
684 1645 856 1724 bypotbesis
878 1654 931 1705 eut
951 1648 1060 1722 positio
1083 1645 1161 1717 ficta,
1184 1662 1250 1705 cum
1265 1644 1416 1719 tradimus,
1440 1646 1577 1723 planetas
1597 1667 1717 1709 emanso
1733 1668 1803 1709 cur·

435 1732 531 1795 riotdo
555 1735 585 1791 iu
608 1735 732 1812 pristina
753 1735 860 1792 reverti
883 1736 1017 1810 vestigia,
1041 1732 1094 1793 sed
1117 1732 1174 1792 bue
1196 1734 1404 1793 observatione
1426 1746 1544 1793 constat
1565 1746 1596 1796 ct
1617 1736 1804 1813 planetarum

435 1819 596 1881 collatione
619 1820 685 1879 cu'm
707 1820 773 1879 fixis
796 1822 890 1893 certis,
913 1821 950 1879 ad
975 1837 1049 1896 quas
1071 1820 1114 1878 illi
1137 1830 1206 1895 post
1229 1827 1310 1879 certa
1332 1830 1496 1895 temporum
1519 1823 1677 1883 intervalla
1697 1842 1801 1885 rever-

436 1914 549 1967 tuntur.
594 1904 681 1967 Hauc
702 1909 930 1981 restitutionem,
959 1907 988 1964 in
1010 1906 1072 1967 lato
1094 1924 1184 1967 seusu
1208 1907 1290 1967 vocis
1312 1906 1502 1983 circularem,
1532 1926 1589 1986 ego
1612 1927 1802 1988 nequaquam

437 1994 550 2072 abjicio
573 2009 629 2055 uec
652 1994 797 2055 convello.
1257 2052 1262 2067 ,

527 2080 595 2141 Non
619 2090 780 2158 estusque
803 2081 859 2142 boc
880 2080 989 2153 fictum,
1013 2079 1062 2139 sel
1085 2098 1166 2141 ame
1188 2079 1347 2155 abjectum,
1371 2079 1452 2156 quod
1466 2080 1558 2142 babet
1574 2083 1707 2144 doctriua
1721 2086 1804 2147 side·

436 2168 519 2242 ralis,
542 2166 678 2245 planetas
701 2171 731 2228 in
754 2170 898 2246 oppositis
921 2168 996 2227 coeli
1017 2167 1091 2227 locis
1123 2166 1331 2243 inaequalibus
1353 2168 1518 2228 intervallis
1550 2171 1681 2232 aTerre
1711 2172 1761 2233 sel
1782 2190 1803 2233 a

436 2256 519 2319 Sulis
542 2262 641 2317 ceubo
670 2258 700 2313 in
722 2256 801 2316 linea
823 2263 903 2317 recta
933 2255 1092 2315 discedere.
1137 2256 1202 2314 Etsi
1232 2256 1310 2313 enim
1334 2253 1474 2315 distantis
1505 2272 1564 2316 non
1587 2270 1633 2319 est
1655 2262 1805 2339 proprium

437 2344 590 2420 obJ'ectum
613 2346 711 2415 risus,
740 2350 772 2402 at
792 2349 861 2404 suut
882 2350 1055 2418 argumenta
1074 2345 1209 2419 propria,
1239 2343 1349 2417 quibus
1372 2341 1523 2401 oculorum
1545 2348 1713 2408 testimonio
1736 2347 1803 2407 dic·

436 2434 510 2491 tatis
533 2428 571 2491 de
597 2429 759 2491 intervallis
782 2430 929 2491 reddimur
951 2432 1038 2505 certi;
1068 2431 1094 2489 si
1116 2432 1252 2489 nimirum
1275 2438 1305 2489 et
1326 2445 1433 2507 corpus
1455 2442 1486 2489 et
1508 2440 1606 2492 motus
1636 2445 1801 2512 temporum

438 2516 613 2596 aequalium
636 2520 667 2575 iu
690 2534 748 2576 uno
773 2517 848 2577 coeli
870 2515 937 2577 loco
961 2519 1019 2576 sint
1041 2516 1214 2576 adsensum
1236 2533 1339 2593 parva,
1363 2519 1392 2573 iu
1413 2520 1550 2593 opposito
1573 2538 1691 2599 magna.
1728 2522 1805 2582 Nam

436 2604 521 2684 quod
544 2606 748 2665 Fracustorius
772 2613 801 2665 et
823 2612 891 2665 aute
913 2620 980 2663 eum
996 2603 1193 2679 Albategnius
1208 2603 1305 2663 Arabs
1321 2616 1492 2682 posuerunt,
1517 2605 1687 2669 distantiam
1700 2609 1806 2669 sideris

436 2709 558 2755 menere
582 2693 765 2765 iurarietam,
789 2690 887 2753 media
909 2708 988 2762 sero,
1011 2691 1093 2751 aidus
1117 2693 1194 2751 inter
1215 2700 1246 2753 et
1260 2693 1357 2751 visum
1373 2693 1555 2768 interposita,
1578 2694 1717 2757 densiora
1738 2714 1804 2757 esse

437 2799 475 2841 ex
500 2797 561 2838 uua
582 2779 682 2857 plaga,
705 2781 814 2839 rariora
837 2796 872 2838 er
896 2781 1049 2851 contraria,
1073 2782 1337 2856 apparentiamque
1360 2778 1420 2838 illic
1442 2781 1603 2856 majorem,
1633 2783 1683 2843 bic
1705 2786 1804 2843 miuo-

435 2886 501 2927 rem
523 2865 659 2940 reddere,
685 2866 715 2924 id
738 2867 851 2926 somnio
875 2865 1000 2925 similius
1023 2873 1076 2939 cat,
1101 2883 1191 2943 quam
1214 2867 1353 2945 positioni
1373 2866 1515 2927 eruditae.
1560 2869 1641 2930 Dsto
1665 2873 1751 2945 euim,
1774 2871 1806 2930 iu

437 2956 507 3015 loco
531 2953 606 3014 coeli
629 2970 688 3013 uno
712 2954 824 3030 majora
850 2951 933 3012 reddi
955 2952 1129 3031 spectabilia
1158 2954 1309 3030 perhanc
1337 2954 1530 3031 positionem,
1564 2956 1634 3035 quid
1664 2957 1714 3019 fiet
1736 2957 1804 3036 pla-

437 3045 517 3103 netis
542 3040 619 3113 aliis,
643 3057 766 3117 quorum
789 3047 886 3100 motus
909 3048 939 3100 et
961 3057 1085 3117 corpora
1107 3040 1213 3101 eodem
1235 3045 1266 3100 in
1288 3041 1355 3101 loco
1375 3040 1451 3101 coeli
1473 3050 1643 3121 spectantur
1664 3044 1803 3105 minora?

438 3128 500 3192 Sed
523 3128 598 3188 nibil
621 3135 665 3190 est
688 3146 761 3208 opus
784 3130 1053 3207 argumentatione,
1077 3146 1137 3189 rem
1161 3132 1263 3207 ipsam,
1287 3136 1320 3187 ut
1341 3147 1395 3207 par
1417 3139 1471 3202 cst,
1495 3130 1614 3210 largior,
1638 3132 1803 3194 intervallis

438 3217 539 3278 sidere
561 3215 766 3293 inaequalibus
789 3219 830 3277 ire
853 3218 930 3276 circa
952 3215 1085 3290 Terram,
1115 3234 1183 3290 seu,
1219 3226 1342 3277 etcum
1362 3222 1538 3278 astronomis
1567 3219 1687 3296 loquar,
1723 3224 1804 3280 siam

437 3306 570 3366 siderum
593 3322 658 3365 esse
681 3306 890 3378 eccentricam;
920 3321 1071 3379 uunquam
1094 3304 1150 3364 boc
1173 3320 1229 3382 ego
1250 3304 1419 3382 negandum
1441 3309 1550 3365 censui.
1595 3306 1724 3368 Rursum
1746 3325 1802 3368 nec

438 3394 516 3455 baec
543 3399 587 3452 est
610 3393 717 3469 positio
741 3391 824 3464 dcta,
856 3408 923 3451 cum
945 3389 1086 3462 dicimus,
1117 3399 1247 3453 centrum
1275 3393 1428 3452 eccentricl
1451 3391 1553 3454 Lunae
1583 3397 1680 3471 spatio
1703 3412 1803 3456 auno-

437 3499 506 3540 rum
529 3475 594 3562 8¹s,
616 3479 779 3539 describere
802 3496 925 3558 parsum
947 3479 1087 3539 circulum
1112 3481 1189 3541 circs
1205 3488 1336 3539 centrum
1352 3479 1469 3540 Terrae.
1515 3479 1658 3541 Videmus
1680 3499 1710 3544 u.
1736 3482 1804 3543 dia·

439 3577 567 3629 metrum
589 3568 719 3643 corporis
743 3566 844 3626 Lunae
868 3573 897 3626 et
919 3573 1015 3625 motus
1039 3566 1158 3628 diurnos
1180 3584 1258 3627 nunc
1281 3570 1311 3625 in
1334 3567 1447 3628 Cancro
1470 3583 1535 3628 esse
1558 3570 1711 3643 minimos,
1733 3579 1805 3646 post

439 3673 553 3715 annum
576 3656 605 3712 in
630 3654 744 3729 Leone,
777 3660 843 3731 post
865 3654 894 3710 iu
917 3653 1038 3731 Virgine
1069 3662 1098 3714 et
1121 3657 1165 3715 sic
1188 3653 1342 3731 deinceps,
1374 3653 1467 3714 donec
1492 3659 1604 3714 exactis
1627 3657 1714 3715 aunis
1739 3653 1809 3738 8¹1,

439 3742 515 3804 ordo
539 3748 703 3801 revertatur
726 3739 765 3802 ad
788 3740 941 3801 Cancrum.

530 3827 602 3889 Jam
624 3845 705 3898 sero,
729 3845 795 3887 cnm
818 3827 943 3888 artifices
966 3837 1154 3903 qusercrcut,
1178 3829 1355 3903 quibusnam
1377 3827 1540 3886 rationibus
1564 3827 1731 3888 efficeretur
1757 3830 1808 3888 ria

440 3918 615 3990 eccentrica,
637 3916 832 3993 positionibus
855 3914 977 3974 diversis
1000 3924 1069 3973 suut
1093 3917 1147 3989 usi,
1171 3934 1207 3975 ex
1230 3916 1337 3992 quibus
1360 3915 1425 3987 boc,
1448 3915 1528 3990 quod
1551 3916 1580 3972 in
1604 3932 1634 3973 rc
1658 3925 1715 3988 est,
1742 3913 1810 3975 elfl-

440 4013 567 4066 ceretur.
612 4002 835 4080 simplicissima
858 4002 913 4062 suit
935 4019 1034 4062 eorum
1057 4005 1174 4080 opinio,
1207 4005 1257 4078 qui
1281 4011 1418 4079 puuctum
1441 4000 1562 4077 aliquod
1583 4010 1758 4061 statuerunt
1780 4002 1814 4058 iu

440 4092 562 4152 sublimi
585 4092 740 4167 positoque
773 4091 803 4147 in
832 4107 867 4150 eo
897 4089 971 4167 pede
995 4091 1093 4149 circini
1122 4089 1281 4167 perlectum
1310 4090 1523 4164 descripserunt
1550 4087 1696 4147 circulum
1730 4091 1814 4147 circa

441 4179 471 4239 id
494 4185 646 4257 punctum.
694 4176 816 4248 Deinde,
840 4194 905 4236 cum
929 4178 1137 4239 observatione
1160 4185 1287 4250 constet,
1320 4178 1387 4236 locs
1409 4176 1601 4233 maximorum
1624 4174 1738 4234 Lunae
1763 4177 1816 4232 in-

440 4265 635 4328 tervallorum
658 4281 715 4323 non
738 4281 854 4325 manere
877 4264 994 4337 eadem,
1026 4263 1079 4324 scd
1103 4264 1258 4326 succedere
1281 4265 1406 4322 invicem
1430 4264 1458 4318 in
1481 4263 1721 4337 consequentia,
1751 4267 1821 4320 sta-

442 4359 563 4416 tuerunt
586 4352 643 4424 illi,
675 4349 754 4428 quod
777 4360 839 4412 eret
861 4369 906 4411 res
930 4355 1008 4429 ipsu,
1039 4361 1072 4411 ut
1096 4353 1220 4424 dictum,
1251 4359 1382 4411 centrum
1411 4348 1498 4422 buius
1521 4347 1623 4407 circuli
1648 4342 1827 4407 eccentricl

441 4443 510 4504 icrri
533 4443 565 4498 in
588 4437 646 4498 alio
670 4437 786 4497 circello
817 4442 999 4499 concentrico
1024 4441 1100 4499 circa
1123 4439 1252 4499 Terram.
1299 4435 1337 4497 Ut
1366 4453 1435 4496 vero
1466 4435 1702 4511 intelligeretur,
1742 4448 1835 4508 quo·

441 4527 533 4589 modo
556 4535 697 4603 punctum
719 4526 785 4585 terri
808 4533 908 4602 posset
931 4529 960 4584 in
984 4527 1124 4602 circulos,
1153 4527 1261 4604 posteri
1289 4523 1356 4600 plus
1383 4521 1564 4582 indulserunt
1590 4519 1838 4598 positionibus,

441 4616 553 4678 additis
577 4614 695 4673 orbibus
718 4612 910 4689 inaequaliter
932 4616 1053 4682 crassis,
1083 4615 1189 4691 quibus
1213 4612 1398 4671 deserentium
1425 4627 1559 4686 apogaea
1587 4623 1708 4666 numen
1738 4603 1843 4662 iudi·

441 4704 557 4765 derunt.
608 4701 665 4758 Atii
689 4708 789 4759 contra
823 4718 960 4778 magnum
983 4703 1198 4761 concentticum
1228 4698 1396 4760 ordinarunt
1422 4698 1499 4756 circs
1521 4705 1657 4756 centrum
1682 4689 1841 4750 Terrae.

441 4795 472 4849 in
497 4807 533 4850 eo
558 4787 666 4849 circulo
689 4787 843 4848 affixerunt
865 4792 948 4865 parvi
971 4789 1096 4863 alicujus
1119 4788 1242 4867 epicyeli
1258 4796 1396 4853 centrum,
1420 4781 1533 4842 Lunam
1549 4797 1621 4843 sero
1646 4783 1682 4836 in
1707 4788 1847 4851 super·

444 4879 510 4939 ficie
541 4874 631 4951 hujus
654 4874 777 4952 epicyeli
806 4877 883 4936 circa
910 4875 974 4952 ejus
997 4884 1138 4953 puuctum
1168 4875 1313 4934 allisionis
1337 4871 1417 4931 volvi
1449 4869 1594 4931 dixerunt.
1643 4863 1729 4924 Huc
1760 4865 1847 4920 ver<

441 4966 544 5044 posito
567 4962 764 5039 sequebantur
787 4962 888 5023 eadem
917 4981 993 5040 quae
1016 4966 1105 5040 prius.
1150 4961 1252 5040 Tycbo
1275 4961 1363 5020 etiam
1394 4957 1558 5034 duplicavit
1580 4947 1786 5032 epicyclum
1816 4945 1847 5000 ir

443 5054 542 5114 Luna.
588 5049 718 5109 Priorem
740 5049 902 5126 simplicem
924 5053 1100 5127 positionem
1123 5066 1178 5126 ego
1201 5050 1265 5108 loco
1280 5063 1334 5104 suo
1357 5044 1519 5120 relinquere
1537 5044 1735 5123 potuissem,
1769 5043 1847 5088 cun

443 5138 518 5199 nibil
541 5137 662 5211 babeat,
695 5154 754 5214 quo
784 5136 820 5198 de
851 5137 976 5198 dubitari
1003 5139 1109 5214 possit,
1144 5133 1398 5196 observationibus
1426 5133 1661 5198 attestantibus,
1701 5123 1846 5196 praete

443 5225 541 5290 ⁸⁰¹⁸ffl
563 5223 771 5301 Ρθῐῖθθῑῑθΰθω
793 5225 908 5304 circuli;
939 5243 993 5290 nec
1014 5223 1094 5286 illum
1123 5240 1178 5302 ego
1200 5221 1287 5302 plane
1307 5220 1422 5296 rejicio,
1452 5219 1525 5284 lacit
1552 5218 1639 5282 euim
1675 5211 1717 5268 iu
1747 5201 1847 5262 Luu·
