<?xml version="1.0" encoding="UTF-8"?>
<!DOCTYPE html PUBLIC "-//W3C//DTD XHTML 1.0 Transitional//EN"
    "http://www.w3.org/TR/xhtml1/DTD/xhtml1-transitional.dtd">
<html xmlns="http://www.w3.org/1999/xhtml" xml:lang="en" lang="en">
 <head>
  <title>
</title>
<meta http-equiv="Content-Type" content="text/html;charset=utf-8" />
  <meta name='ocr-system' content='tesseract 3.04.00' />
  <meta name='ocr-capabilities' content='ocr_page ocr_carea ocr_par ocr_line ocrx_word'/>
</head>
<body>
  <div class='ocr_page' id='page_1' title='image "./joanniskepleria03frisgoog/joanniskepleria03frisgoog_0533.png"; bbox 0 0 4459 6275; ppageno 0'>
   <div class='ocr_carea' id='block_1_1' title="bbox 905 787 1697 859">
    <p class='ocr_par' dir='ltr' id='par_1_1' title="bbox 905 787 1697 859">
     <span class='ocr_line' id='line_1_1' title="bbox 905 787 1697 859; baseline -0.001 -14"><span class='ocrx_word' id='word_1_1' title='bbox 905 787 989 845; x_wconf 84' lang='lat' dir='ltr'><strong>Liber</strong></span> <span class='ocrx_word' id='word_1_2' title='bbox 1006 789 1151 859; x_wconf 83' lang='lat' dir='ltr'><strong>Septimus.</strong></span> <span class='ocrx_word' id='word_1_3' title='bbox 1635 797 1697 858; x_wconf 72' lang='lat'><strong>521</strong></span> 
     </span>
    </p>
   </div>
   <div class='ocr_carea' id='block_1_2' title="bbox 298 966 1779 3321">
    <p class='ocr_par' dir='ltr' id='par_1_2' title="bbox 298 966 1706 1222">
     <span class='ocr_line' id='line_1_2' title="bbox 349 966 1704 1049; baseline 0.002 -22"><span class='ocrx_word' id='word_1_4' title='bbox 349 973 481 1028; x_wconf 83' lang='lat' dir='ltr'>centrum</span> <span class='ocrx_word' id='word_1_5' title='bbox 497 974 527 1029; x_wconf 87' lang='lat' dir='ltr'><strong>et</strong></span> <span class='ocrx_word' id='word_1_6' title='bbox 544 984 630 1027; x_wconf 84' lang='lat' dir='ltr'><strong>axem</strong></span> <span class='ocrx_word' id='word_1_7' title='bbox 653 968 737 1044; x_wconf 81' lang='lat' dir='ltr'><strong>quasi</strong></span> <span class='ocrx_word' id='word_1_8' title='bbox 760 967 934 1041; x_wconf 76' lang='lat' dir='ltr'><strong>immobiles,</strong></span> <span class='ocrx_word' id='word_1_9' title='bbox 958 967 995 1029; x_wconf 92' lang='lat' dir='ltr'><strong>de</strong></span> <span class='ocrx_word' id='word_1_10' title='bbox 1011 986 1069 1046; x_wconf 94' lang='lat' dir='ltr'><strong>qno</strong></span> <span class='ocrx_word' id='word_1_11' title='bbox 1084 968 1159 1028; x_wconf 90' lang='lat' dir='ltr'><strong>libro</strong></span> <span class='ocrx_word' id='word_1_12' title='bbox 1183 967 1207 1029; x_wconf 93' lang='lat' dir='ltr'><strong>I.</strong></span> <span class='ocrx_word' id='word_1_13' title='bbox 1232 966 1369 1029; x_wconf 86' lang='lat' dir='ltr'><strong>Omnium</strong></span> <span class='ocrx_word' id='word_1_14' title='bbox 1392 971 1477 1030; x_wconf 90' lang='lat' dir='ltr'><strong>trium</strong></span> <span class='ocrx_word' id='word_1_15' title='bbox 1500 971 1574 1030; x_wconf 88' lang='lat' dir='ltr'><strong>inter</strong></span> <span class='ocrx_word' id='word_1_16' title='bbox 1589 986 1621 1032; x_wconf 89' lang='lat' dir='ltr'><strong>se</strong></span> <span class='ocrx_word' id='word_1_17' title='bbox 1634 988 1704 1049; x_wconf 91' lang='lat' dir='ltr'><strong>per·</strong></span> 
     </span>
     <span class='ocr_line' id='line_1_3' title="bbox 344 1053 1259 1132; baseline 0.002 -18"><span class='ocrx_word' id='word_1_18' title='bbox 344 1053 505 1114; x_wconf 78' lang='lat' dir='ltr'><strong>hrixtorum</strong></span> <span class='ocrx_word' id='word_1_19' title='bbox 529 1054 662 1132; x_wconf 82' lang='lat' dir='ltr'><strong>exempla</strong></span> <span class='ocrx_word' id='word_1_20' title='bbox 686 1061 754 1114; x_wconf 92' lang='lat' dir='ltr'><strong>sunt</strong></span> <span class='ocrx_word' id='word_1_21' title='bbox 775 1058 805 1112; x_wconf 92' lang='lat' dir='ltr'><strong>in</strong></span> <span class='ocrx_word' id='word_1_22' title='bbox 829 1057 942 1115; x_wconf 88' lang='lat' dir='ltr'><strong>turbine</strong></span> <span class='ocrx_word' id='word_1_23' title='bbox 966 1055 1041 1116; x_wconf 90' lang='lat' dir='ltr'><strong>libro</strong></span> <span class='ocrx_word' id='word_1_24' title='bbox 1062 1057 1086 1115; x_wconf 88' lang='grc' dir='ltr'><strong>Ι.</strong></span> <span class='ocrx_word' id='word_1_25' title='bbox 1110 1055 1161 1116; x_wconf 84' lang='lat' dir='ltr'><strong>iol.</strong></span> <span class='ocrx_word' id='word_1_26' title='bbox 1189 1059 1259 1116; x_wconf 82' lang='grc'><strong>173.</strong></span> 
     </span>
     <span class='ocr_line' id='line_1_4' title="bbox 298 1138 1706 1222; baseline 0.002 -21"><span class='ocrx_word' id='word_1_27' title='bbox 298 1200 302 1211; x_wconf 77' lang='grc'><em>,</em></span> <span class='ocrx_word' id='word_1_28' title='bbox 437 1146 536 1218; x_wconf 78' lang='lat' dir='ltr'><strong>Quum</strong></span> <span class='ocrx_word' id='word_1_29' title='bbox 565 1143 637 1202; x_wconf 84' lang='lat' dir='ltr'><strong>hnic</strong></span> <span class='ocrx_word' id='word_1_30' title='bbox 664 1144 859 1202; x_wconf 76' lang='lat' dir='ltr'><strong>inclinationi</strong></span> <span class='ocrx_word' id='word_1_31' title='bbox 889 1147 957 1204; x_wconf 78' lang='lat' dir='ltr'><strong>acis</strong></span> <span class='ocrx_word' id='word_1_32' title='bbox 989 1161 1114 1203; x_wconf 85' lang='lat' dir='ltr'><strong>causam</strong></span> <span class='ocrx_word' id='word_1_33' title='bbox 1146 1138 1297 1220; x_wconf 60' lang='lat' dir='ltr'><strong>monus,</strong></span> <span class='ocrx_word' id='word_1_34' title='bbox 1331 1163 1383 1205; x_wconf 83' lang='lat' dir='ltr'><strong>scu</strong></span> <span class='ocrx_word' id='word_1_35' title='bbox 1417 1164 1506 1222; x_wconf 80' lang='lat' dir='ltr'><strong>quesn</strong></span> <span class='ocrx_word' id='word_1_36' title='bbox 1536 1145 1706 1207; x_wconf 74' lang='lat' dir='ltr'><strong>notorem?</strong></span> 
     </span>
    </p>

    <p class='ocr_par' dir='ltr' id='par_1_3' title="bbox 345 1229 1705 1643">
     <span class='ocr_line' id='line_1_5' title="bbox 347 1229 1705 1316; baseline 0.001 -25"><span class='ocrx_word' id='word_1_37' title='bbox 347 1231 453 1291; x_wconf 86' lang='lat' dir='ltr'><strong>Potest</strong></span> <span class='ocrx_word' id='word_1_38' title='bbox 476 1247 540 1290; x_wconf 90' lang='lat' dir='ltr'><strong>esse</strong></span> <span class='ocrx_word' id='word_1_39' title='bbox 563 1229 613 1290; x_wconf 90' lang='lat' dir='ltr'><strong>illa</strong></span> <span class='ocrx_word' id='word_1_40' title='bbox 636 1229 761 1291; x_wconf 86' lang='lat' dir='ltr'><strong>incultas</strong></span> <span class='ocrx_word' id='word_1_41' title='bbox 785 1231 928 1304; x_wconf 87' lang='lat' dir='ltr'><strong>animalis,</strong></span> <span class='ocrx_word' id='word_1_42' title='bbox 952 1248 1027 1306; x_wconf 92' lang='lat' dir='ltr'><strong>qnae</strong></span> <span class='ocrx_word' id='word_1_43' title='bbox 1049 1231 1170 1316; x_wconf 80' lang='lat' dir='ltr'><strong>globum</strong></span> <span class='ocrx_word' id='word_1_44' title='bbox 1193 1233 1270 1291; x_wconf 87' lang='lat' dir='ltr'><strong>circs</strong></span> <span class='ocrx_word' id='word_1_45' title='bbox 1290 1250 1374 1291; x_wconf 89' lang='lat' dir='ltr'><strong>suum</strong></span> <span class='ocrx_word' id='word_1_46' title='bbox 1397 1251 1481 1291; x_wconf 82' lang='lat' dir='ltr'><strong>axem</strong></span> <span class='ocrx_word' id='word_1_47' title='bbox 1504 1241 1628 1309; x_wconf 81' lang='lat' dir='ltr'><strong>torquet,</strong></span> <span class='ocrx_word' id='word_1_48' title='bbox 1652 1232 1705 1294; x_wconf 88' lang='lat' dir='ltr'><strong>sed</strong></span> 
     </span>
     <span class='ocr_line' id='line_1_6' title="bbox 348 1317 1703 1395; baseline 0.001 -17"><span class='ocrx_word' id='word_1_49' title='bbox 348 1336 427 1395; x_wconf 88' lang='lat' dir='ltr'><strong>quae</strong></span> <span class='ocrx_word' id='word_1_50' title='bbox 449 1318 590 1378; x_wconf 88' lang='lat' dir='ltr'><strong>hactenns</strong></span> <span class='ocrx_word' id='word_1_51' title='bbox 614 1317 731 1394; x_wconf 90' lang='lat' dir='ltr'><strong>quidem</strong></span> <span class='ocrx_word' id='word_1_52' title='bbox 751 1320 950 1378; x_wconf 80' lang='lat' dir='ltr'><strong>instrumentis</strong></span> <span class='ocrx_word' id='word_1_53' title='bbox 972 1321 1119 1394; x_wconf 86' lang='lat' dir='ltr'><strong>corporcis</strong></span> <span class='ocrx_word' id='word_1_54' title='bbox 1143 1327 1172 1377; x_wconf 91' lang='lat' dir='ltr'><strong>et</strong></span> <span class='ocrx_word' id='word_1_55' title='bbox 1187 1318 1378 1395; x_wconf 84' lang='lat' dir='ltr'><strong>dispositione</strong></span> <span class='ocrx_word' id='word_1_56' title='bbox 1401 1319 1538 1380; x_wconf 87' lang='lat' dir='ltr'><strong>fibrarum</strong></span> <span class='ocrx_word' id='word_1_57' title='bbox 1555 1329 1703 1390; x_wconf 87' lang='lat' dir='ltr'><strong>contenta,</strong></span> 
     </span>
     <span class='ocr_line' id='line_1_7' title="bbox 345 1406 1703 1483; baseline 0.001 -19"><span class='ocrx_word' id='word_1_58' title='bbox 345 1423 427 1466; x_wconf 91' lang='lat' dir='ltr'><strong>nnnc</strong></span> <span class='ocrx_word' id='word_1_59' title='bbox 447 1416 545 1465; x_wconf 89' lang='lat' dir='ltr'><strong>mente</strong></span> <span class='ocrx_word' id='word_1_60' title='bbox 571 1413 670 1465; x_wconf 89' lang='lat' dir='ltr'><strong>utatur</strong></span> <span class='ocrx_word' id='word_1_61' title='bbox 693 1408 827 1481; x_wconf 84' lang='lat' dir='ltr'><strong>insuper:</strong></span> <span class='ocrx_word' id='word_1_62' title='bbox 861 1413 890 1465; x_wconf 91' lang='lat' dir='ltr'><strong>et</strong></span> <span class='ocrx_word' id='word_1_63' title='bbox 913 1407 948 1465; x_wconf 91' lang='lat' dir='ltr'><strong>de</strong></span> <span class='ocrx_word' id='word_1_64' title='bbox 973 1406 1027 1466; x_wconf 90' lang='lat' dir='ltr'><strong>bac</strong></span> <span class='ocrx_word' id='word_1_65' title='bbox 1051 1423 1142 1466; x_wconf 81' lang='lat' dir='ltr'><strong>carisa</strong></span> <span class='ocrx_word' id='word_1_66' title='bbox 1164 1408 1272 1467; x_wconf 87' lang='lat' dir='ltr'><strong>mentio</strong></span> <span class='ocrx_word' id='word_1_67' title='bbox 1296 1407 1351 1466; x_wconf 85' lang='lat' dir='ltr'><strong>luit</strong></span> <span class='ocrx_word' id='word_1_68' title='bbox 1378 1408 1486 1483; x_wconf 89' lang='lat' dir='ltr'><strong>injecta</strong></span> <span class='ocrx_word' id='word_1_69' title='bbox 1508 1406 1582 1467; x_wconf 91' lang='lat' dir='ltr'><strong>libro</strong></span> <span class='ocrx_word' id='word_1_70' title='bbox 1605 1409 1629 1467; x_wconf 92' lang='lat' dir='ltr'><strong>l.</strong></span> <span class='ocrx_word' id='word_1_71' title='bbox 1652 1407 1703 1467; x_wconf 86' lang='lat' dir='ltr'><strong>iol.</strong></span> 
     </span>
     <span class='ocr_line' id='line_1_8' title="bbox 350 1491 1704 1570; baseline 0.001 -17"><span class='ocrx_word' id='word_1_72' title='bbox 350 1496 422 1557; x_wconf 82' lang='grc'><strong>178.</strong></span> <span class='ocrx_word' id='word_1_73' title='bbox 467 1491 569 1553; x_wconf 88' lang='lat' dir='ltr'><strong>Tslem</strong></span> <span class='ocrx_word' id='word_1_74' title='bbox 599 1495 687 1553; x_wconf 92' lang='lat' dir='ltr'><strong>etiam</strong></span> <span class='ocrx_word' id='word_1_75' title='bbox 717 1494 915 1553; x_wconf 82' lang='lat' dir='ltr'><strong>concessimus</strong></span> <span class='ocrx_word' id='word_1_76' title='bbox 943 1495 1038 1553; x_wconf 90' lang='lat' dir='ltr'><strong>motui</strong></span> <span class='ocrx_word' id='word_1_77' title='bbox 1066 1493 1201 1570; x_wconf 91' lang='lat' dir='ltr'><strong>apsidum</strong></span> <span class='ocrx_word' id='word_1_78' title='bbox 1231 1493 1306 1554; x_wconf 91' lang='lat' dir='ltr'><strong>libro</strong></span> <span class='ocrx_word' id='word_1_79' title='bbox 1336 1494 1389 1556; x_wconf 91' lang='lat' dir='ltr'><strong>IV.</strong></span> <span class='ocrx_word' id='word_1_80' title='bbox 1419 1495 1469 1554; x_wconf 87' lang='lat' dir='ltr'><strong>iol.</strong></span> <span class='ocrx_word' id='word_1_81' title='bbox 1503 1496 1583 1570; x_wconf 78' lang='lat'><strong>381,</strong></span> <span class='ocrx_word' id='word_1_82' title='bbox 1616 1496 1704 1555; x_wconf 86' lang='lat' dir='ltr'><strong>talem</strong></span> 
     </span>
     <span class='ocr_line' id='line_1_9' title="bbox 346 1579 1052 1643; baseline -0.001 -2"><span class='ocrx_word' id='word_1_83' title='bbox 346 1584 442 1643; x_wconf 87' lang='lat' dir='ltr'><strong>motui</strong></span> <span class='ocrx_word' id='word_1_84' title='bbox 465 1579 629 1642; x_wconf 87' lang='lat' dir='ltr'><strong>latitudinis</strong></span> <span class='ocrx_word' id='word_1_85' title='bbox 652 1580 882 1641; x_wconf 88' lang='lat' dir='ltr'><strong>administrando</strong></span> <span class='ocrx_word' id='word_1_86' title='bbox 905 1581 955 1641; x_wconf 85' lang='lat' dir='ltr'><strong>iol.</strong></span> <span class='ocrx_word' id='word_1_87' title='bbox 979 1582 1052 1641; x_wconf 87' lang='grc'><strong>386.</strong></span> 
     </span>
    </p>

    <p class='ocr_par' dir='ltr' id='par_1_4' title="bbox 346 1668 1705 2182">
     <span class='ocr_line' id='line_1_10' title="bbox 437 1668 1703 1746; baseline 0.002 -19"><span class='ocrx_word' id='word_1_88' title='bbox 437 1670 540 1729; x_wconf 87' lang='lat' dir='ltr'><strong>Potest</strong></span> <span class='ocrx_word' id='word_1_89' title='bbox 557 1685 625 1729; x_wconf 83' lang='lat' dir='ltr'><strong>vero</strong></span> <span class='ocrx_word' id='word_1_90' title='bbox 648 1671 736 1730; x_wconf 88' lang='lat' dir='ltr'><strong>etium</strong></span> <span class='ocrx_word' id='word_1_91' title='bbox 753 1685 817 1729; x_wconf 90' lang='lat' dir='ltr'><strong>esse</strong></span> <span class='ocrx_word' id='word_1_92' title='bbox 840 1686 996 1729; x_wconf 85' lang='lat' dir='ltr'><strong>concursus</strong></span> <span class='ocrx_word' id='word_1_93' title='bbox 1013 1685 1168 1729; x_wconf 87' lang='lat' dir='ltr'><strong>causarum</strong></span> <span class='ocrx_word' id='word_1_94' title='bbox 1186 1668 1309 1746; x_wconf 85' lang='lat' dir='ltr'><strong>physice</strong></span> <span class='ocrx_word' id='word_1_95' title='bbox 1325 1672 1512 1741; x_wconf 85' lang='lat' dir='ltr'><strong>moventium,</strong></span> <span class='ocrx_word' id='word_1_96' title='bbox 1536 1676 1703 1743; x_wconf 81' lang='lat' dir='ltr'><strong>extraneae,</strong></span> 
     </span>
     <span class='ocr_line' id='line_1_11' title="bbox 347 1756 1705 1834; baseline 0.002 -20"><span class='ocrx_word' id='word_1_97' title='bbox 347 1774 426 1832; x_wconf 88' lang='lat' dir='ltr'><strong>quae</strong></span> <span class='ocrx_word' id='word_1_98' title='bbox 458 1763 502 1815; x_wconf 88' lang='lat' dir='ltr'><strong>est</strong></span> <span class='ocrx_word' id='word_1_99' title='bbox 524 1759 637 1832; x_wconf 89' lang='lat' dir='ltr'><strong>species</strong></span> <span class='ocrx_word' id='word_1_100' title='bbox 660 1757 738 1816; x_wconf 88' lang='lat' dir='ltr'><strong>Solis</strong></span> <span class='ocrx_word' id='word_1_101' title='bbox 760 1773 899 1830; x_wconf 84' lang='lat' dir='ltr'><strong>movens,</strong></span> <span class='ocrx_word' id='word_1_102' title='bbox 930 1765 960 1817; x_wconf 93' lang='lat' dir='ltr'><strong>et</strong></span> <span class='ocrx_word' id='word_1_103' title='bbox 982 1758 1127 1828; x_wconf 85' lang='lat' dir='ltr'><strong>internae,</strong></span> <span class='ocrx_word' id='word_1_104' title='bbox 1158 1774 1233 1833; x_wconf 88' lang='lat' dir='ltr'><strong>qnnc</strong></span> <span class='ocrx_word' id='word_1_105' title='bbox 1256 1764 1301 1817; x_wconf 89' lang='lat' dir='ltr'><strong>cst</strong></span> <span class='ocrx_word' id='word_1_106' title='bbox 1323 1756 1476 1834; x_wconf 88' lang='lat' dir='ltr'><strong>dispositio</strong></span> <span class='ocrx_word' id='word_1_107' title='bbox 1498 1757 1649 1831; x_wconf 83' lang='lat' dir='ltr'><strong>fibrarum,</strong></span> <span class='ocrx_word' id='word_1_108' title='bbox 1675 1767 1705 1833; x_wconf 79' lang='lat' dir='ltr'><strong>et</strong></span> 
     </span>
     <span class='ocr_line' id='line_1_12' title="bbox 348 1843 1704 1921; baseline 0.001 -19"><span class='ocrx_word' id='word_1_109' title='bbox 348 1843 591 1921; x_wconf 88' lang='lat' dir='ltr'><strong>impedimentum</strong></span> <span class='ocrx_word' id='word_1_110' title='bbox 614 1864 632 1903; x_wconf 92' lang='lat' dir='ltr'><strong>n</strong></span> <span class='ocrx_word' id='word_1_111' title='bbox 656 1860 807 1917; x_wconf 87' lang='lat' dir='ltr'><strong>concursu,</strong></span> <span class='ocrx_word' id='word_1_112' title='bbox 832 1852 864 1903; x_wconf 91' lang='lat' dir='ltr'><strong>ut</strong></span> <span class='ocrx_word' id='word_1_113' title='bbox 886 1844 933 1902; x_wconf 92' lang='lat' dir='ltr'><strong>hic</strong></span> <span class='ocrx_word' id='word_1_114' title='bbox 954 1851 1052 1903; x_wconf 89' lang='lat' dir='ltr'><strong>motus</strong></span> <span class='ocrx_word' id='word_1_115' title='bbox 1075 1844 1257 1904; x_wconf 83' lang='lat' dir='ltr'><strong>tardissimus</strong></span> <span class='ocrx_word' id='word_1_116' title='bbox 1282 1862 1349 1905; x_wconf 86' lang='lat' dir='ltr'><strong>veru</strong></span> <span class='ocrx_word' id='word_1_117' title='bbox 1371 1863 1429 1904; x_wconf 91' lang='lat' dir='ltr'><strong>non</strong></span> <span class='ocrx_word' id='word_1_118' title='bbox 1452 1848 1490 1905; x_wconf 87' lang='lat' dir='ltr'><strong>sit</strong></span> <span class='ocrx_word' id='word_1_119' title='bbox 1512 1851 1623 1917; x_wconf 90' lang='lat' dir='ltr'><strong>motus,</strong></span> <span class='ocrx_word' id='word_1_120' title='bbox 1652 1843 1704 1906; x_wconf 89' lang='lat' dir='ltr'><strong>scd</strong></span> 
     </span>
     <span class='ocr_line' id='line_1_13' title="bbox 346 1928 1705 2009; baseline 0.001 -18"><span class='ocrx_word' id='word_1_121' title='bbox 346 1934 386 1991; x_wconf 84' lang='lat' dir='ltr'><strong>sit</strong></span> <span class='ocrx_word' id='word_1_122' title='bbox 409 1930 556 2008; x_wconf 85' lang='lat' dir='ltr'><strong>quaedam</strong></span> <span class='ocrx_word' id='word_1_123' title='bbox 584 1930 677 1991; x_wconf 83' lang='lat' dir='ltr'><strong>veluti</strong></span> <span class='ocrx_word' id='word_1_124' title='bbox 703 1933 849 1992; x_wconf 83' lang='lat' dir='ltr'><strong>aberratio</strong></span> <span class='ocrx_word' id='word_1_125' title='bbox 880 1931 974 1990; x_wconf 90' lang='lat' dir='ltr'><strong>diurni</strong></span> <span class='ocrx_word' id='word_1_126' title='bbox 1005 1928 1135 2008; x_wconf 86' lang='lat' dir='ltr'><strong>eorporis</strong></span> <span class='ocrx_word' id='word_1_127' title='bbox 1163 1932 1202 1991; x_wconf 86' lang='lat' dir='ltr'><strong>ab</strong></span> <span class='ocrx_word' id='word_1_128' title='bbox 1224 1949 1321 1990; x_wconf 87' lang='lat' dir='ltr'><strong>annuo</strong></span> <span class='ocrx_word' id='word_1_129' title='bbox 1344 1935 1450 2004; x_wconf 90' lang='lat' dir='ltr'><strong>centri,</strong></span> <span class='ocrx_word' id='word_1_130' title='bbox 1482 1932 1582 2009; x_wconf 86' lang='lat' dir='ltr'><strong>qualia</strong></span> <span class='ocrx_word' id='word_1_131' title='bbox 1611 1932 1705 1993; x_wconf 89' lang='lat' dir='ltr'><strong>multa</strong></span> 
     </span>
     <span class='ocr_line' id='line_1_14' title="bbox 347 2017 1703 2096; baseline 0.001 -18"><span class='ocrx_word' id='word_1_132' title='bbox 347 2022 463 2096; x_wconf 89' lang='lat' dir='ltr'><strong>concipi</strong></span> <span class='ocrx_word' id='word_1_133' title='bbox 486 2026 624 2096; x_wconf 88' lang='lat' dir='ltr'><strong>possunt,</strong></span> <span class='ocrx_word' id='word_1_134' title='bbox 652 2027 685 2077; x_wconf 90' lang='lat' dir='ltr'><strong>ut</strong></span> <span class='ocrx_word' id='word_1_135' title='bbox 707 2026 830 2096; x_wconf 90' lang='lat' dir='ltr'><strong>apparet</strong></span> <span class='ocrx_word' id='word_1_136' title='bbox 852 2019 993 2096; x_wconf 78' lang='lat' dir='ltr'><strong>exemplis</strong></span> <span class='ocrx_word' id='word_1_137' title='bbox 1016 2019 1159 2079; x_wconf 88' lang='lat' dir='ltr'><strong>dictorum</strong></span> <span class='ocrx_word' id='word_1_138' title='bbox 1182 2017 1312 2079; x_wconf 89' lang='lat' dir='ltr'><strong>locorum</strong></span> <span class='ocrx_word' id='word_1_139' title='bbox 1335 2019 1383 2080; x_wconf 83' lang='lat' dir='ltr'><strong>inl.</strong></span> <span class='ocrx_word' id='word_1_140' title='bbox 1410 2022 1483 2080; x_wconf 88' lang='grc'><strong>381.</strong></span> <span class='ocrx_word' id='word_1_141' title='bbox 1506 2028 1535 2080; x_wconf 90' lang='lat' dir='ltr'><strong>et</strong></span> <span class='ocrx_word' id='word_1_142' title='bbox 1558 2019 1607 2078; x_wconf 86' lang='lat' dir='ltr'><strong>iol.</strong></span> <span class='ocrx_word' id='word_1_143' title='bbox 1630 2021 1703 2080; x_wconf 79' lang='lat'><strong>385.</strong></span> 
     </span>
     <span class='ocr_line' id='line_1_15' title="bbox 348 2105 1703 2182; baseline -0.001 -15"><span class='ocrx_word' id='word_1_144' title='bbox 348 2108 431 2182; x_wconf 77' lang='lat'><strong>3863</strong></span> <span class='ocrx_word' id='word_1_145' title='bbox 455 2114 485 2166; x_wconf 87' lang='lat' dir='ltr'><strong>et</strong></span> <span class='ocrx_word' id='word_1_146' title='bbox 506 2105 581 2167; x_wconf 90' lang='lat' dir='ltr'><strong>bane</strong></span> <span class='ocrx_word' id='word_1_147' title='bbox 597 2108 684 2166; x_wconf 87' lang='lat' dir='ltr'><strong>etium</strong></span> <span class='ocrx_word' id='word_1_148' title='bbox 707 2107 904 2167; x_wconf 83' lang='lat' dir='ltr'><strong>inclinationis</strong></span> <span class='ocrx_word' id='word_1_149' title='bbox 927 2109 991 2167; x_wconf 86' lang='lat' dir='ltr'><strong>aris</strong></span> <span class='ocrx_word' id='word_1_150' title='bbox 1006 2107 1114 2167; x_wconf 88' lang='lat' dir='ltr'><strong>Terrae</strong></span> <span class='ocrx_word' id='word_1_151' title='bbox 1138 2124 1257 2167; x_wconf 82' lang='lat' dir='ltr'><strong>causum</strong></span> <span class='ocrx_word' id='word_1_152' title='bbox 1273 2109 1418 2167; x_wconf 87' lang='lat' dir='ltr'><strong>insinuari</strong></span> <span class='ocrx_word' id='word_1_153' title='bbox 1430 2108 1504 2167; x_wconf 90' lang='lat' dir='ltr'><strong>libro</strong></span> <span class='ocrx_word' id='word_1_154' title='bbox 1521 2107 1542 2167; x_wconf 93' lang='grc'><strong>1.</strong></span> <span class='ocrx_word' id='word_1_155' title='bbox 1564 2106 1703 2166; x_wconf 78' lang='lat' dir='ltr'><strong>tot.1tt.</strong></span> 
     </span>
    </p>

    <p class='ocr_par' dir='ltr' id='par_1_5' title="bbox 347 2192 980 2256">
     <span class='ocr_line' id='line_1_16' title="bbox 347 2192 980 2256; baseline 0 -2"><span class='ocrx_word' id='word_1_156' title='bbox 347 2195 395 2255; x_wconf 91' lang='lat' dir='ltr'><strong>lta</strong></span> <span class='ocrx_word' id='word_1_157' title='bbox 419 2201 518 2256; x_wconf 89' lang='lat' dir='ltr'><strong>essent</strong></span> <span class='ocrx_word' id='word_1_158' title='bbox 539 2192 633 2254; x_wconf 84' lang='lat' dir='ltr'><strong>reales</strong></span> <span class='ocrx_word' id='word_1_159' title='bbox 656 2201 752 2254; x_wconf 91' lang='lat' dir='ltr'><strong>motus</strong></span> <span class='ocrx_word' id='word_1_160' title='bbox 776 2203 889 2254; x_wconf 86' lang='lat' dir='ltr'><strong>tantum</strong></span> <span class='ocrx_word' id='word_1_161' title='bbox 913 2194 980 2254; x_wconf 89' lang='lat' dir='ltr'><strong>duo.</strong></span> 
     </span>
    </p>

    <p class='ocr_par' dir='ltr' id='par_1_6' title="bbox 313 2280 1704 2535">
     <span class='ocr_line' id='line_1_17' title="bbox 313 2280 1704 2359; baseline -0.001 -18"><span class='ocrx_word' id='word_1_162' title='bbox 313 2284 317 2291; x_wconf 84' lang='lat'>&#39;</span> <span class='ocrx_word' id='word_1_163' title='bbox 437 2280 503 2357; x_wconf 88' lang='lat' dir='ltr'><strong>Quo</strong></span> <span class='ocrx_word' id='word_1_164' title='bbox 532 2284 627 2341; x_wconf 90' lang='lat' dir='ltr'><strong>miuus</strong></span> <span class='ocrx_word' id='word_1_165' title='bbox 656 2290 754 2341; x_wconf 83' lang='lat' dir='ltr'><strong>autem</strong></span> <span class='ocrx_word' id='word_1_166' title='bbox 782 2281 975 2342; x_wconf 86' lang='lat' dir='ltr'><strong>laborandum</strong></span> <span class='ocrx_word' id='word_1_167' title='bbox 1006 2282 1045 2340; x_wconf 92' lang='lat' dir='ltr'><strong>sit</strong></span> <span class='ocrx_word' id='word_1_168' title='bbox 1075 2284 1283 2359; x_wconf 88' lang='lat' dir='ltr'><strong>ingeniumque</strong></span> <span class='ocrx_word' id='word_1_169' title='bbox 1310 2280 1506 2358; x_wconf 83' lang='lat' dir='ltr'><strong>fatigandum,</strong></span> <span class='ocrx_word' id='word_1_170' title='bbox 1538 2289 1570 2340; x_wconf 91' lang='lat' dir='ltr'><strong>ut</strong></span> <span class='ocrx_word' id='word_1_171' title='bbox 1599 2280 1704 2341; x_wconf 92' lang='lat' dir='ltr'><strong>modus</strong></span> 
     </span>
     <span class='ocr_line' id='line_1_18' title="bbox 348 2368 1703 2446; baseline 0.001 -18"><span class='ocrx_word' id='word_1_172' title='bbox 348 2371 440 2446; x_wconf 91' lang='lat' dir='ltr'><strong>hnjus</strong></span> <span class='ocrx_word' id='word_1_173' title='bbox 473 2384 631 2429; x_wconf 89' lang='lat' dir='ltr'><strong>concursus</strong></span> <span class='ocrx_word' id='word_1_174' title='bbox 661 2378 790 2444; x_wconf 88' lang='lat' dir='ltr'><strong>eruatur,</strong></span> <span class='ocrx_word' id='word_1_175' title='bbox 819 2372 945 2429; x_wconf 90' lang='lat' dir='ltr'><strong>rationes</strong></span> <span class='ocrx_word' id='word_1_176' title='bbox 969 2369 1038 2429; x_wconf 89' lang='lat' dir='ltr'><strong>vide</strong></span> <span class='ocrx_word' id='word_1_177' title='bbox 1061 2369 1146 2429; x_wconf 88' lang='lat' dir='ltr'><strong>dictis</strong></span> <span class='ocrx_word' id='word_1_178' title='bbox 1169 2370 1255 2443; x_wconf 84' lang='lat' dir='ltr'><strong>locis3</strong></span> <span class='ocrx_word' id='word_1_179' title='bbox 1287 2370 1414 2429; x_wconf 85' lang='lat' dir='ltr'><strong>militant</strong></span> <span class='ocrx_word' id='word_1_180' title='bbox 1437 2373 1512 2430; x_wconf 89' lang='lat' dir='ltr'><strong>enim</strong></span> <span class='ocrx_word' id='word_1_181' title='bbox 1540 2369 1588 2429; x_wconf 90' lang='lat' dir='ltr'><strong>bic</strong></span> <span class='ocrx_word' id='word_1_182' title='bbox 1610 2368 1703 2430; x_wconf 91' lang='lat' dir='ltr'><strong>multo</strong></span> 
     </span>
     <span class='ocr_line' id='line_1_19' title="bbox 348 2455 1412 2535; baseline -0.001 -18"><span class='ocrx_word' id='word_1_183' title='bbox 348 2460 454 2534; x_wconf 85' lang='lat' dir='ltr'><strong>magis,</strong></span> <span class='ocrx_word' id='word_1_184' title='bbox 479 2474 567 2533; x_wconf 88' lang='lat' dir='ltr'><strong>qnam</strong></span> <span class='ocrx_word' id='word_1_185' title='bbox 590 2459 619 2514; x_wconf 92' lang='lat' dir='ltr'><strong>in</strong></span> <span class='ocrx_word' id='word_1_186' title='bbox 641 2459 761 2535; x_wconf 88' lang='lat' dir='ltr'><strong>negotio</strong></span> <span class='ocrx_word' id='word_1_187' title='bbox 783 2455 983 2517; x_wconf 83' lang='lat' dir='ltr'><strong>translationis</strong></span> <span class='ocrx_word' id='word_1_188' title='bbox 1007 2457 1142 2534; x_wconf 87' lang='lat' dir='ltr'><strong>apsidum</strong></span> <span class='ocrx_word' id='word_1_189' title='bbox 1166 2465 1195 2515; x_wconf 88' lang='lat' dir='ltr'><strong>et</strong></span> <span class='ocrx_word' id='word_1_190' title='bbox 1216 2456 1412 2516; x_wconf 86' lang='lat' dir='ltr'><strong>latitudinum.</strong></span> 
     </span>
    </p>

    <p class='ocr_par' dir='ltr' id='par_1_7' title="bbox 346 2543 1779 3220">
     <span class='ocr_line' id='line_1_20' title="bbox 400 2543 1779 2625; baseline 0.004 -26"><span class='ocrx_word' id='word_1_191' title='bbox 400 2594 402 2599; x_wconf 83' lang='lat'><em>.</em></span> <span class='ocrx_word' id='word_1_192' title='bbox 438 2544 519 2619; x_wconf 80' lang='lat' dir='ltr'><strong>Quid</strong></span> <span class='ocrx_word' id='word_1_193' title='bbox 547 2547 621 2604; x_wconf 87' lang='lat' dir='ltr'><strong>noui</strong></span> <span class='ocrx_word' id='word_1_194' title='bbox 648 2545 865 2619; x_wconf 81' lang='lat' dir='ltr'><strong>deprehensum</strong></span> <span class='ocrx_word' id='word_1_195' title='bbox 895 2548 941 2604; x_wconf 87' lang='lat' dir='ltr'><strong>nis</strong></span> <span class='ocrx_word' id='word_1_196' title='bbox 971 2544 1053 2604; x_wconf 77' lang='lat' dir='ltr'><strong>circii</strong></span> <span class='ocrx_word' id='word_1_197' title='bbox 1074 2552 1191 2604; x_wconf 84' lang='lat' dir='ltr'><strong>motum</strong></span> <span class='ocrx_word' id='word_1_198' title='bbox 1213 2545 1350 2620; x_wconf 49' lang='lat' dir='ltr'><strong>&amp;nram</strong></span> <span class='ocrx_word' id='word_1_199' title='bbox 1372 2553 1401 2604; x_wconf 85' lang='lat' dir='ltr'><strong>ct</strong></span> <span class='ocrx_word' id='word_1_200' title='bbox 1428 2543 1606 2618; x_wconf 69' lang='lat' dir='ltr'><strong>eclipticus?</strong></span> <span class='ocrx_word' id='word_1_201' title='bbox 1636 2543 1703 2604; x_wconf 86' lang='lat' dir='ltr'><strong>Non</strong></span> <span class='ocrx_word' id='word_1_202' title='bbox 1774 2618 1779 2625; x_wconf 86' lang='lat'>.</span> 
     </span>
     <span class='ocr_line' id='line_1_21' title="bbox 347 2630 1703 2708; baseline 0 -17"><span class='ocrx_word' id='word_1_203' title='bbox 347 2639 464 2691; x_wconf 90' lang='lat' dir='ltr'><strong>tantum</strong></span> <span class='ocrx_word' id='word_1_204' title='bbox 487 2634 516 2689; x_wconf 92' lang='lat' dir='ltr'><strong>in</strong></span> <span class='ocrx_word' id='word_1_205' title='bbox 539 2632 657 2708; x_wconf 85' lang='lat' dir='ltr'><strong>longum</strong></span> <span class='ocrx_word' id='word_1_206' title='bbox 680 2632 755 2690; x_wconf 85' lang='lat' dir='ltr'><strong>fixas</strong></span> <span class='ocrx_word' id='word_1_207' title='bbox 778 2632 926 2692; x_wconf 88' lang='lat' dir='ltr'><strong>discedere</strong></span> <span class='ocrx_word' id='word_1_208' title='bbox 949 2640 1064 2691; x_wconf 92' lang='lat' dir='ltr'><strong>constat</strong></span> <span class='ocrx_word' id='word_1_209' title='bbox 1087 2652 1104 2690; x_wconf 90' lang='lat' dir='ltr'><strong>a</strong></span> <span class='ocrx_word' id='word_1_210' title='bbox 1127 2634 1257 2691; x_wconf 87' lang='lat' dir='ltr'><strong>sectione</strong></span> <span class='ocrx_word' id='word_1_211' title='bbox 1280 2649 1370 2693; x_wconf 80' lang='lat' dir='ltr'><strong>verna</strong></span> <span class='ocrx_word' id='word_1_212' title='bbox 1392 2630 1515 2703; x_wconf 83' lang='lat' dir='ltr'><strong>zodiaci,</strong></span> <span class='ocrx_word' id='word_1_213' title='bbox 1538 2630 1591 2690; x_wconf 92' lang='lat' dir='ltr'><strong>sed</strong></span> <span class='ocrx_word' id='word_1_214' title='bbox 1614 2634 1703 2691; x_wconf 87' lang='lat' dir='ltr'><strong>etism</strong></span> 
     </span>
     <span class='ocr_line' id='line_1_22' title="bbox 348 2718 1705 2796; baseline -0.001 -18"><span class='ocrx_word' id='word_1_215' title='bbox 348 2722 377 2779; x_wconf 90' lang='lat' dir='ltr'><strong>in</strong></span> <span class='ocrx_word' id='word_1_216' title='bbox 401 2718 601 2794; x_wconf 84' lang='lat' dir='ltr'><strong>latitudinem3</strong></span> <span class='ocrx_word' id='word_1_217' title='bbox 633 2720 874 2796; x_wconf 81' lang='lat' dir='ltr'><strong>septentrionales</strong></span> <span class='ocrx_word' id='word_1_218' title='bbox 897 2719 974 2779; x_wconf 71' lang='lat' dir='ltr'><strong>fixere</strong></span> <span class='ocrx_word' id='word_1_219' title='bbox 1009 2722 1085 2781; x_wconf 83' lang='lat' dir='ltr'><strong>cirea</strong></span> <span class='ocrx_word' id='word_1_220' title='bbox 1118 2729 1259 2796; x_wconf 88' lang='lat' dir='ltr'><strong>punctum</strong></span> <span class='ocrx_word' id='word_1_221' title='bbox 1291 2718 1449 2779; x_wconf 83' lang='lat' dir='ltr'><strong>solstitiale</strong></span> <span class='ocrx_word' id='word_1_222' title='bbox 1482 2720 1628 2779; x_wconf 85' lang='lat' dir='ltr'><strong>aestivum</strong></span> <span class='ocrx_word' id='word_1_223' title='bbox 1658 2721 1705 2777; x_wconf 89' lang='lat' dir='ltr'><strong>iu-</strong></span> 
     </span>
     <span class='ocr_line' id='line_1_23' title="bbox 348 2805 1707 2883; baseline 0.001 -17"><span class='ocrx_word' id='word_1_224' title='bbox 348 2809 508 2867; x_wconf 79' lang='lat' dir='ltr'><strong>veniuntur</strong></span> <span class='ocrx_word' id='word_1_225' title='bbox 522 2806 610 2867; x_wconf 88' lang='lat' dir='ltr'><strong>hodie</strong></span> <span class='ocrx_word' id='word_1_226' title='bbox 633 2809 789 2867; x_wconf 83' lang='lat' dir='ltr'><strong>viciniores</strong></span> <span class='ocrx_word' id='word_1_227' title='bbox 809 2806 878 2883; x_wconf 92' lang='lat' dir='ltr'><strong>polo</strong></span> <span class='ocrx_word' id='word_1_228' title='bbox 902 2808 1055 2883; x_wconf 84' lang='lat' dir='ltr'><strong>eclipticas</strong></span> <span class='ocrx_word' id='word_1_229' title='bbox 1070 2806 1299 2883; x_wconf 87' lang='lat' dir='ltr'><strong>septentrionali,</strong></span> <span class='ocrx_word' id='word_1_230' title='bbox 1323 2805 1528 2866; x_wconf 84' lang='lat' dir='ltr'><strong>meridionales</strong></span> <span class='ocrx_word' id='word_1_231' title='bbox 1542 2823 1613 2866; x_wconf 81' lang='lat' dir='ltr'><strong>vero</strong></span> <span class='ocrx_word' id='word_1_232' title='bbox 1629 2807 1707 2883; x_wconf 79' lang='lat' dir='ltr'><strong>ciros</strong></span> 
     </span>
     <span class='ocr_line' id='line_1_24' title="bbox 346 2891 1705 2972; baseline -0.001 -17"><span class='ocrx_word' id='word_1_233' title='bbox 346 2895 426 2955; x_wconf 88' lang='lat' dir='ltr'><strong>hanc</strong></span> <span class='ocrx_word' id='word_1_234' title='bbox 448 2892 601 2971; x_wconf 82' lang='lat' dir='ltr'><strong>eclipticas</strong></span> <span class='ocrx_word' id='word_1_235' title='bbox 623 2903 736 2971; x_wconf 89' lang='lat' dir='ltr'><strong>partem</strong></span> <span class='ocrx_word' id='word_1_236' title='bbox 751 2896 987 2972; x_wconf 90' lang='lat' dir='ltr'><strong>appropinquant</strong></span> <span class='ocrx_word' id='word_1_237' title='bbox 1009 2897 1064 2971; x_wconf 90' lang='lat' dir='ltr'><strong>ipsi</strong></span> <span class='ocrx_word' id='word_1_238' title='bbox 1081 2894 1243 2972; x_wconf 86' lang='lat' dir='ltr'><strong>eclipticas.</strong></span> <span class='ocrx_word' id='word_1_239' title='bbox 1290 2894 1373 2955; x_wconf 84' lang='lat' dir='ltr'><strong>Circa</strong></span> <span class='ocrx_word' id='word_1_240' title='bbox 1388 2891 1543 2955; x_wconf 86' lang='lat' dir='ltr'><strong>solstitiale</strong></span> <span class='ocrx_word' id='word_1_241' title='bbox 1564 2901 1705 2971; x_wconf 88' lang='lat' dir='ltr'><strong>pnnctnm</strong></span> 
     </span>
     <span class='ocr_line' id='line_1_25' title="bbox 347 2980 1705 3057; baseline -0.001 -14"><span class='ocrx_word' id='word_1_242' title='bbox 347 2983 505 3043; x_wconf 89' lang='lat' dir='ltr'><strong>bibemum</strong></span> <span class='ocrx_word' id='word_1_243' title='bbox 537 2980 690 3057; x_wconf 78' lang='lat' dir='ltr'><strong>analogice</strong></span> <span class='ocrx_word' id='word_1_244' title='bbox 719 2982 752 3041; x_wconf 87' lang='lat' dir='ltr'><strong>fit</strong></span> <span class='ocrx_word' id='word_1_245' title='bbox 779 2981 869 3054; x_wconf 88' lang='lat' dir='ltr'><strong>idem,</strong></span> <span class='ocrx_word' id='word_1_246' title='bbox 902 2985 978 3042; x_wconf 90' lang='lat' dir='ltr'><strong>circa</strong></span> <span class='ocrx_word' id='word_1_247' title='bbox 1005 3000 1074 3043; x_wconf 85' lang='lat' dir='ltr'><strong>vero</strong></span> <span class='ocrx_word' id='word_1_248' title='bbox 1104 2982 1233 3042; x_wconf 80' lang='lat' dir='ltr'><strong>Arietem</strong></span> <span class='ocrx_word' id='word_1_249' title='bbox 1264 2982 1441 3043; x_wconf 90' lang='lat' dir='ltr'><strong>et.Libram</strong></span> <span class='ocrx_word' id='word_1_250' title='bbox 1472 2998 1529 3040; x_wconf 91' lang='lat' dir='ltr'><strong>nnn</strong></span> <span class='ocrx_word' id='word_1_251' title='bbox 1558 2981 1705 3043; x_wconf 88' lang='lat' dir='ltr'><strong>sensibilis</strong></span> 
     </span>
     <span class='ocr_line' id='line_1_26' title="bbox 348 3068 1733 3149; baseline 0 -21"><span class='ocrx_word' id='word_1_252' title='bbox 348 3068 575 3148; x_wconf 86' lang='lat' dir='ltr'><strong>deprehenditur</strong></span> <span class='ocrx_word' id='word_1_253' title='bbox 604 3069 775 3129; x_wconf 84' lang='lat' dir='ltr'><strong>differentia.</strong></span> <span class='ocrx_word' id='word_1_254' title='bbox 823 3068 899 3130; x_wconf 86' lang='lat' dir='ltr'><strong>Vide</strong></span> <span class='ocrx_word' id='word_1_255' title='bbox 928 3070 1002 3130; x_wconf 88' lang='lat' dir='ltr'><strong>libro</strong></span> <span class='ocrx_word' id='word_1_256' title='bbox 1025 3070 1065 3130; x_wconf 92' lang='lat' dir='ltr'><strong>ll.</strong></span> <span class='ocrx_word' id='word_1_257' title='bbox 1094 3068 1144 3129; x_wconf 87' lang='lat' dir='ltr'><strong>iol.</strong></span> <span class='ocrx_word' id='word_1_258' title='bbox 1171 3072 1241 3130; x_wconf 86' lang='grc'><strong>193.</strong></span> <span class='ocrx_word' id='word_1_259' title='bbox 1273 3077 1302 3130; x_wconf 91' lang='lat' dir='ltr'><strong>et</strong></span> <span class='ocrx_word' id='word_1_260' title='bbox 1326 3072 1398 3133; x_wconf 75' lang='lat'><strong>229.</strong></span> <span class='ocrx_word' id='word_1_261' title='bbox 1429 3076 1457 3129; x_wconf 91' lang='lat' dir='ltr'><strong>et</strong></span> <span class='ocrx_word' id='word_1_262' title='bbox 1480 3069 1617 3148; x_wconf 83' lang='lat' dir='ltr'><strong>Progym.</strong></span> <span class='ocrx_word' id='word_1_263' title='bbox 1641 3069 1733 3149; x_wconf 60' lang='lat' dir='ltr'><strong>&#39;tp&#39;</strong></span> 
     </span>
     <span class='ocr_line' id='line_1_27' title="bbox 350 3157 1345 3220; baseline -0.008 0"><span class='ocrx_word' id='word_1_264' title='bbox 350 3158 456 3220; x_wconf 90' lang='lat' dir='ltr'><strong>chonis</strong></span> <span class='ocrx_word' id='word_1_265' title='bbox 479 3158 575 3218; x_wconf 88' lang='lat' dir='ltr'><strong>Brahe</strong></span> <span class='ocrx_word' id='word_1_266' title='bbox 599 3158 724 3218; x_wconf 88' lang='lat' dir='ltr'><strong>Tomnm</strong></span> <span class='ocrx_word' id='word_1_267' title='bbox 748 3157 770 3216; x_wconf 92' lang='grc' dir='ltr'><strong>Ι.</strong></span> <span class='ocrx_word' id='word_1_268' title='bbox 795 3174 814 3216; x_wconf 88' lang='lat' dir='ltr'><strong>a</strong></span> <span class='ocrx_word' id='word_1_269' title='bbox 836 3157 886 3217; x_wconf 89' lang='lat' dir='ltr'><strong>iol.</strong></span> <span class='ocrx_word' id='word_1_270' title='bbox 912 3160 984 3217; x_wconf 81' lang='lat'><strong>233.</strong></span> <span class='ocrx_word' id='word_1_271' title='bbox 1008 3161 1038 3216; x_wconf 89' lang='lat' dir='ltr'><strong>iu</strong></span> <span class='ocrx_word' id='word_1_272' title='bbox 1060 3160 1133 3218; x_wconf 76' lang='lat'><strong>246.</strong></span> <span class='ocrx_word' id='word_1_273' title='bbox 1342 3207 1345 3212; x_wconf 83' lang='lat'>.</span> 
     </span>
    </p>

    <p class='ocr_par' dir='ltr' id='par_1_8' title="bbox 447 3244 1706 3321">
     <span class='ocr_line' id='line_1_28' title="bbox 447 3244 1706 3321; baseline 0.002 -17"><span class='ocrx_word' id='word_1_274' title='bbox 447 3244 498 3305; x_wconf 86' lang='lat' dir='ltr'><strong>Sic</strong></span> <span class='ocrx_word' id='word_1_275' title='bbox 539 3248 626 3305; x_wconf 89' lang='lat' dir='ltr'><strong>etiam</strong></span> <span class='ocrx_word' id='word_1_276' title='bbox 663 3245 720 3305; x_wconf 92' lang='lat' dir='ltr'><strong>hoe</strong></span> <span class='ocrx_word' id='word_1_277' title='bbox 757 3262 866 3304; x_wconf 85' lang='lat' dir='ltr'><strong>norum</strong></span> <span class='ocrx_word' id='word_1_278' title='bbox 903 3245 1010 3305; x_wconf 90' lang='lat' dir='ltr'><strong>accidit</strong></span> <span class='ocrx_word' id='word_1_279' title='bbox 1048 3244 1225 3321; x_wconf 81' lang='lat' dir='ltr'><strong>Albategnio</strong></span> <span class='ocrx_word' id='word_1_280' title='bbox 1263 3252 1332 3304; x_wconf 88' lang='lat' dir='ltr'><strong>ante</strong></span> <span class='ocrx_word' id='word_1_281' title='bbox 1368 3261 1461 3305; x_wconf 85' lang='lat' dir='ltr'><strong>annos</strong></span> <span class='ocrx_word' id='word_1_282' title='bbox 1500 3245 1581 3320; x_wconf 80' lang='grc'><strong>750,</strong></span> <span class='ocrx_word' id='word_1_283' title='bbox 1626 3244 1706 3321; x_wconf 92' lang='lat' dir='ltr'><strong>quod</strong></span> 
     </span>
    </p>
   </div>
   <div class='ocr_carea' id='block_1_3' title="bbox 350 3331 1816 3410">
    <p class='ocr_par' dir='ltr' id='par_1_9' title="bbox 350 3331 1816 3410">
     <span class='ocr_line' id='line_1_29' title="bbox 350 3331 1816 3410; baseline -0.001 -18"><span class='ocrx_word' id='word_1_284' title='bbox 350 3334 492 3392; x_wconf 86' lang='lat' dir='ltr'><strong>minorem</strong></span> <span class='ocrx_word' id='word_1_285' title='bbox 529 3334 646 3393; x_wconf 85' lang='lat' dir='ltr'><strong>invenit¹</strong></span> <span class='ocrx_word' id='word_1_286' title='bbox 679 3332 904 3393; x_wconf 88' lang='lat' dir='ltr'><strong>declinationem</strong></span> <span class='ocrx_word' id='word_1_287' title='bbox 942 3333 1113 3410; x_wconf 85' lang='lat' dir='ltr'><strong>eclipticas,</strong></span> <span class='ocrx_word' id='word_1_288' title='bbox 1157 3350 1246 3409; x_wconf 85' lang='lat' dir='ltr'><strong>quarn</strong></span> <span class='ocrx_word' id='word_1_289' title='bbox 1285 3331 1494 3393; x_wconf 77' lang='lat' dir='ltr'><strong>Eratosthenes</strong></span> <span class='ocrx_word' id='word_1_290' title='bbox 1536 3338 1566 3392; x_wconf 92' lang='lat' dir='ltr'><strong>ct</strong></span> <span class='ocrx_word' id='word_1_291' title='bbox 1602 3331 1706 3393; x_wconf 85' lang='lat' dir='ltr'><strong>Ptolo-</strong></span> <span class='ocrx_word' id='word_1_292' title='bbox 1813 3348 1816 3352; x_wconf 72' lang='grc'><em>’</em></span> 
     </span>
    </p>
   </div>
   <div class='ocr_carea' id='block_1_4' title="bbox 340 3418 1709 5333">
    <p class='ocr_par' dir='ltr' id='par_1_10' title="bbox 350 3418 1707 3569">
     <span class='ocr_line' id='line_1_30' title="bbox 350 3418 1707 3496; baseline 0 -16"><span class='ocrx_word' id='word_1_293' title='bbox 350 3437 454 3482; x_wconf 86' lang='lat' dir='ltr'><strong>maeus</strong></span> <span class='ocrx_word' id='word_1_294' title='bbox 483 3419 645 3496; x_wconf 82' lang='lat' dir='ltr'><strong>tradidero,</strong></span> <span class='ocrx_word' id='word_1_295' title='bbox 673 3420 847 3496; x_wconf 88' lang='lat' dir='ltr'><strong>duravitque</strong></span> <span class='ocrx_word' id='word_1_296' title='bbox 879 3420 953 3481; x_wconf 91' lang='lat' dir='ltr'><strong>baec</strong></span> <span class='ocrx_word' id='word_1_297' title='bbox 983 3422 1148 3481; x_wconf 87' lang='lat' dir='ltr'><strong>imminutio</strong></span> <span class='ocrx_word' id='word_1_298' title='bbox 1177 3420 1214 3480; x_wconf 88' lang='lat' dir='ltr'><strong>ad</strong></span> <span class='ocrx_word' id='word_1_299' title='bbox 1244 3436 1298 3479; x_wconf 91' lang='lat' dir='ltr'><strong>nos</strong></span> <span class='ocrx_word' id='word_1_300' title='bbox 1320 3436 1428 3496; x_wconf 89' lang='lat' dir='ltr'><strong>usqne,</strong></span> <span class='ocrx_word' id='word_1_301' title='bbox 1459 3427 1492 3480; x_wconf 91' lang='lat' dir='ltr'><strong>ut</strong></span> <span class='ocrx_word' id='word_1_302' title='bbox 1517 3418 1605 3481; x_wconf 88' lang='lat' dir='ltr'><strong>hodic</strong></span> <span class='ocrx_word' id='word_1_303' title='bbox 1627 3436 1707 3481; x_wconf 77' lang='lat' dir='ltr'><strong>nors</strong></span> 
     </span>
     <span class='ocr_line' id='line_1_31' title="bbox 350 3509 588 3569; baseline -0.008 0"><span class='ocrx_word' id='word_1_304' title='bbox 350 3509 436 3569; x_wconf 89' lang='lat' dir='ltr'><strong>nobis</strong></span> <span class='ocrx_word' id='word_1_305' title='bbox 459 3524 518 3568; x_wconf 91' lang='lat' dir='ltr'><strong>non</strong></span> <span class='ocrx_word' id='word_1_306' title='bbox 540 3509 588 3568; x_wconf 89' lang='lat' dir='ltr'><strong>sit.</strong></span> 
     </span>
    </p>

    <p class='ocr_par' dir='ltr' id='par_1_11' title="bbox 340 3594 1709 5071">
     <span class='ocr_line' id='line_1_32' title="bbox 440 3594 1707 3672; baseline 0 -18"><span class='ocrx_word' id='word_1_307' title='bbox 440 3601 523 3671; x_wconf 78' lang='lat' dir='ltr'><strong>Quas</strong></span> <span class='ocrx_word' id='word_1_308' title='bbox 550 3595 721 3672; x_wconf 80' lang='lat' dir='ltr'><strong>hypotheses</strong></span> <span class='ocrx_word' id='word_1_309' title='bbox 752 3595 966 3671; x_wconf 70' lang='lat' dir='ltr'><strong>notassent</strong></span> <span class='ocrx_word' id='word_1_310' title='bbox 995 3605 1203 3668; x_wconf 79' lang='lat' dir='ltr'><strong>antecessores,</strong></span> <span class='ocrx_word' id='word_1_311' title='bbox 1235 3594 1370 3654; x_wconf 81' lang='lat' dir='ltr'><strong>adhaec</strong></span> <span class='ocrx_word' id='word_1_312' title='bbox 1391 3595 1707 3670; x_wconf 83' lang='lat' dir='ltr'><strong>nooaphncnomcna</strong></span> 
     </span>
     <span class='ocr_line' id='line_1_33' title="bbox 349 3682 1706 3759; baseline -0.001 -16"><span class='ocrx_word' id='word_1_313' title='bbox 349 3682 528 3743; x_wconf 79' lang='lat' dir='ltr'><strong>sulcanda?</strong></span> <span class='ocrx_word' id='word_1_314' title='bbox 558 3683 752 3742; x_wconf 86' lang='lat' dir='ltr'><strong>Dinrinutioni</strong></span> <span class='ocrx_word' id='word_1_315' title='bbox 775 3683 893 3759; x_wconf 91' lang='lat' dir='ltr'><strong>quidem</strong></span> <span class='ocrx_word' id='word_1_316' title='bbox 917 3683 1119 3743; x_wconf 88' lang='lat' dir='ltr'><strong>declinationis</strong></span> <span class='ocrx_word' id='word_1_317' title='bbox 1142 3682 1288 3741; x_wconf 81' lang='lat' dir='ltr'><strong>maximae</strong></span> <span class='ocrx_word' id='word_1_318' title='bbox 1311 3682 1464 3758; x_wconf 84' lang='lat' dir='ltr'><strong>eclipticas</strong></span> <span class='ocrx_word' id='word_1_319' title='bbox 1486 3682 1525 3741; x_wconf 90' lang='lat' dir='ltr'><strong>sb</strong></span> <span class='ocrx_word' id='word_1_320' title='bbox 1547 3687 1706 3757; x_wconf 82' lang='lat' dir='ltr'><strong>aequatura</strong></span> 
     </span>
     <span class='ocr_line' id='line_1_34' title="bbox 351 3767 1707 3846; baseline -0.002 -15"><span class='ocrx_word' id='word_1_321' title='bbox 351 3788 474 3832; x_wconf 87' lang='lat' dir='ltr'><strong>causam</strong></span> <span class='ocrx_word' id='word_1_322' title='bbox 496 3788 579 3829; x_wconf 85' lang='lat' dir='ltr'><strong>susm</strong></span> <span class='ocrx_word' id='word_1_323' title='bbox 601 3774 753 3846; x_wconf 79' lang='lat' dir='ltr'><strong>assignare</strong></span> <span class='ocrx_word' id='word_1_324' title='bbox 777 3770 967 3845; x_wconf 84' lang='lat' dir='ltr'><strong>neglexerunt</strong></span> <span class='ocrx_word' id='word_1_325' title='bbox 997 3780 1198 3831; x_wconf 83' lang='lat' dir='ltr'><strong>antecessores</strong></span> <span class='ocrx_word' id='word_1_326' title='bbox 1224 3786 1316 3844; x_wconf 88' lang='lat' dir='ltr'><strong>usque</strong></span> <span class='ocrx_word' id='word_1_327' title='bbox 1340 3767 1378 3828; x_wconf 89' lang='lat' dir='ltr'><strong>ad</strong></span> <span class='ocrx_word' id='word_1_328' title='bbox 1401 3769 1604 3845; x_wconf 78' lang='lat' dir='ltr'><strong>Oopcrntcnm.</strong></span> <span class='ocrx_word' id='word_1_329' title='bbox 1649 3768 1707 3829; x_wconf 87' lang='lat' dir='ltr'><strong>Hic</strong></span> 
     </span>
     <span class='ocr_line' id='line_1_35' title="bbox 353 3855 1706 3935; baseline -0.001 -19"><span class='ocrx_word' id='word_1_330' title='bbox 353 3875 423 3920; x_wconf 82' lang='lat' dir='ltr'><strong>vero</strong></span> <span class='ocrx_word' id='word_1_331' title='bbox 446 3858 547 3935; x_wconf 93' lang='lat' dir='ltr'><strong>polum</strong></span> <span class='ocrx_word' id='word_1_332' title='bbox 571 3858 697 3918; x_wconf 85' lang='lat' dir='ltr'><strong>Telluris</strong></span> <span class='ocrx_word' id='word_1_333' title='bbox 719 3858 808 3933; x_wconf 87' lang='lat' dir='ltr'><strong>hujus</strong></span> <span class='ocrx_word' id='word_1_334' title='bbox 830 3858 1024 3934; x_wconf 85' lang='lat' dir='ltr'><strong>plracnomeni</strong></span> <span class='ocrx_word' id='word_1_335' title='bbox 1048 3875 1138 3917; x_wconf 87' lang='lat' dir='ltr'><strong>causa</strong></span> <span class='ocrx_word' id='word_1_336' title='bbox 1159 3855 1316 3915; x_wconf 90' lang='lat' dir='ltr'><strong>libratilem</strong></span> <span class='ocrx_word' id='word_1_337' title='bbox 1338 3856 1409 3916; x_wconf 84' lang='lat' dir='ltr'><strong>iecit</strong></span> <span class='ocrx_word' id='word_1_338' title='bbox 1430 3859 1459 3914; x_wconf 92' lang='lat' dir='ltr'><strong>in</strong></span> <span class='ocrx_word' id='word_1_339' title='bbox 1484 3855 1625 3916; x_wconf 87' lang='lat' dir='ltr'><strong>dlametro</strong></span> <span class='ocrx_word' id='word_1_340' title='bbox 1649 3858 1706 3915; x_wconf 90' lang='lat' dir='ltr'><strong>cir-</strong></span> 
     </span>
     <span class='ocr_line' id='line_1_36' title="bbox 351 3942 1708 4021; baseline -0.003 -15"><span class='ocrx_word' id='word_1_341' title='bbox 351 3946 428 4018; x_wconf 87' lang='lat' dir='ltr'><strong>celli,</strong></span> <span class='ocrx_word' id='word_1_342' title='bbox 454 3963 530 4021; x_wconf 88' lang='lat' dir='ltr'><strong>quae</strong></span> <span class='ocrx_word' id='word_1_343' title='bbox 553 3947 581 4003; x_wconf 90' lang='lat' dir='ltr'><strong>in</strong></span> <span class='ocrx_word' id='word_1_344' title='bbox 604 3945 724 4021; x_wconf 89' lang='lat' dir='ltr'><strong>pinnum</strong></span> <span class='ocrx_word' id='word_1_345' title='bbox 747 3944 838 4004; x_wconf 91' lang='lat' dir='ltr'><strong>coluri</strong></span> <span class='ocrx_word' id='word_1_346' title='bbox 854 3943 1045 4004; x_wconf 90' lang='lat' dir='ltr'><strong>solstitiorum</strong></span> <span class='ocrx_word' id='word_1_347' title='bbox 1068 3942 1178 4003; x_wconf 88' lang='lat' dir='ltr'><strong>incidit.</strong></span> <span class='ocrx_word' id='word_1_348' title='bbox 1226 3942 1280 4002; x_wconf 89' lang='lat' dir='ltr'><strong>Cui</strong></span> <span class='ocrx_word' id='word_1_349' title='bbox 1296 3942 1444 4002; x_wconf 87' lang='lat' dir='ltr'><strong>librationi</strong></span> <span class='ocrx_word' id='word_1_350' title='bbox 1466 3945 1495 4001; x_wconf 92' lang='lat' dir='ltr'><strong>in</strong></span> <span class='ocrx_word' id='word_1_351' title='bbox 1510 3950 1708 4003; x_wconf 87' lang='lat' dir='ltr'><strong>transversum</strong></span> 
     </span>
     <span class='ocr_line' id='line_1_37' title="bbox 352 4029 1708 4105; baseline -0.004 -12"><span class='ocrx_word' id='word_1_352' title='bbox 352 4034 436 4093; x_wconf 87' lang='lat' dir='ltr'><strong>velut</strong></span> <span class='ocrx_word' id='word_1_353' title='bbox 458 4036 576 4092; x_wconf 89' lang='lat' dir='ltr'><strong>stamini</strong></span> <span class='ocrx_word' id='word_1_354' title='bbox 599 4035 750 4093; x_wconf 90' lang='lat' dir='ltr'><strong>subtemen</strong></span> <span class='ocrx_word' id='word_1_355' title='bbox 775 4034 898 4091; x_wconf 85' lang='lat' dir='ltr'><strong>irrtexnit</strong></span> <span class='ocrx_word' id='word_1_356' title='bbox 919 4032 1103 4091; x_wconf 88' lang='lat' dir='ltr'><strong>librationem</strong></span> <span class='ocrx_word' id='word_1_357' title='bbox 1127 4032 1228 4101; x_wconf 84' lang='lat' dir='ltr'><strong>aliam,</strong></span> <span class='ocrx_word' id='word_1_358' title='bbox 1262 4029 1351 4105; x_wconf 89' lang='lat' dir='ltr'><strong>duplo</strong></span> <span class='ocrx_word' id='word_1_359' title='bbox 1375 4029 1556 4102; x_wconf 89' lang='lat' dir='ltr'><strong>celeriorem,</strong></span> <span class='ocrx_word' id='word_1_360' title='bbox 1587 4030 1624 4089; x_wconf 87' lang='lat' dir='ltr'><strong>nd</strong></span> <span class='ocrx_word' id='word_1_361' title='bbox 1646 4029 1708 4090; x_wconf 87' lang='lat' dir='ltr'><strong>sal·</strong></span> 
     </span>
     <span class='ocr_line' id='line_1_38' title="bbox 340 4119 1708 4197; baseline -0.004 -17"><span class='ocrx_word' id='word_1_362' title='bbox 340 4121 480 4195; x_wconf 71' lang='lat' dir='ltr'><strong>eandam</strong></span> <span class='ocrx_word' id='word_1_363' title='bbox 503 4123 715 4197; x_wconf 87' lang='lat' dir='ltr'><strong>praecessionis</strong></span> <span class='ocrx_word' id='word_1_364' title='bbox 733 4119 988 4196; x_wconf 85' lang='lat' dir='ltr'><strong>inaequalitatem,</strong></span> <span class='ocrx_word' id='word_1_365' title='bbox 1012 4127 1044 4178; x_wconf 92' lang='lat' dir='ltr'><strong>nt</strong></span> <span class='ocrx_word' id='word_1_366' title='bbox 1066 4121 1109 4178; x_wconf 90' lang='lat' dir='ltr'><strong>sic</strong></span> <span class='ocrx_word' id='word_1_367' title='bbox 1133 4135 1168 4177; x_wconf 84' lang='lat' dir='ltr'><strong>ex</strong></span> <span class='ocrx_word' id='word_1_368' title='bbox 1182 4124 1306 4193; x_wconf 88' lang='lat' dir='ltr'><strong>utraque</strong></span> <span class='ocrx_word' id='word_1_369' title='bbox 1330 4119 1490 4193; x_wconf 88' lang='lat' dir='ltr'><strong>composita</strong></span> <span class='ocrx_word' id='word_1_370' title='bbox 1507 4119 1621 4195; x_wconf 90' lang='lat' dir='ltr'><strong>species</strong></span> <span class='ocrx_word' id='word_1_371' title='bbox 1644 4119 1708 4176; x_wconf 90' lang='lat' dir='ltr'><strong>cxi·</strong></span> 
     </span>
     <span class='ocr_line' id='line_1_39' title="bbox 350 4203 1707 4283; baseline -0.004 -15"><span class='ocrx_word' id='word_1_372' title='bbox 350 4215 442 4269; x_wconf 87' lang='lat' dir='ltr'><strong>steret</strong></span> <span class='ocrx_word' id='word_1_373' title='bbox 465 4207 592 4268; x_wconf 91' lang='lat' dir='ltr'><strong>corollae</strong></span> <span class='ocrx_word' id='word_1_374' title='bbox 615 4215 781 4282; x_wconf 79' lang='lat' dir='ltr'><strong>contortae3</strong></span> <span class='ocrx_word' id='word_1_375' title='bbox 805 4205 872 4266; x_wconf 83' lang='lat' dir='ltr'><strong>ride</strong></span> <span class='ocrx_word' id='word_1_376' title='bbox 895 4207 1099 4266; x_wconf 85' lang='lat' dir='ltr'><strong>Narrationem</strong></span> <span class='ocrx_word' id='word_1_377' title='bbox 1121 4204 1252 4277; x_wconf 87' lang='lat' dir='ltr'><strong>Rhetici,</strong></span> <span class='ocrx_word' id='word_1_378' title='bbox 1283 4203 1453 4281; x_wconf 83' lang='lat' dir='ltr'><strong>adjunctam</strong></span> <span class='ocrx_word' id='word_1_379' title='bbox 1476 4205 1618 4283; x_wconf 83' lang='lat' dir='ltr'><strong>llysterio</strong></span> <span class='ocrx_word' id='word_1_380' title='bbox 1641 4222 1707 4264; x_wconf 93' lang='lat' dir='ltr'><strong>meo</strong></span> 
     </span>
     <span class='ocr_line' id='line_1_40' title="bbox 351 4290 1708 4372; baseline -0.004 -17"><span class='ocrx_word' id='word_1_381' title='bbox 351 4295 613 4372; x_wconf 81' lang='lat' dir='ltr'><strong>cosmographico.</strong></span> <span class='ocrx_word' id='word_1_382' title='bbox 636 4301 759 4366; x_wconf 71' lang='lat' dir='ltr'><strong>(sationi</strong></span> <span class='ocrx_word' id='word_1_383' title='bbox 780 4301 889 4365; x_wconf 76' lang='lat' dir='ltr'><strong>primae.)</strong></span> <span class='ocrx_word' id='word_1_384' title='bbox 910 4295 969 4353; x_wconf 86' lang='lat' dir='ltr'><strong>Alii</strong></span> <span class='ocrx_word' id='word_1_385' title='bbox 991 4301 1123 4355; x_wconf 87' lang='lat' dir='ltr'><strong>motuum</strong></span> <span class='ocrx_word' id='word_1_386' title='bbox 1141 4290 1268 4352; x_wconf 84' lang='lat' dir='ltr'><strong>Telluris</strong></span> <span class='ocrx_word' id='word_1_387' title='bbox 1281 4297 1351 4351; x_wconf 75' lang='lat' dir='ltr'><strong>&#39;tam</strong></span> <span class='ocrx_word' id='word_1_388' title='bbox 1374 4292 1580 4370; x_wconf 89' lang='lat' dir='ltr'><strong>multiplicium</strong></span> <span class='ocrx_word' id='word_1_389' title='bbox 1601 4292 1708 4352; x_wconf 88' lang='lat' dir='ltr'><strong>absur-</strong></span> 
     </span>
     <span class='ocr_line' id='line_1_41' title="bbox 352 4379 1707 4459; baseline -0.002 -17"><span class='ocrx_word' id='word_1_390' title='bbox 352 4383 444 4444; x_wconf 89' lang='lat' dir='ltr'><strong>ditate</strong></span> <span class='ocrx_word' id='word_1_391' title='bbox 468 4383 580 4454; x_wconf 80' lang='lat' dir='ltr'><strong>odensi,</strong></span> <span class='ocrx_word' id='word_1_392' title='bbox 603 4380 769 4441; x_wconf 77' lang='lat' dir='ltr'><strong>maluerunt</strong></span> <span class='ocrx_word' id='word_1_393' title='bbox 790 4381 973 4442; x_wconf 81' lang='lat' dir='ltr'><strong>undecimam</strong></span> <span class='ocrx_word' id='word_1_394' title='bbox 988 4383 1143 4459; x_wconf 84' lang='lat' dir='ltr'><strong>sphaeram</strong></span> <span class='ocrx_word' id='word_1_395' title='bbox 1166 4379 1274 4439; x_wconf 92' lang='lat' dir='ltr'><strong>mundo</strong></span> <span class='ocrx_word' id='word_1_396' title='bbox 1299 4381 1504 4456; x_wconf 88' lang='lat' dir='ltr'><strong>circumjiecrc.</strong></span> <span class='ocrx_word' id='word_1_397' title='bbox 1551 4380 1591 4439; x_wconf 84' lang='lat' dir='ltr'><strong>At</strong></span> <span class='ocrx_word' id='word_1_398' title='bbox 1604 4379 1707 4459; x_wconf 56' lang='lat' dir='ltr'><strong>&#39;tycho</strong></span> 
     </span>
     <span class='ocr_line' id='line_1_42' title="bbox 351 4467 1707 4547; baseline -0.004 -17"><span class='ocrx_word' id='word_1_399' title='bbox 351 4470 458 4544; x_wconf 86' lang='lat' dir='ltr'><strong>Brabe,</strong></span> <span class='ocrx_word' id='word_1_400' title='bbox 483 4473 535 4547; x_wconf 92' lang='lat' dir='ltr'><strong>qui</strong></span> <span class='ocrx_word' id='word_1_401' title='bbox 557 4472 665 4547; x_wconf 90' lang='lat' dir='ltr'><strong>primus</strong></span> <span class='ocrx_word' id='word_1_402' title='bbox 688 4468 898 4542; x_wconf 86' lang='lat' dir='ltr'><strong>animadverit,</strong></span> <span class='ocrx_word' id='word_1_403' title='bbox 931 4473 1019 4529; x_wconf 88' lang='lat' dir='ltr'><strong>etism</strong></span> <span class='ocrx_word' id='word_1_404' title='bbox 1040 4467 1211 4528; x_wconf 88' lang='lat' dir='ltr'><strong>latitudines</strong></span> <span class='ocrx_word' id='word_1_405' title='bbox 1239 4485 1304 4528; x_wconf 85' lang='lat' dir='ltr'><strong>esse</strong></span> <span class='ocrx_word' id='word_1_406' title='bbox 1327 4476 1456 4532; x_wconf 89' lang='lat' dir='ltr'><strong>mutatas</strong></span> <span class='ocrx_word' id='word_1_407' title='bbox 1479 4468 1617 4542; x_wconf 84' lang='lat' dir='ltr'><strong>fixarum,</strong></span> <span class='ocrx_word' id='word_1_408' title='bbox 1649 4485 1707 4527; x_wconf 95' lang='lat' dir='ltr'><strong>non</strong></span> 
     </span>
     <span class='ocr_line' id='line_1_43' title="bbox 353 4554 1708 4635; baseline -0.004 -16"><span class='ocrx_word' id='word_1_409' title='bbox 353 4560 486 4619; x_wconf 90' lang='lat' dir='ltr'><strong>omnium</strong></span> <span class='ocrx_word' id='word_1_410' title='bbox 509 4557 604 4630; x_wconf 89' lang='lat' dir='ltr'><strong>simul,</strong></span> <span class='ocrx_word' id='word_1_411' title='bbox 628 4555 679 4616; x_wconf 92' lang='lat' dir='ltr'><strong>sed</strong></span> <span class='ocrx_word' id='word_1_412' title='bbox 702 4562 814 4616; x_wconf 86' lang='lat' dir='ltr'><strong>tantum</strong></span> <span class='ocrx_word' id='word_1_413' title='bbox 830 4559 989 4617; x_wconf 80' lang='lat' dir='ltr'><strong>vicinarum</strong></span> <span class='ocrx_word' id='word_1_414' title='bbox 1013 4558 1145 4635; x_wconf 89' lang='lat' dir='ltr'><strong>partibus</strong></span> <span class='ocrx_word' id='word_1_415' title='bbox 1167 4555 1318 4631; x_wconf 79' lang='lat' dir='ltr'><strong>eclipticas</strong></span> <span class='ocrx_word' id='word_1_416' title='bbox 1343 4558 1470 4618; x_wconf 82' lang='lat' dir='ltr'><strong>maxime</strong></span> <span class='ocrx_word' id='word_1_417' title='bbox 1485 4554 1708 4630; x_wconf 85' lang='lat' dir='ltr'><strong>declinantibus,</strong></span> 
     </span>
     <span class='ocr_line' id='line_1_44' title="bbox 351 4643 1709 4728; baseline -0.003 -22"><span class='ocrx_word' id='word_1_418' title='bbox 351 4666 386 4706; x_wconf 86' lang='lat' dir='ltr'><strong>ex</strong></span> <span class='ocrx_word' id='word_1_419' title='bbox 411 4652 447 4706; x_wconf 84' lang='lat' dir='ltr'><strong>eo</strong></span> <span class='ocrx_word' id='word_1_420' title='bbox 471 4644 622 4714; x_wconf 86' lang='lat' dir='ltr'><strong>intellexit,</strong></span> <span class='ocrx_word' id='word_1_421' title='bbox 646 4662 704 4702; x_wconf 87' lang='lat' dir='ltr'><strong>non</strong></span> <span class='ocrx_word' id='word_1_422' title='bbox 727 4646 812 4728; x_wconf 85' lang='lat' dir='ltr'><strong>polos</strong></span> <span class='ocrx_word' id='word_1_423' title='bbox 834 4644 934 4703; x_wconf 87' lang='lat' dir='ltr'><strong>mundi</strong></span> <span class='ocrx_word' id='word_1_424' title='bbox 958 4644 1005 4705; x_wconf 85' lang='lat' dir='ltr'><strong>vel</strong></span> <span class='ocrx_word' id='word_1_425' title='bbox 1024 4645 1193 4721; x_wconf 88' lang='lat' dir='ltr'><strong>sequuturis</strong></span> <span class='ocrx_word' id='word_1_426' title='bbox 1214 4643 1386 4713; x_wconf 85' lang='lat' dir='ltr'><strong>movendos,</strong></span> <span class='ocrx_word' id='word_1_427' title='bbox 1409 4651 1442 4702; x_wconf 91' lang='lat' dir='ltr'><strong>ut</strong></span> <span class='ocrx_word' id='word_1_428' title='bbox 1457 4650 1600 4719; x_wconf 87' lang='lat' dir='ltr'><strong>aequatur</strong></span> <span class='ocrx_word' id='word_1_429' title='bbox 1621 4660 1709 4703; x_wconf 88' lang='lat' dir='ltr'><strong>uoce·</strong></span> 
     </span>
     <span class='ocr_line' id='line_1_45' title="bbox 353 4727 1708 4810; baseline -0.003 -17"><span class='ocrx_word' id='word_1_430' title='bbox 353 4734 404 4793; x_wconf 87' lang='lat' dir='ltr'><strong>dat</strong></span> <span class='ocrx_word' id='word_1_431' title='bbox 426 4732 465 4792; x_wconf 87' lang='lat' dir='ltr'><strong>ad</strong></span> <span class='ocrx_word' id='word_1_432' title='bbox 488 4731 663 4810; x_wconf 82' lang='lat' dir='ltr'><strong>eclipticam,</strong></span> <span class='ocrx_word' id='word_1_433' title='bbox 687 4732 738 4791; x_wconf 89' lang='lat' dir='ltr'><strong>sed</strong></span> <span class='ocrx_word' id='word_1_434' title='bbox 762 4740 863 4792; x_wconf 86' lang='lat' dir='ltr'><strong>contra</strong></span> <span class='ocrx_word' id='word_1_435' title='bbox 883 4733 969 4808; x_wconf 88' lang='lat' dir='ltr'><strong>polos</strong></span> <span class='ocrx_word' id='word_1_436' title='bbox 992 4732 1155 4808; x_wconf 82' lang='lat' dir='ltr'><strong>eclipticas,</strong></span> <span class='ocrx_word' id='word_1_437' title='bbox 1179 4731 1299 4791; x_wconf 91' lang='lat' dir='ltr'><strong>sedibus</strong></span> <span class='ocrx_word' id='word_1_438' title='bbox 1312 4727 1442 4809; x_wconf 81' lang='lat' dir='ltr'><strong>pristinis</strong></span> <span class='ocrx_word' id='word_1_439' title='bbox 1464 4732 1540 4791; x_wconf 91' lang='lat' dir='ltr'><strong>inter</strong></span> <span class='ocrx_word' id='word_1_440' title='bbox 1558 4731 1632 4792; x_wconf 86' lang='lat' dir='ltr'><strong>fixas</strong></span> <span class='ocrx_word' id='word_1_441' title='bbox 1655 4730 1708 4790; x_wconf 92' lang='lat' dir='ltr'><strong>de·</strong></span> 
     </span>
     <span class='ocr_line' id='line_1_46' title="bbox 352 4815 1708 4897; baseline -0.004 -17"><span class='ocrx_word' id='word_1_442' title='bbox 352 4823 455 4893; x_wconf 90' lang='lat' dir='ltr'><strong>sertis,</strong></span> <span class='ocrx_word' id='word_1_443' title='bbox 488 4820 525 4878; x_wconf 87' lang='lat' dir='ltr'><strong>ad</strong></span> <span class='ocrx_word' id='word_1_444' title='bbox 549 4821 633 4897; x_wconf 92' lang='lat' dir='ltr'><strong>polos</strong></span> <span class='ocrx_word' id='word_1_445' title='bbox 664 4823 832 4895; x_wconf 74' lang='lat' dir='ltr'><strong>sequuturis</strong></span> <span class='ocrx_word' id='word_1_446' title='bbox 863 4829 892 4878; x_wconf 91' lang='lat' dir='ltr'><strong>et</strong></span> <span class='ocrx_word' id='word_1_447' title='bbox 914 4823 956 4879; x_wconf 90' lang='lat' dir='ltr'><strong>sic</strong></span> <span class='ocrx_word' id='word_1_448' title='bbox 979 4820 1145 4896; x_wconf 89' lang='lat' dir='ltr'><strong>eclipticam</strong></span> <span class='ocrx_word' id='word_1_449' title='bbox 1168 4819 1205 4876; x_wconf 87' lang='lat' dir='ltr'><strong>ad</strong></span> <span class='ocrx_word' id='word_1_450' title='bbox 1228 4827 1416 4896; x_wconf 88' lang='lat' dir='ltr'><strong>nequatorem</strong></span> <span class='ocrx_word' id='word_1_451' title='bbox 1444 4817 1599 4893; x_wconf 81' lang='lat' dir='ltr'><strong>accedere3</strong></span> <span class='ocrx_word' id='word_1_452' title='bbox 1628 4815 1708 4893; x_wconf 92' lang='lat' dir='ltr'><strong>quod</strong></span> 
     </span>
     <span class='ocr_line' id='line_1_47' title="bbox 352 4905 1707 4984; baseline -0.004 -15"><span class='ocrx_word' id='word_1_453' title='bbox 352 4909 573 4969; x_wconf 77' lang='lat' dir='ltr'><strong>securisumus</strong></span> <span class='ocrx_word' id='word_1_454' title='bbox 596 4907 670 4967; x_wconf 90' lang='lat' dir='ltr'><strong>libro</strong></span> <span class='ocrx_word' id='word_1_455' title='bbox 695 4906 749 4966; x_wconf 92' lang='grc'><strong>111.</strong></span> <span class='ocrx_word' id='word_1_456' title='bbox 773 4907 822 4965; x_wconf 87' lang='lat' dir='ltr'><strong>iol.</strong></span> <span class='ocrx_word' id='word_1_457' title='bbox 849 4909 921 4966; x_wconf 77' lang='lat'><strong>292.</strong></span> <span class='ocrx_word' id='word_1_458' title='bbox 966 4906 1001 4966; x_wconf 90' lang='lat' dir='ltr'><strong>ld</strong></span> <span class='ocrx_word' id='word_1_459' title='bbox 1024 4925 1093 4967; x_wconf 86' lang='lat' dir='ltr'><strong>vero</strong></span> <span class='ocrx_word' id='word_1_460' title='bbox 1119 4923 1245 4984; x_wconf 88' lang='lat' dir='ltr'><strong>quanam</strong></span> <span class='ocrx_word' id='word_1_461' title='bbox 1267 4908 1379 4966; x_wconf 86' lang='lat' dir='ltr'><strong>ratione</strong></span> <span class='ocrx_word' id='word_1_462' title='bbox 1400 4906 1491 4980; x_wconf 87' lang='lat' dir='ltr'><strong>fieret,</strong></span> <span class='ocrx_word' id='word_1_463' title='bbox 1514 4905 1617 4983; x_wconf 82' lang='lat' dir='ltr'><strong>&#39;lycho</strong></span> <span class='ocrx_word' id='word_1_464' title='bbox 1632 4905 1707 4963; x_wconf 87' lang='lat' dir='ltr'><strong>Bra-</strong></span> 
     </span>
     <span class='ocr_line' id='line_1_48' title="bbox 352 4991 1684 5071; baseline -0.008 -16"><span class='ocrx_word' id='word_1_465' title='bbox 352 4997 426 5058; x_wconf 80' lang='lat' dir='ltr'><strong>beus</strong></span> <span class='ocrx_word' id='word_1_466' title='bbox 449 5012 509 5054; x_wconf 91' lang='lat' dir='ltr'><strong>non</strong></span> <span class='ocrx_word' id='word_1_467' title='bbox 532 4993 649 5071; x_wconf 87' lang='lat' dir='ltr'><strong>reliquit</strong></span> <span class='ocrx_word' id='word_1_468' title='bbox 671 4995 856 5070; x_wconf 82' lang='lat' dir='ltr'><strong>explicatum.</strong></span> <span class='ocrx_word' id='word_1_469' title='bbox 1679 4991 1684 5000; x_wconf 91' lang='lat'><em>&#39;</em></span> 
     </span>
    </p>

    <p class='ocr_par' dir='ltr' id='par_1_12' title="bbox 352 5078 1709 5333">
     <span class='ocr_line' id='line_1_49' title="bbox 442 5078 1709 5159; baseline -0.002 -19"><span class='ocrx_word' id='word_1_470' title='bbox 442 5081 524 5156; x_wconf 78' lang='lat' dir='ltr'><strong>Quid</strong></span> <span class='ocrx_word' id='word_1_471' title='bbox 545 5100 615 5159; x_wconf 77' lang='lat' dir='ltr'><strong>erpo</strong></span> <span class='ocrx_word' id='word_1_472' title='bbox 636 5083 720 5157; x_wconf 84' lang='lat' dir='ltr'><strong>polos</strong></span> <span class='ocrx_word' id='word_1_473' title='bbox 742 5084 894 5157; x_wconf 79' lang='lat' dir='ltr'><strong>eclipticas</strong></span> <span class='ocrx_word' id='word_1_474' title='bbox 916 5084 1075 5156; x_wconf 83' lang='lat' dir='ltr'><strong>ipsamque</strong></span> <span class='ocrx_word' id='word_1_475' title='bbox 1096 5080 1182 5141; x_wconf 76' lang='lat' dir='ltr'><strong>ndco‘</strong></span> <span class='ocrx_word' id='word_1_476' title='bbox 1200 5080 1368 5155; x_wconf 85' lang='lat' dir='ltr'><strong>eclipticam</strong></span> <span class='ocrx_word' id='word_1_477' title='bbox 1396 5078 1514 5140; x_wconf 84' lang='lat' dir='ltr'><strong>sedibus</strong></span> <span class='ocrx_word' id='word_1_478' title='bbox 1534 5080 1598 5137; x_wconf 82' lang='lat' dir='ltr'><strong>suis</strong></span> <span class='ocrx_word' id='word_1_479' title='bbox 1626 5095 1709 5138; x_wconf 69' lang='lat' dir='ltr'><strong>ano·</strong></span> 
     </span>
     <span class='ocr_line' id='line_1_50' title="bbox 352 5164 1709 5242; baseline -0.004 -13"><span class='ocrx_word' id='word_1_480' title='bbox 352 5168 427 5229; x_wconf 77' lang='lat' dir='ltr'><strong>vet?</strong></span> <span class='ocrx_word' id='word_1_481' title='bbox 450 5169 576 5229; x_wconf 86' lang='lat' dir='ltr'><strong>Rursum</strong></span> <span class='ocrx_word' id='word_1_482' title='bbox 599 5168 676 5230; x_wconf 88' lang='lat' dir='ltr'><strong>idem</strong></span> <span class='ocrx_word' id='word_1_483' title='bbox 699 5169 806 5229; x_wconf 77' lang='lat' dir='ltr'><strong>&#39;l&#39;crrae</strong></span> <span class='ocrx_word' id='word_1_484' title='bbox 829 5176 925 5227; x_wconf 90' lang='lat' dir='ltr'><strong>motus</strong></span> <span class='ocrx_word' id='word_1_485' title='bbox 948 5184 1064 5227; x_wconf 86' lang='lat' dir='ltr'><strong>annuus</strong></span> <span class='ocrx_word' id='word_1_486' title='bbox 1086 5169 1163 5228; x_wconf 89' lang='lat' dir='ltr'><strong>circa</strong></span> <span class='ocrx_word' id='word_1_487' title='bbox 1185 5166 1293 5240; x_wconf 88' lang='lat' dir='ltr'><strong>Solem,</strong></span> <span class='ocrx_word' id='word_1_488' title='bbox 1317 5169 1343 5226; x_wconf 87' lang='lat' dir='ltr'><strong>sl</strong></span> <span class='ocrx_word' id='word_1_489' title='bbox 1365 5168 1502 5226; x_wconf 86' lang='lat' dir='ltr'><strong>nimirum</strong></span> <span class='ocrx_word' id='word_1_490' title='bbox 1517 5165 1567 5225; x_wconf 89' lang='lat' dir='ltr'><strong>ille</strong></span> <span class='ocrx_word' id='word_1_491' title='bbox 1590 5164 1641 5225; x_wconf 83' lang='lat' dir='ltr'><strong>nse</strong></span> <span class='ocrx_word' id='word_1_492' title='bbox 1655 5181 1709 5242; x_wconf 90' lang='lat' dir='ltr'><strong>per</strong></span> 
     </span>
     <span class='ocr_line' id='line_1_51' title="bbox 354 5251 1708 5333; baseline -0.004 -14"><span class='ocrx_word' id='word_1_493' title='bbox 354 5257 454 5319; x_wconf 85' lang='lat' dir='ltr'><strong>omnis</strong></span> <span class='ocrx_word' id='word_1_494' title='bbox 475 5258 580 5318; x_wconf 87' lang='lat' dir='ltr'><strong>similis</strong></span> <span class='ocrx_word' id='word_1_495' title='bbox 601 5258 730 5318; x_wconf 89' lang='lat' dir='ltr'><strong>motibus</strong></span> <span class='ocrx_word' id='word_1_496' title='bbox 752 5264 911 5318; x_wconf 88' lang='lat' dir='ltr'><strong>ceterorum</strong></span> <span class='ocrx_word' id='word_1_497' title='bbox 934 5255 1126 5333; x_wconf 83' lang='lat' dir='ltr'><strong>planetarum,</strong></span> <span class='ocrx_word' id='word_1_498' title='bbox 1150 5263 1183 5316; x_wconf 92' lang='lat' dir='ltr'><strong>ut</strong></span> <span class='ocrx_word' id='word_1_499' title='bbox 1204 5256 1305 5316; x_wconf 92' lang='lat' dir='ltr'><strong>monui</strong></span> <span class='ocrx_word' id='word_1_500' title='bbox 1326 5254 1401 5316; x_wconf 92' lang='lat' dir='ltr'><strong>libro</strong></span> <span class='ocrx_word' id='word_1_501' title='bbox 1424 5253 1477 5314; x_wconf 84' lang='lat' dir='ltr'><strong>VI.</strong></span> <span class='ocrx_word' id='word_1_502' title='bbox 1499 5261 1583 5332; x_wconf 81' lang='lat' dir='ltr'><strong>parte</strong></span> <span class='ocrx_word' id='word_1_503' title='bbox 1604 5251 1629 5322; x_wconf 90' lang='grc' dir='ltr'><strong>Ι,</strong></span> <span class='ocrx_word' id='word_1_504' title='bbox 1650 5251 1708 5313; x_wconf 85' lang='lat' dir='ltr'><strong>hoc</strong></span> 
     </span>
    </p>
   </div>
   <div class='ocr_carea' id='block_1_5' title="bbox 0 0 2239 6275">
    <p class='ocr_par' dir='ltr' id='par_1_13' title="bbox 0 0 2239 6275">
     <span class='ocr_line' id='line_1_52' title="bbox 0 0 2239 6275; baseline 0 0"><span class='ocrx_word' id='word_1_505' title='bbox 0 0 2239 6275; x_wconf 95' lang='lat' dir='ltr'><strong> </strong></span> 
     </span>
    </p>
   </div>
  </div>
 </body>
</html>
