4459 6275
902 750 984 808 liber
1001 751 1110 808 Sextus.
1145 751 1214 806 Pars
1232 750 1332 809 Tertia
1725 760 1788 823 tii

433 933 557 995 Terram
578 935 619 1010 D,
649 937 679 995 in
705 938 757 1007 ἐξ
783 936 909 1014 positam
930 931 975 1014 (ut
996 931 1080 1008 cujus
1105 931 1190 993 locus
1217 932 1365 1009 proximus
1388 933 1417 992 iu
1442 930 1479 992 4⁰
1502 932 1568 1015 til),
1600 933 1667 996 ideo
1697 952 1789 996 ceusu

435 1040 497 1081 una
518 1025 685 1099 apparentis
707 1024 862 1100 parvitatis
891 1019 1015 1099 epicycli
1037 1021 1068 1077 in
1091 1037 1224 1096 apogaeo
1255 1022 1405 1080 constituti
1428 1025 1535 1081 mansit
1565 1024 1651 1082 etiam
1681 1013 1734 1083 hte'
1760 1025 1789 1082 in

433 1111 588 1186 perigaeo,
616 1108 882 1191 brevitss'scilicet
905 1108 1038 1168 diametri
1060 1105 1197 1184 ellipseos
1219 1114 1401 1169 transversae
1424 1117 1453 1168 et
1475 1111 1603 1186 ipsarum
1626 1109 1686 1184 BC,
1713 1110 1787 1187 BK3

435 1204 539 1256 contra
553 1195 628 1258 -Sole
652 1199 681 1255 in
705 1215 750 1256 m
774 1197 822 1257 vel
847 1199 887 1272 Π
910 1200 1086 1274 apparente,
1103 1193 1221 1271 quando
1243 1193 1334 1258 Terra
1357 1195 1386 1278 ip
1399 1194 1440 1268 X,
1466 1203 1490 1273 9.
1515 1195 1563 1257 vel
1586 1195 1621 1273 Q,
1653 1196 1697 1271 f,
1723 1197 1790 1257 dia-

434 1290 528 1343 meter
557 1291 638 1344 reeta
664 1302 717 1344 sen
747 1282 882 1362 apsidum
905 1282 973 1357 PR,
1004 1299 1081 1358 quae
1111 1290 1156 1360 est
1183 1280 1275 1341 multo
1305 1283 1421 1357 longior
1443 1282 1584 1344 diametro
1614 1293 1789 1358 transversa,

436 1370 632 1446 objiciebatur
662 1372 738 1431 visui
762 1373 791 1430 in
813 1370 846 1430 X
869 1368 966 1446 velQ
997 1371 1119 1443 rectius,
1151 1371 1236 1446 quasi
1258 1368 1407 1448 epicyclus
1439 1370 1532 1446 major
1559 1372 1663 1432 inisset
1684 1373 1788 1433 iectus.
1862 1368 1865 1374 ’

435 1459 502 1517 Etsi
524 1475 594 1518 vero
617 1458 783 1538 altrobique
805 1459 918 1517 numeri
940 1475 998 1517 non
1022 1463 1126 1517 exacte
1149 1459 1344 1530 consentiunt,
1367 1464 1399 1516 at
1420 1458 1506 1518 lacile
1529 1468 1665 1536 apparet,
1688 1460 1791 1519 obser-

437 1546 572 1606 vationes
594 1544 747 1619 Mercurii,
772 1564 790 1607 a
812 1545 983 1606 Ptolemaeo
1007 1546 1187 1620 conquisitas
1211 1552 1240 1604 et
1262 1547 1346 1621 quasi
1370 1546 1568 1606 emendicatas
1590 1564 1609 1605 a
1631 1549 1789 1620 veteribus,

436 1650 504 1692 cum
527 1649 624 1694 crasse
646 1643 744 1695 essent
766 1640 942 1707 annotatae,
965 1633 1008 1691 sie
1030 1632 1121 1692 inisse
1144 1639 1303 1704 assumtae,
1335 1639 1369 1691 ut
1391 1632 1470 1708 qnod
1492 1634 1521 1691 in
1545 1651 1603 1692 uno
1626 1635 1730 1693 triente
1752 1635 1790 1693 ab

437 1737 573 1799 apogaeo
595 1719 693 1797 fiebat,
717 1720 795 1782 idem
817 1725 906 1782 etiam
929 1723 959 1779 in
982 1719 1074 1781 altero
1090 1719 1194 1778 triente
1218 1721 1429 1796 repraesentari
1448 1721 1486 1781 ab
1501 1720 1658 1798 hypothesi
1679 1731 1789 1797 posset.

527 1806 614 1886 Quae
635 1816 677 1869 est
699 1827 807 1879 causo,
837 1826 894 1868 cur
916 1808 1077 1885 inferiores
1098 1805 1161 1866 duo
1182 1806 1260 1882 tiont
1281 1809 1458 1868 stationarii
1486 1816 1514 1867 ct
1535 1807 1665 1884 denique
1692 1817 1790 1869 retro·

437 1894 552 1970 gradi?
595 1894 706 1956 Eadem
727 1897 797 1968 iere,
820 1914 908 1973 quam
930 1894 1015 1956 alieri
1036 1901 1123 1953 vetus
1146 1896 1339 1967 astronomia,
1371 1897 1492 1954 mutatis
1514 1895 1671 1955 mutandis.
1717 1896 1790 1955 Cum

397 2008 400 2013 ’
437 1984 517 2042 enim
539 1985 691 2043 eceentriei
721 2001 821 2044 eorum
851 1985 910 2043 sint
931 1981 1025 2041 abditi
1047 1984 1123 2040 intra
1145 1980 1271 2040 Telluris
1301 1982 1427 2041 orbitam
1458 1989 1488 2041 et
1510 1981 1640 2043 velocius
1673 2001 1792 2059 percur-

436 2077 502 2129 rant
523 2067 661 2146 planetae
683 2088 754 2130 suas
777 2071 896 2144 orbitas,
919 2087 1008 2147 quam
1030 2067 1132 2128 Tellus
1155 2086 1254 2136 suam,
1279 2068 1311 2127 fit
1334 2070 1456 2146 primurn
1481 2072 1510 2127 in
1533 2077 1615 2146 parte
1638 2073 1791 2131 eccentriei

437 2158 589 2217 remotiori
620 2157 765 2230 aTerra,
804 2167 837 2219 ut
865 2160 905 2218 ire
935 2155 1090 2216 videantur
1118 2157 1147 2213 in
1183 2159 1409 2232 consequentis3
1446 2157 1611 2217 viderentur
1643 2159 1719 2217 enim
1752 2158 1791 2231 id,

436 2246 556 2304 etiamsi
578 2247 762 2321 quiescerent
784 2254 817 2306 nt
840 2245 903 2324 Sol,
925 2253 1079 2323 propterea
1102 2244 1172 2318 quia
1186 2242 1277 2303 Terra
1300 2261 1335 2303 ex
1351 2247 1488 2321 opposito
1511 2246 1535 2304 it
1557 2247 1585 2304 in
1608 2262 1794 2322 corrsequcn-

436 2335 494 2407 tia,
526 2331 610 2408 eujus
637 2341 735 2393 motus
765 2351 816 2409 per
845 2335 926 2392 visus
956 2330 1157 2407 deceptionem
1190 2332 1261 2408 ipsis
1290 2333 1386 2390 inesse
1416 2341 1578 2408 putaretur.
1621 2331 1692 2392 Jnm
1723 2351 1793 2393 vero

437 2422 527 2480 etism
557 2428 696 2496 superant
727 2420 874 2482 celeritate
903 2427 1013 2479 motum
1046 2416 1189 2487 Telluris,
1222 2420 1311 2493 igitur
1339 2417 1430 2477 multo
1465 2420 1559 2495 magis
1591 2419 1726 2479 videntur
1753 2422 1794 2480 ibi

435 2512 465 2566 io
488 2510 698 2583 consequentia
721 2510 778 2567 ire.·
815 2506 875 2568 Hic
896 2508 985 2583 igitur
1007 2522 1097 2564 causa
1112 2503 1219 2563 militat
1233 2504 1335 2564 cedern
1355 2509 1385 2564 in
1402 2506 1597 2580 inierIoribus,
1621 2524 1697 2583 quae
1711 2509 1793 2585 prius

436 2597 466 2652 in
488 2595 696 2670 superioribus.
743 2596 784 2654 At
805 2612 875 2654 vero
898 2596 928 2653 in
951 2601 1033 2670 parte
1056 2593 1208 2652 eccentrici
1224 2592 1332 2652 Terrae
1355 2594 1484 2671 propiori
1506 2593 1666 2670 retrogradi
1689 2594 1795 2656 viden-

436 2688 483 2741 tur
506 2680 588 2753 ideo,
612 2685 683 2756 quio
705 2684 858 2759 oppositae
882 2679 1055 2742 circulorum
1078 2686 1193 2756 partes,
1225 2682 1403 2740 extrinsecus
1428 2682 1596 2759 inspectae,
1620 2689 1717 2742 moins
1739 2700 1796 2761 op·

435 2771 550 2844 positos
578 2769 687 2830 habere
717 2769 861 2830 videntur.
906 2769 969 2828 Etsi
1000 2768 1077 2826 enim
1108 2774 1177 2825 tunc
1201 2768 1290 2827 etiam
1312 2767 1405 2827 Terra
1433 2769 1523 2829 ierim
1552 2785 1611 2828 una
1634 2785 1699 2828 cum
1722 2771 1795 2847 ipsis

436 2859 466 2914 in
488 2863 589 2933 partes
612 2857 745 2932 easdem,
776 2864 807 2916 at
836 2856 895 2929 illi,
930 2857 1038 2933 quippe
1061 2854 1212 2913 inferiores
1234 2855 1388 2931 planetae,
1421 2856 1575 2917 celeriores
1602 2863 1672 2916 sunt
1694 2856 1795 2932 Terra,

435 2942 512 3004 adeo
543 2949 576 3002 ut
598 2945 725 3021 majores
754 2947 784 3003 in
807 2947 868 3003 suis
892 2943 993 3003 orbitis
1016 2959 1101 3002 arcus
1130 2939 1249 3001 diurnos
1276 2943 1398 3015 iaciant,
1430 2960 1517 3019 quam
1541 2943 1643 3004 Tellus
1672 2945 1701 3003 in
1724 2962 1794 3021 suu3

436 3048 527 3108 quare
550 3031 697 3092 visionum
719 3031 829 3105 lineae,
861 3048 938 3107 quae
970 3031 1109 3089 terminos
1133 3026 1301 3089 diurnorum
1332 3030 1543 3106 respondentes
1568 3032 1696 3093 invicem
1719 3048 1794 3091 non-

435 3126 565 3194 nectuut,
589 3119 775 3181 reflectuntur
797 3121 826 3177 in
849 3116 1055 3179 antecedentia
1077 3121 1236 3195 necantque
1251 3133 1282 3177 se
1306 3124 1408 3178 mutuo
1432 3125 1498 3195 post
1511 3117 1631 3180 Terram
1653 3121 1683 3178 in
1702 3118 1794 3196 plaga

435 3206 547 3267 aSole
575 3224 689 3268 aversa.
735 3207 809 3268 (lum
838 3214 937 3266 autem
968 3206 1017 3266 hic
1042 3205 1106 3281 jam
1134 3202 1234 3263 Tellus
1262 3206 1301 3263 sit
1332 3203 1383 3264 illo
1412 3208 1484 3281 situ,
1517 3224 1575 3284 quo
1608 3224 1699 3284 supra
1730 3215 1794 3268 erat
1911 3275 1913 3280 ,

434 3296 620 3371 superiorum
643 3312 728 3364 unus,
752 3301 782 3355 et
802 3295 850 3356 hic
868 3294 932 3370 jam
954 3292 1074 3368 planeta
1096 3290 1213 3349 interior
1234 3290 1285 3350 illo
1300 3295 1368 3366 situ,
1393 3310 1452 3369 quo
1475 3312 1564 3371 supra
1578 3293 1696 3368 Tellus,
1719 3311 1793 3355 con·

435 3381 531 3443 dcitur
559 3383 648 3459 igitur
678 3381 782 3442 iisdem
811 3382 961 3460 principiis
988 3379 1161 3456 apparentia
1190 3386 1287 3440 motus
1317 3382 1487 3457 retrogredi.
1533 3377 1724 3459 Consequens
1747 3389 1793 3443 est

435 3470 534 3546 igitur,
558 3477 591 3529 ut
611 3471 671 3529 sint
692 3470 794 3546 aliqua
816 3469 882 3530 loca
904 3470 1132 3529 eccentricorum
1156 3464 1279 3527 Veneris
1301 3476 1331 3526 et
1353 3466 1504 3541 Mercurii,
1535 3470 1564 3527 in
1588 3469 1695 3545 quibus
1719 3486 1793 3529 con-

434 3558 531 3616 stituti
561 3555 696 3618 desinant
723 3555 816 3617 videri
846 3556 946 3616 directi
978 3563 1009 3615 et
1030 3556 1173 3632 incipiant
1194 3571 1337 3631 apparere
1360 3554 1537 3633 retrogradi,
1570 3557 1627 3617 hoc
1650 3564 1694 3617 est
1723 3556 1795 3619 daut

434 3646 614 3716 stationarii,
638 3647 693 3705 etsi
716 3662 747 3705 re
769 3662 840 3704 vera
861 3660 976 3721 semper
998 3645 1028 3701 in
1052 3642 1193 3702 directum
1222 3650 1251 3701 et
1274 3643 1303 3700 in
1327 3644 1538 3719 consequentia
1564 3652 1736 3719 moventem
1764 3642 1796 3705 ld
1821 3708 1827 3724 ,

435 3739 536 3793 autem
559 3730 592 3792 fit
614 3733 718 3791 visivis
742 3731 906 3809 parallelis,
931 3739 963 3791 ut
984 3734 1013 3789 in
1036 3730 1236 3807 superioribus
1260 3728 1394 3807 planetis.
1863 3729 1867 3737 '

521 3832 555 3886 ln
572 3830 711 3887 schemate
729 3832 861 3901 superiori
880 3832 931 3898 (86)
951 3830 1100 3885 stationum
1124 3830 1160 3884 sit
1182 3830 1241 3897 jam
1269 3828 1341 3885 orbis
1360 3828 1478 3886 Telluris
1497 3828 1542 3885 ΟΡ
1560 3836 1590 3887 et
1605 3836 1696 3886 motus
1714 3830 1744 3886 iu
1762 3845 1796 3887 eo

435 3911 554 3968 Telluris
572 3926 606 3964 ex
624 3909 646 3966 0
664 3912 693 3966 in
710 3912 740 3979 P,
759 3911 791 3981 Q,
810 3912 840 3969 T.
860 3910 885 3964 K
903 3910 998 3965 eodem
1016 3915 1155 3978 tempore,
1181 3923 1236 3977 quo
1260 3907 1373 3977 planeta
1389 3908 1502 3964 interior
1525 3925 1559 3965 ex
1576 3910 1602 3964 A
1625 3914 1751 3965 movetur
1768 3910 1798 3964 iu

434 3991 471 4058 ll,
490 3989 525 4056 C,
544 3989 582 4058 D,
602 3989 640 4058 G,
665 3990 773 4060 sintque
791 3990 919 4060 planetae
937 4002 1016 4042 arcus
1035 3984 1125 4039 diurni
1143 3984 1170 4038 in
1189 3985 1342 4040 eecentrieo
1360 3986 1409 4041 ΑΒ
1428 3986 1582 4056 longiores,
1610 4003 1692 4057 qnam
1718 4002 1798 4043 urens

434 4067 525 4122 diurni
544 4065 662 4122 Telluris
687 4069 715 4122 in
734 4068 824 4121 orbita
840 4083 891 4121 sua
909 4065 961 4121 ΟΡ.
999 4064 1074 4134 Ergo
1093 4062 1203 4119 Tellure
1227 4062 1254 4118 in
1274 4061 1296 4118 0
1315 4072 1455 4135 versante,
1479 4066 1591 4136 planeta
1607 4067 1636 4123 in
1653 4067 1692 4136 A,
1720 4072 1799 4135 purte
1910 4121 1913 4126 .

434 4144 530 4200 cimnli
550 4146 709 4212 remotiore,
735 4145 854 4199 directus
877 4150 992 4213 apparet
1016 4151 1044 4200 et
1068 4142 1160 4205 velox.
1187 4147 1215 4197 et
1233 4142 1354 4199 velocior
1374 4143 1484 4214 quidem
1503 4144 1583 4216 Sole,
1610 4143 1675 4215 quia
1697 4142 1799 4199 visivac

435 4224 493 4292 ot,
512 4223 559 4278 PB
577 4239 608 4279 se
626 4231 720 4280 mutuo
740 4230 834 4279 secant
852 4224 924 4277 cirea
942 4222 974 4290 F,
993 4222 1031 4276 cis
1050 4227 1172 4275 centrum
1192 4219 1266 4275 orbis
1285 4223 1386 4292 magni.

479 4300 487 4310 '
524 4301 633 4372 Contra,
652 4302 763 4356 Tellure
781 4302 810 4355 in
823 4301 856 4368 K,
876 4300 988 4369 planeta
1004 4301 1033 4355 in
1048 4301 1081 4365 G,
1099 4306 1179 4369 parte
1198 4298 1292 4354 circuli
1304 4301 1441 4371 propiore,
1460 4302 1577 4372 majores
1595 4300 1696 4371 gradm
1715 4316 1796 4369 quam

435 4382 522 4437 Terra
540 4380 657 4448 iaciens,
684 4381 750 4436 iacit
767 4381 866 4435 visivas
885 4381 942 4449 Ti),
962 4379 1024 4448 KG,
1053 4395 1120 4447 quas
1144 4378 1267 4447 intelligo
1290 4395 1385 4436 versus
1408 4389 1502 4452 partes
1519 4384 1558 4453 D,
1582 4380 1798 4437 (icontinuatas

436 4478 523 4532 usque
543 4460 594 4516 sub
611 4461 689 4524 fixas,
715 4460 842 4516 inclinari
864 4459 899 4514 ad
919 4459 1042 4514 dextram
1065 4459 1094 4513 in
1117 4458 1308 4515 antecedentia
1325 4460 1378 4516 loci
1397 4460 1470 4517 Solis
1489 4462 1514 4516 Ε
1533 4461 1699 4531 apparentis.
1735 4458 1798 4515 Plu·

434 4548 499 4594 uets
517 4553 583 4593 vero
601 4539 722 4595 anterius
739 4540 767 4593 in
785 4540 824 4606 ll,
849 4539 934 4592 Terra
951 4538 979 4592 iu
997 4538 1009 4591 I
1028 4544 1170 4604 versante,
1199 4537 1273 4594 eirca
1290 4538 1330 4593 IH
1348 4540 1566 4608 contingentem,
1590 4539 1703 4609 planeta
1721 4555 1755 4595 ex
1772 4540 1799 4595 H

432 4618 459 4672 iu
477 4617 502 4671 D
522 4624 613 4674 motus
638 4626 714 4675 rectu
737 4634 833 4674 versus
851 4617 963 4672 Terram
981 4618 995 4671 l
1013 4616 1155 4673 descendit
1182 4619 1434 4688 aequiparetur'que
1453 4619 1552 4688 stanti,
1577 4634 1638 4673 cnm
1656 4618 1741 4674 Terra
1758 4619 1799 4675 iu·

433 4697 513 4752 terim
532 4698 561 4751 in
580 4699 592 4752 l
611 4705 668 4766 eat,
688 4713 773 4768 quare
791 4697 912 4753 sectione
930 4697 1075 4752 visivurum
1092 4696 1133 4750 111
1151 4713 1236 4766 supra
1254 4697 1279 4751 H
1298 4697 1423 4766 cadente,
1442 4698 1532 4754 adhuc
1550 4698 1662 4769 planeta
1679 4699 1798 4755 directus

433 4775 579 4833 videbitur.
615 4776 653 4830 At
670 4774 743 4831 circa
755 4775 787 4839 T,
803 4777 829 4830 ll
847 4774 935 4831 lineae
953 4776 1053 4831 visivae
1066 4774 1115 4830 TD
1133 4774 1264 4831 incedunt
1280 4776 1437 4845 paralleloe,
1456 4777 1538 4846 igitur
1558 4776 1668 4847 planeta
1685 4782 1801 4849 apparet

434 4852 621 4911 stationarios.
1555 4881 1557 4886 ·
1884 4852 1887 4864 '

529 4953 587 5015 Ubi
608 4961 681 5014 runt
701 4962 820 5031 puncto
842 4958 1010 5017 stationum
1038 4959 1072 5015 in
1094 4931 1300 5017 comminius
1328 4955 1435 5017 Ductis
1465 4972 1501 5015 ex
1523 4954 1545 5018 S
1568 4956 1660 5017 Terra
1683 4953 1800 5016 duabus

433 5043 533 5116 rectis,
557 5039 616 5117 SB,
638 5041 695 5115 SC,
719 5033 956 5119 contingentibus
979 5046 1158 5104 eccentricos
1180 5045 1348 5105 inferiorum
1362 5046 1392 5103 in
1408 5044 1443 5114 B,
1468 5044 1501 5118 C,
1523 5051 1633 5121 puncta
1649 5042 1696 5104 vel
1712 5058 1799 5102 arem

433 5132 597 5194 stationum
627 5147 742 5208 semper
769 5139 838 5192 sunt
867 5134 943 5193 intra
971 5132 1034 5207 BC,
1068 5134 1098 5190 iu
1127 5131 1242 5193 Venere
1275 5131 1393 5212 quidem
1426 5133 1598 5198 remotiores
1632 5148 1652 5193 a
1682 5130 1799 5208 punctis
