4459 6275
431 508 498 574 seo
927 494 1280 569 nou-em·

435 696 508 745 rsro
538 674 1242 747 sidmsimstemuoudumerimusessecuti.
1285 672 1549 756 Secundoigiurr,
1580 672 1793 739 edm

434 763 1795 847 meteneuuiueturelisseuuopietreeerteutem,ioeumdoiis‚eueetoeihprcm·

432 852 722 936 tmusptrsmsride,
753 850 1407 932 queereinnostreeeetetisepiremeride‚
1439 850 1794 927 etdiesmuiduhi,

433 948 463 1004 iu
486 961 547 1022 que
568 942 652 1003 illum
673 941 830 1015 invenisti,
853 944 967 1003 retioue
989 941 1174 1020 tempestatis
1195 938 1328 1016 ejusdem
1351 938 1549 1021 compereude
1571 941 1628 1003 erit
1648 956 1719 1003 oum
1740 938 1795 1015 dh,

434 1028 1097 1196 Ψὲῑῖἰὶὥῗῑῃὶῗζρέἒᾘῗ
1109 1026 1797 1195 rittitrtt‘et'tttim

437 1207 525 1268 idem.
573 1205 625 1266 Sin
648 1211 747 1265 eutem
771 1205 857 1264 tertio
879 1206 953 1265 seire
977 1201 1143 1277 desideras,
1165 1220 1226 1278 que
1248 1202 1296 1264 die
1318 1201 1433 1264 Julieni
1457 1160 1490 1266 et,
1508 1221 1569 1283 quo
1591 1207 1622 1263 iu
1644 1198 1798 1285 eclipsim

437 1292 533 1374 produ
555 1291 624 1353 Sole
648 1297 784 1353 rerssute
805 1289 895 1351 hodie
921 1297 1086 1354 revertetur
1107 1288 1240 1367 ejusdem
1261 1288 1366 1351 sideris
1389 1300 1471 1352 ortus
1492 1290 1542 1354 rei
1564 1306 1691 1353 ocueeus
1712 1290 1798 1366 idern,

437 1383 490 1460 qui
512 1399 533 1442 e
553 1382 694 1458 scriptore
717 1386 762 1440 est
784 1381 990 1457 consignatus:
1021 1395 1074 1457 per
1099 1375 1272 1438 hodiemem
1293 1379 1384 1455 igitm
1404 1379 1619 1458 longitudinem
1641 1386 1674 1442 et
1695 1377 1799 1441 hetr-

435 1464 534 1530 diuem
557 1467 661 1529 secuse
683 1467 853 1546 propositae
875 1482 984 1543 quaere
1005 1482 1120 1525 rursum
1134 1464 1257 1543 gredmu
1280 1464 1443 1544 eclipticee,
1465 1470 1645 1529 eoorteutem
1747 1465 1800 1527 ilie

436 1556 526 1617 bodie
542 1554 591 1616 rei
606 1552 844 1628 coocqideutem3
867 1556 919 1631 qui
934 1562 1045 1631 queuto
1067 1551 1224 1613 interveilo
1246 1561 1386 1630 sequetur
1408 1557 1586 1617 coorieutem
1608 1553 1658 1616 vel
1682 1556 1800 1618 cuocui·

435 1643 553 1706 dentem
580 1650 712 1721 tempore
743 1642 893 1719 seriptoris
923 1639 1074 1722 (sequetur
1096 1638 1202 1720 enim),
1232 1648 1315 1702 tento
1345 1641 1405 1703 iere
1426 1641 1583 1705 interpello
1611 1643 1699 1704 locus
1721 1640 1800 1704 Solis

435 1735 467 1792 in
490 1730 628 1810 ecliptica
657 1727 746 1789 hodie
775 1730 922 1806 posterior
949 1731 1004 1789 erit
1030 1728 1097 1789 loco
1126 1727 1259 1804 ejusdem
1285 1727 1324 1790 ed
1348 1728 1425 1789 diem
1446 1748 1467 1791 e
1487 1732 1630 1809 scriptore
1649 1732 1800 1810 eignetum

435 1820 483 1881 sui
518 1818 621 1879 seculi.
681 1816 817 1892 Denique
854 1814 938 1875 loeus
974 1814 1053 1875 Solis
1085 1817 1129 1876 sic
1164 1819 1317 1890 inventus,
1362 1817 1388 1877 si
1423 1819 1454 1876 iu
1487 1816 1677 1898 ephemeride
1712 1817 1801 1896 hujus

437 1907 545 1967 setetis
567 1911 742 1982 poneretur,
774 1903 852 1964 diem
879 1904 949 1963 euui
974 1900 1089 1963 Julieui
1111 1903 1260 1980 ostendet,
1291 1903 1521 1983 competendum
1544 1922 1612 1967 eum
1634 1904 1684 1967 die
1707 1908 1802 1985 serip-

436 1996 523 2068 turis,
550 1994 663 2053 retioue
685 1990 819 2068 ejrudem
840 1989 959 2052 siderise
990 1988 1104 2051 turdius
1129 1991 1243 2053 seilicet
1271 1990 1382 2053 incidet
1411 1991 1501 2054 hodie
1528 1993 1607 2055 idem
1628 1984 1752 2055 exortus
1771 1994 1801 2053 iu

442 2097 522 2143 enno
544 2076 676 2141 Juiieno.

527 2166 698 2227 lt'uuoome
725 2165 940 2241 eonrpcndium
968 2169 1102 2242 suppetit
1127 2183 1240 2243 operm
1266 2174 1334 2226 tom
1363 2168 1530 2242 operoeoei
1575 2168 1658 2246 Quot
1688 2166 1800 2232 ἀίω

439 2254 632 2317 didersutiem
660 2252 878 2314 ecelendurio
900 2250 1023 2313 Julimo
1046 2252 1099 2314 Sol
1121 2253 1224 2327 iuciet,
1257 2253 1287 2313 id
1315 2270 1405 2332 cupre
1433 2254 1543 2316 dietum
1570 2264 1633 2327 est,
1664 2256 1696 2317 iu
1718 2258 1802 2317 euuis

440 2361 483 2404 se.
511 2342 593 2402 1767
618 2340 729 2403 dierum
760 2342 799 2401 13
828 2340 905 2413 iere,
937 2343 989 2417 qui
1011 2339 1075 2401 dies
1101 2342 1140 2401 13
1164 2341 1223 2401 diei
1245 2344 1315 2401 euui
1337 2340 1467 2418 Juliuui,
1497 2350 1575 2404 retro
1603 2343 1643 2404 sd
1670 2344 1802 2405 seculum

299 2468 305 2481 .
439 2428 604 2510 Hippsrehi
627 2430 749 2502 extensi,
772 2429 918 2488 constanti
940 2428 1148 2488 observatione
1169 2434 1295 2507 possunt
1317 2420 1455 2508 edJ‘uufii:
1477 2447 1537 2491 uon
1559 2433 1638 2492 euim
1660 2446 1739 2511 opus
1760 2440 1804 2493 est

442 2518 492 2579 hie
513 2516 730 2596 scrupulosiore
752 2518 981 2595 computettone,
1003 2532 1058 2576 uec
1080 2515 1250 2591 curandum,
1273 2516 1354 2594 quod
1368 2519 1398 2576 in
1420 2533 1479 2578 une
1493 2526 1577 2598 purte
1599 2520 1670 2581 suni
1686 2526 1804 2599 propter

441 2603 628 2683 iueequulem
649 2612 762 2665 motum
781 2602 860 2664 Solis
882 2610 913 2664 et
934 2620 1120 2681 progressum
1141 2607 1268 2683 epogeei
1290 2603 1483 2679 sbuudemus,
1506 2608 1537 2665 in
1557 2605 1619 2667 elie
1632 2604 1803 2669 deficiemus

444 2692 587 2767 nonnihil,
610 2691 690 2770 quod
712 2708 784 2752 seue
807 2689 845 2752 sd
866 2689 942 2752 hece
963 2707 1057 2768 usque
1080 2698 1213 2770 tempore
1233 2709 1388 2771 perpurum
1410 2700 1466 2753 est

528 2780 672 2842 Aturrus
695 2795 878 2857 ooeesusque
899 2777 1043 2852 siderum,
1066 2786 1099 2837 ut
1120 2786 1189 2838 suut
1211 2781 1358 2839 rerierum
1380 2782 1552 2858 specierum,
1574 2782 1732 2844 nicetium
1753 2798 1804 2863 per

443 2869 563 2931 ciimete
593 2867 712 2929 diverse
743 2883 853 2946 perque
881 2865 1091 2927 deminutiones
1119 2883 1189 2926 sues
1219 2866 1330 2928 eSole
1350 2869 1480 2927 minutus
1508 2867 1556 2929 vel
1579 2875 1686 2930 euctes
1707 2866 1802 2945 trudis,

443 2956 571 3033 denique
592 2973 646 3036 per
665 2954 734 3015 loce
756 2953 917 3033 eeiipdcee,
941 2953 1105 3031 longiorum
1127 2953 1218 3014 hodie
1239 2954 1289 3015 rel
1311 2956 1478 3016 breviorum
1496 2954 1707 3017 urceusiomm
1727 2954 1803 3019 cou-

444 3041 725 3121 querum,mu1tum
748 3045 914 3115 vsrisutur,
944 3049 979 3101 ut
998 3043 1041 3101 its
1062 3040 1129 3120 plus
1150 3040 1200 3102 trie
1221 3044 1325 3102 erroris
1347 3044 1377 3101 iu
1400 3041 1582 3123 compendiis
1603 3044 1685 3105 insit.
1729 3043 1803 3107 Poe·

447 3148 550 3192 sumus
571 3139 669 3191 temen
693 3141 722 3191 et
745 3128 793 3190 irie
815 3147 905 3208 prope
927 3147 1030 3190 vemm
1052 3130 1162 3206 venire,
1185 3128 1295 3191 edditts
1317 3149 1370 3211 pro
1392 3128 1555 3212 Hippsrehi
1576 3130 1680 3194 murlo
1702 3130 1804 3194 diebus

446 3221 493 3294 (ut
514 3216 614 3298 supru)
641 3220 678 3277 12
701 3215 741 3277 ed
763 3216 840 3276 diem
864 3220 894 3275 in
916 3235 994 3278 euno
1016 3217 1161 3293 Romeuo,
1183 3234 1244 3295 quo
1266 3216 1371 3279 sideris
1386 3220 1531 3298 cujusque
1552 3227 1634 3280 ortus
1649 3235 1803 3301 expretus

445 3315 500 3368 est.
548 3304 593 3365 Ac
614 3322 680 3365 cum
703 3308 813 3365 incerte
835 3307 874 3364 sit
895 3307 1033 3383 surpicio,
1056 3307 1142 3382 quusi
1165 3308 1294 3384 tropicus
1316 3323 1411 3366 eunus
1434 3305 1601 3368 oliminerit
1622 3306 1740 3386 longior
1758 3305 1803 3392 (ds

446 3411 506 3471 quo
529 3393 604 3454 libro
627 3390 721 3471 vii),
749 3391 823 3451 uihii
844 3395 990 3464 nocuerit,
1014 3392 1148 3471 exemplo
1171 3392 1322 3471 Tychonis
1343 3394 1452 3455 Breirei
1479 3393 1580 3457 eecuie
1602 3410 1658 3455 uos
1680 3397 1757 3457 iuter
1775 3401 1803 3457 et

446 3481 648 3561 ffippnrehum
669 3497 722 3559 pro
745 3482 855 3539 emussi
871 3487 999 3541 stetuere
1020 3483 1297 3560 proportionemque
1312 3481 1437 3543 eundem
1457 3481 1495 3543 ed
1512 3480 1686 3543 intermedie
1710 3481 1801 3561 adque

446 3571 614 3647 entiquiore
636 3579 768 3647 tempore
791 3570 960 3628 continuere
984 3586 1034 3647 per
1056 3567 1195 3628 tabellum
1217 3579 1403 3646 sequentem,
1428 3571 1457 3629 iu
1481 3568 1717 3647 quePtulemesi
1739 3572 1802 3648 qui·

446 3657 513 3719 deur
537 3657 794 3717 observationibus
817 3658 862 3715 ris
884 3656 1004 3716 infertur
1025 3658 1055 3714 iu
1078 3658 1147 3715 euni
1170 3659 1274 3734 tropici
1296 3658 1451 3734 coiumue3
1479 3675 1549 3719 uem
1571 3675 1625 3737 pro
1651 3661 1688 3718 li
1716 3659 1801 3738 ipeiur

446 3746 605 3808 observate
628 3744 699 3806 deut
725 3739 819 3826 ¹²72·
864 3742 924 3805 Sed
947 3742 983 3804 de
1005 3743 1063 3805 troc
1085 3743 1161 3805 libro
1185 3742 1253 3803 vn.
