4459 6275
439 780 442 785 ·
510 767 573 839 w
829 830 831 839 Ι
1003 760 1146 830 hiemes
1164 759 1354 825 unquamne

506 943 618 1020 quique
639 940 792 1015 gravitatis
815 945 844 1005 et
866 938 1001 1003 levitatis
1021 940 1173 1003 eontrariir
1195 941 1345 1016 principiis
1367 938 1553 1016 dispensatas
1573 936 1729 1014 quodlibet
1750 933 1861 997 iiam

505 1044 659 1106 corporum
681 1028 709 1084 in
732 1043 817 1086 sunm
832 1026 939 1098 ,lacurn
960 1027 1079 1100 restrui,
1103 1024 1230 1101 indeque
1252 1027 1326 1101 lieri,
1347 1033 1380 1086 ut
1401 1042 1454 1104 pro
1477 1025 1537 1087 aila
1557 1035 1648 1102 atque
1670 1024 1732 1085 elia
1754 1039 1860 1101 appre-

504 1115 696 1195 pinqnatiane
724 1111 764 1173 ad
790 1111 889 1175 locum
919 1114 1097 1186 naturalem,
1127 1131 1182 1175 aaa
1202 1114 1242 1174 ad
1264 1132 1400 1191 scopam,
1431 1112 1494 1175 alia
1520 1115 1609 1174 mmm
1631 1120 1726 1190 etque
1745 1111 1806 1172 rit·
1826 1113 1862 1169 rit

505 1203 640 1277 celeritas
654 1209 684 1261 et
706 1199 832 1277 denique
847 1219 928 1261 mera
951 1203 1047 1277 quiea.
1092 1201 1132 1264 iit
1147 1201 1288 1267 earnem
1303 1218 1428 1279 corpora
1448 1205 1477 1261 in
1497 1200 1629 1261 circulari
1650 1201 1752 1278 spatia
1766 1197 1862 1258 maadi

506 1290 616 1359 versari
637 1296 798 1366 perpetua,
829 1289 908 1365 quod
937 1296 1109 1364 argumente
1132 1305 1209 1363 esse,
1239 1288 1292 1349 ilia
1319 1306 1416 1366 ueqrre
1443 1291 1548 1364 gravia
1569 1305 1667 1365 neque
1688 1287 1774 1356 levia
1792 1301 1863 1357 essa

506 1394 561 1441 nec
582 1375 635 1435 illa
656 1377 767 1441 morari
792 1393 883 1439 masa
905 1378 1014 1453 quietis
1036 1393 1088 1436 scu
1112 1375 1173 1437 laci'
1193 1375 1366 1453 occupandi,
1389 1389 1423 1436 st
1445 1378 1475 1434 in
1490 1393 1552 1454 qna
1571 1392 1689 1453 semper
1703 1381 1862 1444 aarum

508 1463 563 1527 sed
583 1461 650 1529 ideo
673 1471 787 1522 tantam
809 1466 936 1535 morari,
968 1471 1001 1526 ut
1023 1470 1213 1522 moveantur:
1241 1465 1344 1541 itaque
1371 1471 1401 1523 ei
1422 1472 1535 1524 meta·
1558 1479 1661 1524 aaran
1681 1458 1865 1538 aequabile·

506 1559 538 1616 et
558 1552 689 1628 speciem
712 1558 809 1613 motae
831 1548 921 1616 alienu
944 1567 1033 1627 quam
1055 1549 1253 1630 rectilineum,
1283 1568 1323 1612 aa
1353 1558 1453 1628 aptam
1480 1551 1647 1611 cetariiaii
1667 1557 1787 1624 ntae,
1812 1547 1865 1607 iar

510 1646 556 1699 est
578 1639 608 1697 ln
631 1655 664 1698 se
687 1636 866 1712 redeuntem,
891 1654 955 1698 esse
978 1646 1122 1714 opomere.
1489 1700 1502 1729 ²

598 1724 681 1801 Quid
701 1724 862 1799 repanda
890 1726 933 1784 ad
957 1725 1012 1790 lene
1040 1727 1163 1787 matam
1192 1725 1430 1800 aramentum?
1456 1724 1522 1784 Nan
1552 1725 1646 1784 omnir
1668 1723 1866 1800 immeritae·

509 1820 641 1877 motuum
670 1819 715 1875 eei
747 1829 784 1879 er
805 1815 951 1889 gravitme
973 1822 1004 1875 et
1024 1812 1166 1885 levitate,
1194 1813 1422 1888 proprietatibus
1445 1810 1669 1886 clementiarum,
1691 1809 1748 1872 aad
1769 1809 1866 1886 aliqua

508 1902 597 1961 etiam
619 1917 654 1960 er
678 1900 839 1959 mutatione
861 1899 1022 1974 interualli,
1046 1907 1079 1958 ut
1101 1906 1186 1976 patet
1206 1901 1235 1957 in
1258 1907 1343 1959 reete
1365 1905 1546 1973 aremare,
1569 1906 1659 1976 atque
1681 1897 1758 1965 hune
1779 1914 1866 1958 caasa

508 1989 657 2066 progignit
678 1994 810 2046 motuum
823 1984 1006 2051 'coelestium
1032 1988 1224 2048 intencionem
1247 1994 1278 2046 et
1298 1987 1517 2059 remissionem,
1550 1993 1582 2046 ut
1604 1985 1752 2047 hactum
1772 1984 1866 2062 expli·

509 2082 616 2140 mmm
661 2071 741 2135 Illud
768 2075 885 2134 iuterim
916 2082 962 2137 est
994 2073 1174 2146 cavendam,
1203 2090 1267 2134 esse
1297 2071 1641 2151 niiiiamtnmrtiqmm
1663 2073 1866 2150 mannen

510 2166 585 2223 aner
607 2162 751 2237 principia
771 2161 925 2236 grammar
953 2169 983 2221 et
1009 2161 1140 2223 levitatis
1167 2163 1197 2219 in
1220 2158 1370 2223 elementia
1392 2169 1422 2219 et
1451 2163 1525 2221 inter
1548 2159 1714 2222 aeneadum
1737 2160 1867 2220 ianua·

509 2249 590 2327 globi
614 2247 770 2326 planetarii
793 2246 831 2307 ed
854 2256 974 2321 motum,
997 2247 1050 2311 sed
1073 2265 1125 2324 per
1147 2265 1236 2324 qaam
1258 2245 1340 2309 nulls
1360 2256 1517 2311 excusetur
1539 2245 1742 2325 inaequalitas
1761 2254 1866 2307 netu

512 2333 600 2413 Quod
623 2348 693 2395 raro
716 2333 840 2410 liguram
861 2337 966 2399 attinet
989 2343 1095 2411 matus,
1119 2343 1321 2411 argumentum
1344 2351 1403 2395 nan
1425 2336 1491 2412 plue
1515 2335 1673 2409 meoiudit,
1697 2350 1793 2412 quur
1815 2335 1866 2411 ῌ

511 2423 614 2501 largiri
633 2423 798 2499 possimus:
822 2430 933 2485 maium
954 2423 1066 2487 scillcet
1089 2440 1154 2485 esea
1177 2425 1208 2483 in
1227 2439 1260 2483 se
1283 2424 1380 2499 ipsum
1395 2423 1545 2497 redarum,
1569 2421 1738 2500 cnjuemodi
1751 2431 1867 2483 estare

509 2516 622 2570 mnium
646 2508 810 2581 circularis,
842 2508 895 2569 sed
918 2512 1006 2570 eiiam
1029 2508 1191 2585 ellipticus,
1225 2511 1325 2586 iisque
1355 2517 1490 2575 maamia
1509 2527 1570 2571 nen
1592 2518 1748 2588 negarim
1795 2508 1869 2569 Vere

514 2599 591 2664 eninr
614 2611 752 2672 corpora,
774 2613 851 2671 quae
874 2599 951 2657 eirca
971 2613 1045 2661 suas
1065 2614 1135 2659 axes
1160 2596 1332 2668 rolaaaiur,
1361 2598 1393 2656 le
1415 2597 1471 2663 hoe
1502 2604 1614 2657 mnium
1637 2603 1814 2670 namur,
1841 2604 1869 2655 at

513 2693 595 2749 maia
610 2699 664 2751 sno
687 2684 806 2760 perenni
822 2686 954 2749 sanant
975 2684 1063 2744 aiioni
1078 2685 1249 2768 necessitati
1271 2683 1423 2760 glodiani,
1447 2683 1568 2763 qnidam
1581 2688 1681 2759 edam,
1706 2691 1743 2744 at
1754 2685 1869 2761 repient

514 2771 648 2852 planetas
672 2774 749 2835 circe
771 2787 803 2831 se
825 2771 853 2828 ia
876 2788 966 2848 gyros
988 2787 1141 2848 paeones.

598 2857 658 2918 Dic
680 2852 828 2935 quartam
846 2865 981 2918 neuram
997 2865 1216 2935 argumentum
1238 2857 1375 2934 aligera
1396 2859 1543 2919 circulari
1555 2862 1693 2934 natum.
1740 2857 1869 2936 δίψ-

514 2945 662 3023 lasaphati
684 2953 768 3005 suni:
800 2963 836 3005 ex
865 2947 1000 3010 amnibus
1034 2947 1162 3007 motibus
1192 2947 1223 3007 ia
1251 2962 1284 3004 re
1311 2944 1500 3007 redeuntium
1529 2945 1783 3022 simplicianum
1811 2960 1870 3007 ent

515 3032 684 3095 circularem
707 3042 738 3093 et
754 3034 1006 3109 perfectissimam,
1031 3036 1135 3095 ceteris
1150 3032 1295 3105 ammana
1319 3041 1352 3093 nt
1367 3032 1451 3094 areli
1470 3041 1499 3093 et
1514 3032 1668 3104 similibus,
1691 3031 1870 3092 metiendi*

513 3119 626 3199 aliquid
641 3119 805 3186 admixtum
818 3138 897 3196 aeae,
921 3121 1000 3184 hanc
1021 3124 1111 3199 igitur
1126 3118 1295 3182 ramleram
1317 3128 1440 3184 naturae
1456 3138 1610 3199 cormeum
1626 3120 1867 3198 simplici-ime,

514 3209 593 3269 hunc
615 3208 723 3270 divinis
745 3209 896 3271 mentibus
915 3210 1087 3273 meuicibus
1115 3208 1160 3290 (ut
1182 3208 1268 3284 eujus
1293 3206 1481 3285 pulchritudo
1511 3216 1540 3269 et
1562 3208 1703 3286 perfectio
1724 3210 1765 3267 sit
1788 3210 1871 3286 qq·

514 3298 595 3374 piam
621 3295 779 3377 mentale),
811 3297 888 3358 isaac
920 3297 1045 3374 denique
1075 3297 1173 3370 caelo,
1204 3293 1285 3371 quod
1313 3295 1495 3372 sphaericam
1525 3296 1619 3362 habai
1637 3296 1781 3373 figuram,
1811 3311 1870 3358 ent

516 3383 782 3446 familiarissimum.

607 3469 764 3546 Quomodo
793 3470 971 3532 diluendam
1000 3472 1055 3533 aaa
1085 3470 1149 3530 eet?
1180 3468 1227 3528 rid
1255 3467 1328 3531 haee
1357 3486 1412 3544 ego
1443 3472 1485 3531 sic
1514 3469 1696 3546 responden:
1728 3471 1870 3548 priraari

515 3565 612 3617 maius
635 3556 776 3617 coelestes
799 3566 896 3619 essent
918 3562 1024 3620 mentia
1047 3575 1131 3635 opus,
1155 3564 1188 3621 ul
1203 3554 1386 3617 crediderunt
1408 3553 1451 3616 iili
1474 3565 1603 3630 netem„
1621 3558 1784 3618 admodum
1806 3575 1870 3634 spe·

517 3647 596 3708 cinae
629 3643 862 3720 concluderetur,
898 3647 1001 3707 itinera
1031 3646 1216 3723 planetarum
1244 3660 1308 3703 cese
1337 3643 1464 3719 perfecte
1493 3645 1655 3705 circularia
1699 3645 1778 3706 Nam
1809 3655 1871 3705 tune

518 3733 630 3811 species
661 3740 768 3807 motus,
800 3740 894 3793 mente
917 3744 1076 3810 concepta,
1106 3740 1185 3792 esset
1209 3731 1309 3790 virtuti
1331 3747 1384 3806 pra
1408 3730 1507 3806 regula
1531 3741 1561 3792 et
1590 3750 1695 3810 acopo,
1726 3731 1871 3809 adquam

516 3828 612 3878 motus
643 3820 802 3882 referretur.
849 3821 888 3879 At
918 3830 1015 3880 motus
1046 3818 1189 3881 coelestes
1220 3835 1276 3877 aon
1308 3827 1375 3876 sunt
1408 3836 1482 3893 opus
1513 3822 1634 3892 mentis,
1666 3819 1719 3880 sed
1743 3830 1870 3888 nasama

518 3907 574 3966 lroc
596 3915 641 3967 est
671 3907 814 3968 nataralia
835 3925 987 3984 carporum
1010 3909 1160 3985 potentiae
1183 3907 1387 3976 antonianae,
1417 3907 1577 3969 aecrmdrrur
1607 3906 1675 3967 illae
1707 3907 1872 3984 corporalcr

516 3995 664 4072 potentiae
692 3996 872 4054 uniformiter
901 3999 1030 4072 agentis,
1065 3994 1146 4072 quod
1168 4011 1224 4054 non
1249 3993 1311 4054 alia
1329 4010 1360 4051 ra
1385 3992 1515 4054 validius
1534 3997 1759 4071 comprobatur,
1788 4011 1872 4073 qnam

517 4081 572 4146 hac
596 4084 659 4159 ipsa
683 4082 888 4142 observatione
909 4092 1152 4154 astronomorum,
1177 4084 1227 4156 qai
1250 4079 1375 4142 fallaciis
1398 4082 1479 4140 uisus
1502 4081 1632 4157 legitime
1655 4085 1804 4158 maratis
1824 4081 1873 4140 ds·

516 4168 708 4247 prehendunt,
731 4170 856 4246 relinqui
879 4170 908 4233 ia
924 4172 996 4234 reali
1020 4180 1049 4232 et
1066 4170 1222 4234 verissimo
1241 4174 1325 4230 moin
1337 4167 1473 4242 planetae
1496 4168 1619 4248 liguram
1635 4171 1775 4229 circuitus
1790 4168 1873 4245 stirp

519 4259 623 4327 ticam,
655 4274 730 4333 quae
762 4256 798 4317 de
826 4258 958 4332 potentia
986 4257 1110 4322 naturali
1135 4272 1275 4332 corporea
1302 4253 1397 4329 deque
1421 4256 1485 4331 ejus
1507 4259 1616 4333 speciei
1640 4260 1828 4317 emnadane
1849 4265 1874 4316 at

519 4343 733 4418 quantitatibus
756 4345 953 4406 testimonium
977 4345 1040 4403 lert.
1074 4342 1197 4413 Deinde,
1221 4349 1254 4406 ut
1275 4340 1433 4419 largiemur
1455 4341 1513 4402 illie
1537 4343 1766 4419 intelligentias,
1799 4361 1874 4404 uan-

519 4429 587 4491 dam
610 4439 706 4492 tamen
732 4432 865 4490 obtinent
887 4430 965 4505 quoa
988 4430 1099 4497 volunt,
1124 4428 1321 4490 omnimodam
1343 4429 1455 4491 scilicet
1477 4431 1686 4506 perlectionem
1710 4430 1823 4491 circum.
1846 4429 1876 4489 Sl

519 4533 644 4589 namque
676 4517 712 4576 de
744 4518 809 4578 sola
836 4516 1051 4592 pulchritudine
1079 4519 1351 4594 reanimarem,
1384 4516 1511 4578 uiruulas
1538 4526 1567 4578 et
1596 4526 1694 4578 menia
1715 4520 1876 4579 rectissime

519 4612 697 4677 cerneretur,
721 4612 749 4663 et
772 4620 895 4681 corpora
917 4607 980 4681 ipse
1003 4605 1227 4682 qualiacunque,
1252 4607 1378 4666 maxime
1401 4604 1551 4678 coelestia,
1575 4605 1743 4678 decoraret,
1768 4609 1876 4684 qnippe

521 4691 694 4767 quantitatis
716 4694 884 4768 participia,
915 4697 1065 4767 quantitas
1088 4693 1291 4770 pulcherrima.
1336 4691 1397 4752 Sed
1424 4695 1496 4768 quia
1518 4704 1632 4769 praeter
1654 4700 1790 4753 mantea
1808 4702 1876 4754 tnnc

519 4794 593 4853 opus
617 4788 692 4836 esset
722 4782 809 4839 etiam
838 4778 1027 4839 facultatibus
1050 4780 1233 4842 rramreiiiras
1262 4788 1292 4839 et
1321 4779 1497 4840 animalibus
1520 4779 1558 4840 ed
1581 4780 1777 4853 marnam,
1808 4779 1878 4839 iiim

519 4881 602 4923 suum
626 4866 713 4925 etiarn
736 4876 926 4942 sequerentur
950 4869 1106 4942 ingenium,
1132 4886 1184 4932 nec
1207 4870 1306 4928 anania
1328 4885 1364 4927 ex
1386 4867 1492 4927 meotis
1515 4867 1688 4941 dictamine,
1714 4867 1797 4944 quad
1819 4883 1877 4926 nan

521 4954 713 5028 perciperent,
742 4952 793 5011 sed
816 4952 907 5011 multe
930 4971 965 5011 ex
988 4955 1130 5013 materiali
1155 4957 1328 5016 necessitate
1350 4963 1484 5028 agerent:
1514 4972 1571 5015 non
1595 4956 1877 5032 mauriginensi

519 5038 671 5098 inanitates
694 5042 766 5097 istae
790 5041 1004 5114 perfectionem,
1029 5045 1102 5102 inter
1125 5061 1156 5103 se
1180 5044 1299 5111 mirare,
1321 5043 1475 5117 nequirent
1498 5046 1617 5118 assequi
1631 5046 1764 5120 penitus.
1797 5042 1873 5103 Con·

520 5124 625 5187 cedunt
647 5127 702 5202 ipsi
728 5135 839 5185 veteres
863 5128 971 5188 itinera
989 5127 1113 5203 planetis
1136 5131 1309 5200 aaranirica,
1340 5145 1418 5203 quaa
1440 5128 1535 5190 multo
1556 5131 1652 5207 major
1683 5130 1802 5191 ridetur
1824 5130 1874 5192 ir·
