4459 6275
894 794 1121 866 1616666666
1157 797 1227 853 rere
1244 792 1341 851 Prima
1727 792 1788 854 oti

433 970 563 1032 16616666
590 971 727 1048 obsunt,
757 972 827 1035 hine
848 977 934 1053 oopis
955 978 1095 1038 materiae
1117 979 1226 1054 616166,
1256 972 1327 1034 inde
1347 970 1478 1035 densitas
1503 973 1534 1030 ln
1555 969 1661 1032 eodem
1682 986 1791 1046 666666

434 1074 557 1136 oorpore
579 1061 693 1135 tnlnor,
715 1077 794 1137 6666
816 1070 861 1122 est
883 1065 1013 1123 omnium
1029 1067 1147 1143 optima
1169 1062 1317 1123 mediatio.
1362 1059 1547 1138 anlo'sell.
1571 1060 1625 1118 erit
1646 1057 1790 1119 86166666

433 1143 523 1206 611166
543 1144 639 1222 Jove,
667 1146 816 1226 susquipio
839 1150 1045 1227 ponderosior,
1067 1150 1218 1230 sesquipio
1239 1157 1271 1210 st
1290 1149 1400 1221 rarior,
1423 1163 1476 1207 eeu
1498 1145 1617 1225 Jupiter
1638 1144 1789 1223 susquipio

433 1228 569 1308 dendor3
591 1241 622 1294 11
642 1238 861 1312 temperatione
883 1240 1104 1316 proportionum
1127 1241 1223 1310 unies,
1246 1239 1301 1297 6611
1315 1236 1458 1297 Saturnus
1481 1230 1571 1312 duplo
1594 1231 1682 1293 altior
1703 1248 1791 1310 66616

432 1319 637 1398 ponderosior,
661 1322 751 1401 66616
773 1331 803 1384 61
824 1326 951 1402 amplior
972 1344 1060 1402 quarn
1083 1328 1182 1387 rarior.
1623 1386 1627 1398 ,

520 1406 605 1468 Idem
628 1412 717 1477 611616
736 1412 867 1471 amissis
886 1415 1083 1491 proportionis
1107 1411 1326 1474 intervallorum
1348 1408 1495 1469 stsbliitur
1516 1410 1712 1468 eoneinnitate
1734 1406 1791 1467 irso

432 1497 631 1572 pomnen
654 1504 687 1558 nt
700 1499 777 1560 stent
798 1502 934 1579 superius
948 1503 1023 1560 inter
1045 1500 1169 1561 duorum
1182 1500 1368 1579 planetarum
1389 1496 1547 1558 1616666116
1568 1514 1586 1556 a
1602 1494 1672 1556 6616
1691 1492 1787 1573 (verbi

425 1599 527 1643 66666
556 1585 616 1643 6161
641 1587 754 1658 1661,
785 1586 824 1646 ob
854 1586 1025 1648 facilitatem
1059 1583 1256 1664 numerorum)
1285 1583 1442 1646 statuenda
1470 1584 1587 1644 inerunt
1614 1582 1673 1643 duo
1695 1581 1793 1642 media

435 1669 670 1748 proportionalis
693 1675 723 1746 4,
749 1675 805 1747 16,
837 1674 946 1752 quippo
968 1676 1006 1736 ed
1029 1675 1197 1735 formandas
1219 1674 1294 1733 6666
1315 1671 1448 1733 residuas
1468 1671 1665 1731 dimensiones
1687 1686 1793 1746 eorpo-

432 1774 508 1829 rsrn,
531 1761 629 1819 61116
651 1776 773 1837 eorpora
795 1761 914 1837 quidem
936 1765 1002 1839 1666
1025 1765 1181 1840 globorum
1202 1760 1354 1822 mobilium
1377 1767 1476 1820 666661
1496 1760 1572 1818 inter
1592 1775 1625 1818 se
1648 1760 1737 1817 etism
1760 1765 1794 1816 ut

437 1849 451 1904 1
477 1843 518 1905 66
540 1846 592 1920 61,
614 1847 782 1924 superficies
805 1865 875 1909 vero
897 1849 1050 1927 globorum
1073 1859 1107 1910 ut
1132 1853 1148 1908 1
1173 1849 1211 1909 66
1237 1850 1284 1922 16,
1308 1847 1357 1908 rel
1379 1849 1400 1904 4
1423 1844 1460 1907 ad
1484 1847 1535 1918 61,
1559 1843 1792 1905 dirruelrldeni-

434 1949 493 2009 666
514 1932 673 1997 eorundem
695 1939 767 1994 611
793 1935 831 1995 ad
855 1938 875 1995 4
898 1937 946 1998 rel
970 1941 991 1997 4
1013 1940 1051 1999 ed
1078 1939 1117 1997 16
1140 1937 1188 1997 rei
1215 1937 1254 1995 16
1277 1934 1317 1996 66
1340 1935 1398 1993 611
1421 1935 1465 1993 616
1485 1948 1564 1993 6666
1586 1935 1661 1992 inter
1683 1948 1792 1992 eorun-

433 2018 502 2080 dn
524 2018 649 2081 duorum
670 2021 855 2099 planetarum
870 2024 1025 2085 intervalla
1047 2025 1149 2085 68616
1174 2027 1189 2082 1
1207 2043 1215 2081 r
1233 2024 1274 2082 61
1297 2028 1444 2081 statuetur
1465 2037 1556 2080 unum
1578 2018 1707 2080 medinm
1721 2035 1794 2098 pro-

432 2106 599 2185 portionis
623 2108 652 2182 6,
675 2111 784 2189 quippo
806 2111 845 2171 ed
867 2111 988 2189 pbysioe
1010 2112 1194 2173 formandam
1222 2113 1300 2169 intus
1329 2124 1483 2186 corporum
1513 2109 1685 2180 6661661666,
1717 2122 1793 2184 6666

434 2202 481 2256 661
502 2212 550 2255 666
572 2196 674 2269 661666
703 2205 737 2256 61
763 2200 807 2259 116
828 2214 941 2258 rursum
964 2202 1030 2278 ipse
1052 2199 1171 2276 quidem
1193 2197 1348 2275 globorum
1380 2198 1477 2274 spatia
1498 2197 1556 2256 sint
1578 2202 1611 2254 61
1637 2196 1651 2253 1
1677 2193 1715 2254 66
1741 2196 1791 2267 61,

434 2282 522 2359 eopia
544 2299 614 2343 sero
636 2286 775 2346 meterius
799 2294 828 2346 et
846 2286 933 2349 elmul
956 2289 1059 2347 raritas
1075 2289 1105 2346 ln
1120 2287 1226 2346 minori
1240 2284 1279 2345 66
1300 2283 1380 2343 illam
1403 2286 1433 2342 ln
1449 2283 1552 2360 majori
1575 2284 1613 2342 sit
1635 2280 1793 2341 611666
1840 2276 1843 2285 “

437 2369 486 2431 tei
511 2371 531 2429 8
554 2368 594 2431 66
617 2373 674 2430 ter
701 2388 758 2432 eeu
787 2377 933 2434 eentmrla
960 2375 1090 2436 densitas
1112 2382 1145 2435 61
1168 2375 1187 2432 6
1211 2372 1250 2432 66
1276 2376 1289 2430 1
1317 2370 1363 2431 661
1388 2369 1483 2430 6166
1507 2372 1536 2429 6.
1580 2370 1615 2428 16
1638 2369 1694 2429 1166
1716 2371 1794 2429 enim

433 2458 548 2518 ratione
571 2456 644 2517 nibil
667 2461 824 2537 66166666
847 2464 977 2535 interest,
1001 2461 1098 2540 666116
1119 2460 1225 2522 modus
1248 2460 1294 2531 611,
1317 2471 1378 2535 666
1397 2457 1591 2517 oondensetur
1613 2456 1661 2515 661
1678 2456 1794 2515 rareiist

434 2545 537 2623 611666
559 2545 754 2622 66666166116,
783 2564 854 2608 unm
877 2551 905 2607 in
929 2550 1049 2626 longum
1072 2557 1200 2623 1661666,
1231 2549 1380 2607 suetiam
1409 2546 1438 2602 16
1461 2544 1569 2617 iatum,
1597 2560 1636 2602 66
1667 2542 1794 2620 6661666

434 2635 463 2691 16
486 2648 590 2693 666666
612 2641 671 2694 1666
694 2633 898 2698 dimensiones.
943 2637 1099 2715 Proportio
1123 2637 1199 2697 enim
1221 2633 1386 2694 introductu
1408 2622 1579 2709 praeseribit
1600 2630 1730 2707 61166666
1753 2632 1795 2690 rel

434 2718 660 2782 eundenssndss
683 2723 808 2800 sopiam,
832 2724 1095 2785 661666166611111
1118 2724 1226 2784 diversi
1248 2717 1589 2786 6666666611661616661,
1614 2719 1700 2794 eopia
1715 2734 1796 2776 sem·

435 2825 486 2886 per
509 2806 615 2869 66666
636 2816 781 2869 manente
827 2812 872 2871 lix
893 2812 940 2872 lris
963 2814 1051 2890 igitur
1072 2813 1224 2890 prineipiis
1242 2810 1268 2869 61
1285 2815 1487 2884 computemus
1510 2805 1670 2867 densitates
1691 2804 1796 2882 plene·

436 2897 578 2955 turiurum
600 2913 770 2974 eorporum,
801 2903 936 2975 66666116
959 2917 1074 2978 semper
1095 2899 1193 2959 medio
1215 2894 1425 2975 proportionali
1448 2897 1524 2954 inter
1547 2895 1680 2952 blnorum
1702 2894 1796 2952 inter·

437 2982 517 3044 66116
538 3000 559 3043 6
579 2982 668 3059 8616,
698 3001 751 3045 seu
773 2991 938 3049 aoeurstius
960 2991 1035 3049 inter
1057 2989 1189 3048 binarum
1211 2984 1401 3062 sphaerarum
1424 2997 1475 3042 seu
1499 2982 1658 3041 orbitarum
1681 2978 1795 3039 disme-

436 3078 513 3144 troe,
541 3073 670 3131 numeris
696 3075 832 3133 omnibus
862 3074 987 3153 denique
1015 3074 1052 3136 66
1076 3090 1259 3135 communem
1282 3070 1410 3148 61166616
1431 3067 1589 3128 rotundum
1616 3068 1794 3143 comparetis

437 3167 466 3220 et
489 3157 636 3219 reductis:
659 3161 804 3238 prodeunt
826 3167 937 3224 numeri
961 3166 1019 3237 isti,
1042 3165 1093 3240 661
1108 3170 1270 3239 sequuntur
1292 3162 1321 3218 in
1337 3157 1455 3231 tabella,
1480 3174 1545 3216 oum
1567 3158 1675 3234 quibtn
1697 3157 1796 3214 166661

437 3250 654 3308 mordentes
674 3251 864 3326 proportione
886 3255 1025 3312 materias
1045 3258 1195 3312 terrestres
1213 3250 1301 3327 juxto
1324 3247 1450 3323 positus,
1474 3261 1563 3320 quam
1585 3246 1733 3322 proxime:
1765 3250 1797 3300 ut

437 3333 538 3395 ridere
561 3343 607 3395 eet
629 3336 659 3393 iu
681 3353 747 3396 meo
768 3334 843 3398 libro
864 3340 1005 3400 teutonici
1028 3338 1190 3413 idiomatis,
1213 3351 1300 3414 quern
1322 3350 1400 3394 6666
1428 3334 1508 3391 1616
1531 3332 1635 3409 6661661
1657 3329 1694 3391 de
1715 3344 1795 3408 pon·
1869 3349 1876 3372 ·

437 3419 558 3483 teribus
581 3429 612 3483 et
632 3425 782 3485 mensuris
828 3432 887 3490 (66.
906 3433 965 3486 vor.
984 3433 1016 3486 v.
1040 3449 1064 3498 6.
1083 3429 1160 3499 sos.)

804 3523 938 3580 86166666
1008 3524 1058 3581 621
1096 3523 1225 3580 0666666
1243 3520 1404 3575 6661661666

801 3600 911 3669 Jupiter
1006 3603 1058 3659 168
1093 3600 1231 3669 Magnetis
1248 3597 1334 3667 Lapis

803 3680 879 3738 itere
1005 3681 1058 3736 810
1091 3680 1207 3735 Ferrum

803 3756 899 3812 Tellus
990 3760 1056 3815 1000
1091 3760 1241 3825 Argentum

802 3836 896 3891 Venus
991 3837 1057 3892 1175
1094 3834 1238 3891 Plumbnnt

803 3916 953 3971 llereurius
990 3917 1057 3973 1605
1093 3914 1295 3985 Hydrnrgyruur

478 4081 480 4087 .
527 4021 568 4084 Ut
588 4040 700 4098 eurum,
724 4023 809 4101 errjus
831 4024 962 4085 densitas
986 4027 1014 4084 16
1038 4026 1095 4085 bae
1116 4026 1304 4103 proportione
1327 4031 1373 4083 est
1398 4024 1481 4082 1800
1504 4022 1552 4083 661
1581 4024 1679 4095 1900,
1702 4038 1795 4081 reser-

437 4129 544 4174 reruus
566 4109 639 4170 8611.

527 4199 633 4277 Quom
653 4196 783 4273 66616166
812 4203 921 4260 statuta
948 4218 1008 4260 eser
1033 4201 1262 4277 proportionem
1291 4197 1515 4274 mopnitudt'ns's
1542 4199 1622 4255 inter·
1643 4202 1703 4255 tres
1724 4198 1797 4254 16166

435 4289 622 4366 6666616666
642 4284 753 4344 mundi
774 4290 918 4363 repionee,
941 4290 1180 4365 1616666611661,
1203 4288 1238 4345 16
1252 4303 1313 4362 quo
1329 4285 1391 4357 861,
1413 4288 1549 4360 epatium
1571 4301 1624 4342 sen
1641 4287 1796 4360 ropionenr

437 4374 606 4449 6666111666,
629 4379 658 4432 st
677 4376 813 4449 66611666
835 4378 926 4435 totius
947 4376 1125 4436 6666616666
1145 4377 1297 4449 66616666
1310 4391 1332 4431 6
1345 4374 1481 4450 morum
1503 4372 1633 4449 6616666
1647 4375 1797 4431 16666166-

437 4463 530 4522 tum?
553 4460 615 4520 Etsi
638 4458 676 4520 ad
694 4458 879 4523 altitudinem
901 4463 1024 4523 fixarum
1040 4460 1290 4523 determinandam
1312 4477 1349 4521 ne
1363 4460 1517 4536 Coperniei
1533 4457 1653 4535 6616666
1668 4462 1798 4519 66116666

438 4547 625 4610 obseruando
648 4549 830 4625 pertingunt,
863 4552 904 4609 116
927 4559 960 4611 61
981 4551 1035 4611 1116
1058 4550 1193 4609 rideatur
1214 4547 1345 4608 infinitae
1367 4547 1487 4619 similis,
1517 4548 1626 4624 661666
1647 4546 1686 4606 66
1708 4564 1797 4623 quam

439 4646 533 4698 toturn
549 4634 735 4696 intervallum
759 4639 834 4697 inter
848 4638 948 4698 861666
972 4646 1002 4699 61
1016 4637 1173 4709 Tellurem,
1196 4634 1276 4713 quod
1295 4634 1408 4712 Judleio
1424 4642 1554 4694 soterum
1575 4635 1665 4707 1600,
1689 4636 1797 4693 6661616

438 4741 509 4787 vero
532 4722 696 4783 rationibus
719 4725 804 4784 6160
827 4724 1059 4787 semidiametros
1081 4725 1161 4802 globi
1177 4723 1304 4784 Telluris
1319 4721 1529 4801 complectitur,
1553 4728 1597 4780 est
1612 4720 1796 4780 insensibile:

438 4815 515 4873 66116
546 4818 644 4870 lernen
674 4812 787 4887 6666116
818 4814 954 4873 insistens
983 4814 1115 4889 66611ςὶ16
1137 4813 1227 4872 etiem
1257 4810 1296 4871 ed
1317 4809 1394 4871 inane
1417 4826 1511 4887 66666
1540 4807 1721 4886 pervadendi
1744 4825 1796 4867 se·

439 4902 540 4961 mitem
564 4899 668 4975 sperit

529 4989 575 5046 Ae
596 4985 681 5045 161116
701 4986 915 5062 respiciendum
939 4994 984 5047 eet
1006 4988 1092 5047 nobis
1113 4985 1152 5046 ad
1173 4983 1340 5063 exemplum
1362 4983 1489 5045 Telluris
1511 4985 1684 5059 urbiumque
1694 4981 1797 5041 Lunae

439 5083 468 5137 61
483 5073 573 5147 86116,
596 5073 668 5151 quia
689 5073 780 5133 totius
801 5074 900 5133 mnndi
922 5076 1126 5153 proportiones
1147 5090 1182 5134 us
1197 5073 1305 5133 Tenes
1320 5073 1445 5151 propriis
1466 5071 1703 5149 proportionibus
1717 5068 1798 5129 dori·

440 5170 563 5233 rantur,
594 5170 624 5222 et
650 5163 731 5238 regio
758 5178 795 5220 ex
825 5163 916 5222 tribus
944 5162 1025 5236 hisee
1049 5162 1219 5238 eorporibus
1246 5176 1406 5236 eorumque
1428 5160 1562 5220 cursibus
1584 5156 1730 5233 descripte
1750 5163 1799 5216 est

440 5249 563 5329 quidsrn
585 5250 672 5328 66661
693 5265 803 5329 parvus
825 5250 958 5315 mundus.
1002 5248 1077 5310 11616
1100 5248 1181 5327 6666
1203 5248 1255 5310 861
1277 5255 1322 5309 est
1343 5248 1373 5306 in
1400 5248 1518 5325 regione
1540 5247 1663 5308 fixemm
1686 5243 1797 5320 06666-
