4459 6275
816 758 821 765 ¹
889 772 1118 846 ilbarilntrtua
1153 776 1340 841 lanterna
1725 789 1786 851 391

434 956 537 1018 nacte
559 953 618 1016 duo
640 955 707 1032 ista,
733 954 764 1033 1)
787 953 893 1021 modus
913 957 1095 1019 incitationis
1118 957 1275 1034 copularis,
1299 954 1331 1039 t)
1352 957 1459 1023 modus
1478 963 1719 1038 eccenuicitetis,
1743 979 1794 1026 ee¹

434 1043 602 1107 mntridtes
623 1049 723 1106 maren
743 1044 876 1121 praecise
899 1043 998 1107 deleat
1019 1046 1221 1108 incitationem
1243 1046 1272 1104 in
1297 1046 1404 1124 copule
1426 1063 1580 1126 apogsea,
1610 1048 1741 1127 duplicet
1762 1053 1793 1111 in

433 1133 584 1209 perigaea,
607 1129 637 1190 id
659 1133 780 1207 inquam
802 1130 972 1192 adhucdum
994 1148 1053 1192 nou
1076 1135 1160 1208 potui
1183 1134 1372 1210 investigare.

525 1217 630 1296 Ωιιαηι
651 1218 749 1279 tradis
770 1237 897 1281 cuasam
916 1220 1109 1296 probabilem
1132 1229 1237 1283 ιαιιιαι
1259 1222 1419 1307 cebriwbr
1441 1222 1583 1297 wadum
1599 1224 1794 1303 limitemque

436 1305 565 1382 Μαι,
586 1310 614 1367 ri
632 1309 860 1383 primariorum
879 1308 1081 1383 planetarum
1103 1308 1223 1385 apsides
1242 1317 1271 1367 et
1292 1310 1401 1371 limites
1421 1317 1493 1368 erent
1511 1311 1794 1388 incomparabiliter

432 1393 608 1457 tardiores?
628 1393 772 1459 Nimirum
796 1395 843 1454 hic
865 1412 984 1472 qnoque
1006 1397 1183 1473 conspicuus
1206 1395 1337 1458 redditur
1359 1398 1479 1457 effectus
1494 1399 1714 1475 compositionis
1730 1402 1793 1461 vir-

432 1489 532 1545 tutum
552 1483 743 1545 materiarum
766 1482 877 1545 Lunae.
913 1482 998 1544 Sient
1020 1484 1096 1545 enirn
1121 1486 1151 1543 in
1174 1484 1375 1561 superioribus
1398 1485 1458 1541 vim
1480 1484 1643 1561 simplicem
1665 1483 1793 1547 Telluris

434 1576 661 1648 attemperatum
682 1586 748 1631 esse
770 1569 897 1631 diximus
918 1569 957 1633 ad
978 1587 1116 1633 numeros
1132 1571 1329 1646 harmonicas,
1353 1572 1382 1629 in
1397 1569 1577 1633 revolvendo
1593 1573 1713 1651 quidem
1727 1591 1793 1635 cor-

433 1675 508 1736 pore
529 1656 639 1719 Terrae
661 1658 769 1719 mecum
793 1675 878 1723 anem
901 1657 939 1723 ad
962 1659 1026 1718 360
1050 1656 1113 1719 dics
1134 1659 1291 1736 periectos,
1314 1661 1343 1719 in
1366 1658 1592 1735 circumagenda
1614 1678 1685 1721 voro
1707 1661 1794 1723 Luna

434 1747 515 1807 circe
524 1742 651 1809 Terram
673 1742 713 1805 ed
731 1748 769 1805 12
793 1745 925 1821 praecise
947 1762 1063 1806 menses
1086 1748 1115 1804 in
1138 1764 1198 1809 nno
1219 1765 1306 1822 anno,
1329 1763 1382 1809 seu
1396 1747 1567 1808 reversione
1580 1750 1671 1809 cenni
1686 1748 1795 1811 Terrae

435 1834 516 1895 circa
535 1830 652 1894 Solem:
681 1833 725 1895 sie
754 1834 946 1899 nuncetiam
978 1832 1109 1895 dicemus
1132 1835 1162 1893 in
1185 1835 1375 1899 inclinatione
1397 1837 1633 1910 etrestitntiene
1656 1836 1794 1898 fibrarum
1837 1896 1839 1900 ,

435 1919 550 1995 lanae,
573 1926 605 1983 et
626 1920 733 1996 quinus
754 1919 873 1987 libratio
896 1927 926 1982 et
948 1921 1055 1996 quibus
1075 1921 1241 1985 latitudinis
1256 1922 1434 1985 deflexiones
1449 1921 1646 1998 perficiuntur,
1669 1940 1794 2002 propor-

435 2009 516 2071 tione
539 2005 643 2069 eedam
665 2011 876 2085 attemperetas
898 2024 964 2068 esse
985 2011 1066 2071 vires
1087 2027 1188 2083 earum
1210 2009 1358 2088 simplices
1381 2008 1419 2069 ed
1441 2008 1638 2091 prolixitatem
1655 2014 1794 2090 temporis

435 2094 540 2173 banse
569 2093 726 2172 periodici,
757 2112 833 2173 quea
865 2095 1024 2157 observata
1050 2097 1106 2161 luit
1133 2101 1175 2162 iu,
1191 2098 1320 2175 planetis
1349 2098 1463 2161 ceteris.
1509 2096 1592 2159 Sicut
1613 2117 1684 2159 vero
1705 2116 1796 2177 snpra

434 2189 555 2262 propter
584 2183 782 2247 accmsionem
812 2181 976 2260 enmono
1005 2201 1042 2245 ex
1064 2183 1133 2247 Sole
1157 2193 1216 2247 tam
1239 2185 1277 2247 ad
1299 2185 1421 2262 globum
1444 2183 1552 2246 Tenue
1575 2187 1792 2261 turbinendnm,
1824 2219 1827 2233 =

434 2288 527 2349 anem
555 2268 594 2331 ad
621 2269 739 2331 Lunam
765 2269 1032 2347 circumagendam,
1067 2273 1176 2333 turbati
1207 2273 1324 2337 inerunt
1355 2276 1383 2332 in
1408 2272 1518 2339 ,effectu
1548 2273 1652 2336 nidmu
1681 2278 1794 2337 numeri
1852 2277 1855 2282 '

435 2357 619 2435 archetypici
647 2355 692 2438 (ut
718 2375 771 2435 pro
800 2357 990 2421 illiderent
1013 2359 1075 2419 365
1100 2377 1166 2420 cnm
1191 2360 1368 2436 quadrante,
1400 2369 1430 2423 et
1451 2376 1504 2436 pro
1531 2358 1795 2427 ieiunationibus

435 2448 465 2507 in
487 2461 567 2507 anno
600 2446 638 2505 12
662 2461 728 2506 cnm
759 2447 863 2509 triente
886 2441 1024 2524 circiter),
1052 2448 1095 2506 sic
1117 2464 1194 2507 nunc
1217 2450 1305 2511 etiam
1332 2456 1451 2524 propter
1477 2447 1610 2522 ejusdem
1641 2453 1792 2514 accelera·

435 2534 525 2597 tionis
547 2531 650 2595 Lunae
673 2536 836 2596 euctmium
858 2533 915 2607 boc
937 2550 973 2593 ex
995 2532 1209 2597 illuminatione
1232 2534 1327 2597 Solari
1351 2535 1399 2608 fit,
1423 2542 1455 2593 nt
1476 2537 1558 2611 prius
1583 2536 1669 2598 Luna
1691 2541 1793 2599 renim

435 2619 475 2685 ed
496 2621 591 2683 latera
613 2620 712 2682 media
733 2623 872 2683 circuitus
886 2621 943 2694 sni,
966 2637 1056 2697 quern
1071 2620 1162 2686 librae
1174 2623 1257 2700 justo
1273 2621 1393 2685 modulo
1409 2620 1567 2684 inclinatae
1582 2633 1668 2698 sunt,
1694 2627 1795 2703 itaque
1835 2643 1840 2659 ’

434 2708 502 2777 lacn
517 2707 710 2787 profundiori,
735 2727 824 2786 quem
839 2715 953 2785 quante
967 2715 1012 2771 est
1027 2719 1134 2784 qnmte
1149 2727 1216 2786 pars
1233 2710 1270 2775 air
1285 2709 1398 2786 apside,
1422 2708 1495 2771 libra
1511 2711 1540 2767 iu
1552 2708 1653 2771 Solem
1665 2721 1795 2789 spectata

435 2813 495 2874 aab
517 2795 597 2861 tacto
621 2798 879 2875 tranepositionem
902 2794 1038 2872 apsidum
1060 2795 1123 2859 lieri
1144 2797 1241 2874 snpra'
1256 2795 1478 2863 inculcavimus.
1523 2795 1700 2860 Ssusibilem
1725 2817 1795 2862 vero

434 2882 596 2951 mmodnm
617 2901 671 2961 par
693 2891 739 2949 est
760 2901 825 2946 esse
848 2885 1104 2961 transpositionem
1128 2884 1204 2945 hanc
1226 2884 1377 2961 apsidam,
1400 2885 1634 2961 qniasensibiie
1656 2896 1701 2950 est
1723 2887 1796 2949 illud

435 2973 612 3045 naariam,
634 2987 675 3033 sc.
698 2971 758 3033 iere
777 2974 814 3035 11
832 2971 992 3048 paduam,
1016 2972 1157 3035 minorem
1180 2980 1277 3037 nmen
1301 2973 1386 3046 benc,
1410 2970 1441 3033 id
1465 2978 1510 3033 est
1532 2975 1619 3032 trium
1641 2973 1795 3052 graduum,

434 3058 526 3140 paule
554 3057 638 3138 plus,
665 3060 696 3119 ia
726 3076 843 3123 meum:
879 3055 1000 3139 liquis
1031 3056 1074 3117 illi
1102 3057 1211 3136 gradus
1238 3061 1393 3138 potissime
1415 3067 1499 3138 parte
1521 3062 1743 3122 accumulentur
1764 3065 1795 3123 in

434 3147 565 3226 capelia,
595 3145 688 3214 librae
717 3165 788 3210 vero
817 3149 882 3210 eine
912 3147 1084 3225 copularum
1113 3156 1248 3224 respectu
1276 3148 1432 3225 plurimum
1455 3146 1634 3209 inclinentur
1655 3158 1686 3211 et
1707 3150 1796 3213 recli-

434 3242 542 3304 nantur
563 3237 594 3296 in
608 3233 844 3312 longitudinibus
862 3234 975 3309 mediis,
999 3236 1100 3311 itaque
1115 3235 1318 3312 utplurimum
1334 3237 1372 3299 eb
1388 3235 1514 3317 invicem
1529 3236 1667 3300 aberrant
1680 3256 1794 3316 aequa-

433 3322 506 3384 lium
536 3325 739 3384 numeratione
767 3321 911 3400 graduum
942 3323 1145 3392 affectationes
1176 3324 1304 3400 (quoin
1333 3323 1413 3386 nodo
1441 3324 1602 3386 verisimile
1629 3333 1676 3397 est
1696 3325 1795 3388 adhuc

436 3409 551 3489 ιιίιιιιιιι
571 3409 705 3476 abditum
727 3410 862 3485 haerere,
887 3411 971 3487 enjus
993 3411 1178 3485 ignoratione
1200 3410 1267 3485 bat,
1301 3419 1333 3471 nt
1356 3411 1458 3478 Lanae
1481 3420 1579 3474 motus
1601 3412 1732 3475 nondum
1755 3415 1793 3475 ad

434 3496 606 3588 scrupulum
636 3500 733 3566 essen
762 3500 838 3572 tint,
871 3515 909 3563 ue
937 3500 967 3557 iu
989 3496 1139 3575 'l'yohonis
1169 3497 1288 3575 quidem
1316 3497 1461 3576 calculo);
1495 3497 1526 3579 t)
1549 3502 1620 3578 qnia
1642 3502 1794 3564 inclinatio

435 3588 575 3656 ibrmam
597 3602 657 3648 uon
680 3593 794 3654 notum
817 3587 1004 3662 praevenitur
1025 3585 1091 3648 loeo
1116 3593 1146 3648 et
1168 3594 1308 3664 tempore,
1332 3586 1384 3649 sed
1397 3589 1495 3667 ¹stiam
1511 3591 1678 3664 quantitate
1700 3590 1740 3650 ob
1764 3588 1795 3649 id

435 3678 533 3754 ⁹seeum
555 3671 706 3740 multetur.
743 3672 776 3736 Si
799 3674 877 3738 enim
899 3672 1011 3734 tardius
1033 3674 1201 3736 incussisset
1215 3674 1309 3748 Lena,
1333 3674 1380 3737 vel
1398 3676 1422 3734 si
1440 3681 1521 3736 unte
1536 3676 1619 3737 fieret
1633 3669 1794 3737 etiamnum

434 3762 573 3830 ibrmnm
595 3760 747 3824 numano
770 3764 799 3824 in
823 3760 909 3822 Luna
931 3760 1104 3834 accelerata,
1128 3769 1240 3838 qumis
1261 3762 1358 3827 intare
1381 3756 1485 3823 luisset
1499 3753 1536 3822 'iu
1561 3761 1654 3836 tarde,
1677 3763 1796 3841 longius

434 3852 526 3918 ιιιιιιι
555 3846 674 3926 apsides
706 3853 971 3926 nausponerentur.
1018 3848 1058 3909 Αι
1087 3847 1120 3908 fit
1149 3848 1363 3912 acceleratione
1386 3846 1502 3922 Lunae,
1537 3858 1569 3909 ut
1596 3850 1671 3911 fibra
1693 3846 1797 3917 oinct

434 3936 499 4002 Soli
521 3938 618 4014 prius,
642 3953 731 4013 ouant
754 3935 792 4000 ad
812 3936 925 4013 justum
948 3936 1148 4000 inclinationis
1169 3935 1335 4010 modulum,
1359 3931 1539 4014 originaliter
1561 3938 1620 3999 sibi
1641 3939 1792 4011 tributum,

433 4025 597 4106 ρηιιιιςιιιι
628 4041 753 4101 querum
775 4041 869 4088 rernm
892 4024 1083 4100 permixtione
1106 4019 1154 4097 lit,
1186 4031 1217 4083 ut
1240 4027 1313 4088 iuter
1334 4023 1407 4090 nibil
1429 4024 1478 4085 vel
1493 4025 1683 4099 insensibile,
1714 4025 1795 4102 qued

434 4119 516 4180 uest
536 4115 602 4176 sine
624 4110 837 4176 wooleratione
860 4111 977 4185 ianuae,
1007 4118 1036 4174 et
1058 4112 1132 4172 inter
1160 4107 1231 4185 110,-
1258 4128 1334 4189 qnos
1356 4120 1494 4174 causatur
1516 4113 1708 4186 acceleratio,
1731 4130 1795 4174 me·
1887 4187 1889 4196 Ι

434 4201 518 4264 dium
538 4198 661 4278 aliquid,
686 4198 749 4264 scil.
775 4195 856 4281 3¹),0
877 4200 905 4258 in
928 4197 1064 4275 apsidum
1086 4203 1198 4260 motum
1222 4197 1374 4264 redundet.
1412 4198 1524 4261 Eadem
1546 4200 1625 4261 dicta
1648 4206 1736 4260 sunto
1760 4197 1797 4260 de

436 4289 575 4356 fibrarum
606 4285 772 4350 latimdlnis
802 4284 977 4363 impulsione
1007 4302 1059 4354 sen
1082 4285 1290 4352 reclinationee
1304 4284 1306 4287 ’
1322 4286 1424 4350 debuit
1446 4291 1523 4348 enim
1547 4306 1583 4349 ea
1606 4304 1671 4349 esse
1694 4288 1795 4348 insen

434 4374 549 4449 sibilis,
578 4380 613 4436 ut
640 4375 670 4433 in
697 4373 824 4451 planetis
853 4374 1013 4450 primariis,
1042 4374 1068 4435 ei
1089 4373 1176 4436 Luna
1203 4383 1237 4434 ut
1261 4376 1393 4453 primarii
1421 4375 1548 4452 simplici
1577 4378 1607 4436 vi
1641 4377 1793 4436 incessere
1820 4411 1825 4422 ι

436 4464 551 4530 bisen.
592 4460 633 4532 et
654 4463 726 4538 anis
748 4462 956 4526 acceleretoria
979 4463 1034 4535 ris,
1057 4464 1268 4538 superveniens
1282 4462 1396 4541 Lunae,
1418 4464 1574 4526 nannete
1597 4469 1642 4526 est
1662 4460 1716 4522 11ο
1733 4462 1793 4524 lere

435 4545 631 4628 longitudinis
654 4549 768 4625 edoctu,
791 4566 878 4625 quea
900 4552 925 4612 ei
949 4557 1012 4609 toto
1035 4549 1148 4616 ambitu
1169 4550 1250 4630 libris
1272 4550 1436 4616 ladtudinis
1460 4550 1648 4624 incumberet,
1671 4548 1738 4612 illae
1760 4557 1794 4609 ut

437 4643 541 4702 onuba
562 4653 595 4700 se
616 4652 676 4699 aon
698 4638 825 4702 manitas
843 4638 925 4698 totis
951 4632 1006 4700 11ο
1028 4634 1196 4711 reclinaret,
1232 4637 1283 4700 ilie
1305 4637 1393 4704 libras
1415 4645 1503 4703 nacte
1525 4643 1638 4698 tantnnr
1659 4638 1690 4698 isi
1711 4636 1794 4698 brni-

437 4727 518 4787 tibur
546 4724 602 4783 sibi
632 4724 792 4800 obnoxias,
824 4742 883 4788 uuo
912 4731 1011 4792 umen
1032 4722 1127 4801 meda
1152 4740 1217 4792 cum
1239 4727 1362 4790 semisse
1383 4726 1505 4789 reclinat
1527 4725 1558 4786 in
1580 4740 1640 4786 nna
1662 4722 1795 4803 periodo,

438 4830 529 4891 anam
549 4809 770 4878 reclinationem
794 4814 928 4891 seqnitur
949 4813 1115 4891 praecessio
1137 4812 1272 4880 limitum.

525 4897 726 4964 Veruntamen
756 4917 822 4963 anm
850 4900 887 4964 de
917 4898 1132 4977 quantitatibus
1161 4909 1191 4966 et
1218 4902 1405 4979 proportione
1428 4900 1562 4962 binorum
1584 4899 1705 4960 istorum
1728 4913 1795 4957 mo·
1886 4926 1888 4930 Α

438 4995 541 5062 tuum,
571 4985 664 5050 alitro
687 4986 839 5064 tacidum,
862 4986 955 5050 altaro
978 4985 1103 5053 limitum
1126 4986 1244 5063 Lunae,
1268 4996 1381 5051 oonsmt
1404 4994 1507 5050 exacte
1529 5004 1565 5050 ex
1588 4986 1795 5048 observatione

438 5081 483 5142 tet
501 5074 567 5151 jaan
587 5071 763 5149 seculorum,
786 5083 920 5154 superest
942 5076 1101 5138 etiamnum
1122 5073 1207 5140 leons
1229 5078 1357 5153 ingenio.
1396 5074 1471 5136 Nem
1494 5076 1545 5152 qul
1569 5089 1674 5137 censes
1691 5070 1794 5136 buum

437 5179 536 5226 rmum
557 5160 633 5226 telae
654 5162 801 5235 attulerit,
824 5171 857 5228 nt
880 5181 916 5226 ex
939 5164 975 5221 iis
996 5168 1137 5238 sequatur
1158 5164 1232 5228 baec
1254 5166 1319 5243 ipsa
1340 5163 1507 5246 numitor,
1532 5164 1557 5223 ir
1580 5175 1694 5222 carrum
1717 5159 1794 5222 cirea

438 5256 550 5322 w
580 5256 659 5340 teet
703 5250 739 5320 ld
765 5257 848 5322 laub
873 5251 969 5334 nteit
996 5250 1089 5320 nuti
1117 5248 1225 5324 debon
1251 5249 1437 5336 philosophi,
1467 5249 1549 5329 qaod
1573 5248 1659 5316 buna
1680 5254 1795 5326 praeut
