4459 6275
521 774 583 833 164
1021 762 1164 837 Epitomes
1181 760 1372 823 Aruouomiae

517 944 591 1005 nibil
622 951 666 1005 est
694 947 862 1005 extremitas
887 944 988 1005 mundi
1020 947 1077 1006 nisi
1100 944 1253 1023 sphaerica
1274 942 1457 1021 superficies,
1486 960 1578 1021 quae,
1604 944 1634 1003 lu
1664 950 1811 1021 quantum
1834 950 1875 1003 art

519 1032 630 1111 tigruae
646 1034 812 1093 mundanae
835 1035 1012 1107 extremitas,
1036 1036 1116 1092 omni
1139 1042 1218 1092 caret
1240 1031 1378 1092 efficacia.

606 1120 720 1197 Proba,
743 1139 839 1197 neque
863 1121 1006 1181 uiolentia
1029 1129 1129 1181 motus
1158 1119 1312 1179 mundani
1333 1122 1434 1179 euasti
1461 1122 1573 1195 qraoio
1595 1121 1630 1179 iu
1651 1116 1801 1177 medium.
1844 1116 1875 1177 le

517 1213 602 1267 motu
626 1208 759 1267 circulari
782 1206 912 1268 violento
935 1209 961 1265 si
984 1216 1170 1284 quapetuut
1191 1206 1320 1267 medium
1342 1207 1431 1266 totius
1454 1208 1496 1265 rei
1519 1206 1652 1279 mobilis,
1683 1204 1739 1265 illa
1763 1212 1876 1282 oportet

519 1311 585 1354 esse
608 1293 722 1355 leviora
744 1312 774 1355 re
798 1297 862 1371 ipsa
884 1303 973 1367 mota,
999 1304 1030 1354 ut
1052 1297 1082 1353 in
1105 1294 1267 1353 vorticibus
1281 1292 1363 1370 ligna
1384 1300 1415 1353 et
1428 1292 1534 1369 paleae
1556 1300 1625 1351 sunt
1638 1292 1765 1367 leniora,
1789 1308 1874 1369 quant

517 1391 564 1442 est
586 1399 665 1458 aqua
688 1385 753 1458 ipsa
775 1392 872 1442 rotata
894 1385 923 1439 iu
946 1399 1064 1460 gyrum3
1087 1383 1129 1441 ibi
1151 1397 1277 1457 namque
1296 1380 1391 1455 major
1412 1398 1430 1440 a
1452 1381 1598 1440 rotatione
1620 1380 1654 1439 m
1676 1382 1836 1457 impressio
1848 1380 1875 1440 le

517 1486 624 1546 eorpus
649 1487 756 1546 aquae,
778 1469 858 1545 quod
881 1472 1001 1545 gravium
1024 1474 1077 1543 est,
1101 1475 1134 1528 ut
1157 1469 1266 1545 impetu
1288 1475 1355 1527 ruat
1377 1476 1407 1527 et
1429 1465 1630 1527 rectitudinem
1659 1466 1805 1527 affectans
1826 1482 1876 1525 er·

519 1560 590 1616 tima
612 1555 715 1616 circuli
736 1563 818 1633 petat
840 1566 1029 1634 centrumque
1059 1555 1150 1616 veluti
1173 1556 1342 1627 exlrauriut‚
1373 1571 1432 1632 quo
1455 1555 1533 1614 lacto
1564 1554 1678 1614 leviora
1705 1556 1875 1625 innatantia,

518 1661 585 1703 cum
613 1652 731 1721 propter
753 1646 894 1704 minorem
916 1646 1138 1721 impressionem
1161 1650 1258 1701 motus
1280 1645 1309 1699 in
1332 1645 1397 1718 ipsa
1412 1642 1626 1719 tardioremque
1650 1650 1765 1701 motum
1786 1639 1875 1702 deril-

517 1739 637 1791 tuuntur
659 1739 688 1791 et
710 1732 748 1791 ab
773 1734 858 1808 aquis
881 1732 1078 1792 velocioribus
1100 1733 1256 1789 introrsum
1278 1729 1466 1805 repelluntur,
1490 1732 1656 1789 tumetium
1678 1736 1802 1807 propter
1823 1727 1874 1789 da·

517 1818 678 1878 elle-itatem
701 1821 790 1879 centri
814 1820 843 1876 in
867 1819 994 1879 medium
1016 1818 1189 1879 naturaliter
1211 1816 1343 1875 inlinunt.
1388 1816 1427 1875 ne
1449 1819 1476 1874 si
1499 1819 1635 1893 ponimus
1663 1816 1808 1877 mundum
1829 1832 1874 1877 ro-

517 1908 578 1979 tari,
604 1909 632 1963 in
657 1922 715 1983 qno
739 1914 782 1965 est
806 1923 877 1965 aura
899 1908 1036 1967 aetberea
1058 1913 1088 1965 et
1109 1921 1232 1981 corpora
1252 1921 1304 1980 per
1327 1904 1409 1963 illum
1425 1905 1561 1967 errantia,
1584 1902 1677 1964 Terra
1692 1906 1799 1981 utiquo
1820 1920 1874 1963 nou

516 1996 570 2052 erit
592 1992 686 2053 levior
708 2010 780 2052 aura
803 1993 947 2054 aetherea.
992 1993 1071 2052 Nibil
1095 1994 1184 2069 igitur
1202 1993 1343 2061 inriserit
1366 1994 1459 2052 motui
1474 1991 1574 2050 mundi
1598 1988 1732 2052 uiolento
1754 1994 1786 2051 ln
1802 1990 1874 2053 'ler-

518 2097 581 2138 ram
604 2090 633 2139 et
656 2081 767 2157 gravia,
792 2087 824 2138 ut
847 2082 877 2139 in
900 2087 1029 2141 centrum
1053 2080 1105 2139 illa
1129 2079 1273 2140 detrudat.

604 2167 647 2224 Ex
671 2167 795 2226 adverso
818 2166 894 2228 solet
916 2178 1013 2227 motus
1036 2167 1193 2241 violentus,
1216 2166 1360 2226 borirouti
1383 2162 1551 2241 parallelus,
1574 2183 1641 2225 eum
1656 2168 1762 2242 gravia
1786 2168 1873 2227 corn·

517 2256 589 2331 puit,
615 2256 735 2313 incitare
758 2254 825 2333 illa,
847 2258 872 2314 si
895 2255 992 2315 solnta
1015 2274 1033 2314 a
1053 2261 1120 2314 rota
1141 2254 1265 2327 luerint,
1296 2265 1327 2311 et
1350 2255 1379 2310 ln
1402 2254 1511 2311 lineam
1540 2262 1650 2313 rectam
1673 2272 1692 2314 a
1723 2254 1874 2315 circumla-

517 2343 611 2399 rentia
633 2339 733 2400 ctrculi
757 2351 900 2402 excutere.
946 2342 1052 2418 Quare,
1075 2345 1102 2402 si
1125 2341 1266 2402 violentia
1280 2348 1378 2399 motus
1394 2338 1533 2398 mundani
1555 2340 1736 2401 redundaret
1757 2344 1790 2400 iu
1804 2339 1874 2401 'l'er-

425 2430 427 2435 '
515 2443 579 2486 ram
602 2436 631 2487 et
652 2430 764 2503 gravia,
788 2432 886 2505 potius
910 2429 961 2488 illa
984 2448 1003 2489 a
1025 2427 1122 2489 medio
1145 2429 1263 2504 ejiceret
1286 2443 1387 2487 versus
1401 2435 1546 2503 extremm
1570 2427 1662 2488 'l'erra
1684 2430 1765 2489 enim
1786 2444 1873 2507 grans

517 2531 623 2591 eorpus
647 2533 711 2574 esse
733 2516 858 2591 ponitur.
909 2515 1010 2590 Adde,
1040 2516 1119 2592 quod
1147 2517 1172 2574 si
1201 2522 1298 2573 motus
1329 2514 1449 2574 diurnus
1479 2516 1588 2575 inesset
1609 2518 1665 2575 toti
1691 2515 1822 2589 mundo,
1852 2516 1874 2575 le

516 2602 663 2661 violentus
685 2601 742 2661 dici
766 2620 824 2663 non
847 2614 956 2680 posset,
980 2622 1046 2664 cunr
1068 2612 1187 2680 propter
1209 2605 1448 2678 perpetuitatem,
1472 2608 1534 2661 tum
1548 2604 1639 2662 etiam
1660 2612 1784 2681 propter
1804 2605 1873 2663 aim·

515 2688 693 2764 plicitatem,
726 2707 792 2749 cum
816 2692 922 2767 quibus
953 2692 1100 2751 violentus
1124 2700 1220 2749 metus
1243 2692 1345 2765 nequit
1367 2691 1534 2749 consistere.
1579 2688 1787 2751 Motus-enim
1810 2688 1874 2751 iden

517 2777 665 2837 violentus
688 2785 748 2851 est,
778 2781 847 2855 quin
871 2789 1014 2859 repugnat
1036 2777 1087 2837 ulii
1111 2779 1218 2849 motui,
1243 2779 1293 2853 qui
1316 2777 1458 2836 naturalis
1480 2784 1525 2839 est
1547 2780 1589 2836 rei
1610 2776 1730 2838 mobili:
1752 2794 1875 2855 corpora

519 2866 605 2937 enim,
630 2867 766 2941 imposita
788 2868 892 2925 vortiei
916 2866 962 2926 vel
975 2874 1066 2939 rotae,
1089 2866 1263 2941 gravitatem
1285 2864 1403 2936 liabent,
1428 2880 1486 2939 qua
1502 2872 1626 2941 vergunt
1648 2874 1732 2926 extra
1754 2864 1810 2925 illa
1823 2880 1875 2925 aua

406 2976 412 2991 ι
516 2949 583 3011 laea
606 2960 634 3011 et
657 2962 739 3011 extra
761 2953 868 3013 lineam
890 2962 987 3014 motus
1011 2952 1147 3026 violenti,
1180 2968 1281 3011 versus
1304 2960 1434 3011 centrum
1457 2951 1581 3011 Terrae:
1610 2951 1694 3012 locus
1717 2960 1765 3013 eet
1789 2954 1874 3029 igitur

518 3055 636 3116 pugnae
667 3041 742 3099 inter
773 3048 869 3099 motus
891 3040 928 3099 ad
952 3041 1070 3102 diverso
1092 3040 1172 3107 laea.
1204 3039 1325 3099 alterius
1348 3042 1376 3097 in
1399 3038 1555 3113 circulum,
1586 3038 1708 3099 alterius
1730 3040 1874 3113 deorsum,

517 3126 594 3186 unde
619 3128 717 3186 existit
740 3130 898 3203 quassatio,
923 3129 1073 3205 &drauum
1121 3127 1160 3186 nt
1182 3144 1241 3186 non
1264 3129 1307 3186 sic
1329 3145 1361 3187 se
1383 3144 1429 3186 res
1450 3124 1541 3187 babet
1564 3144 1630 3188 eum
1653 3126 1760 3203 Terra,
1792 3128 1874 3206 eujur

518 3220 614 3272 motus
638 3223 682 3273 est
706 3213 803 3274 velad
826 3225 956 3276 centrum
974 3217 1074 3276 mundi
1098 3219 1202 3293 ipsum,
1225 3221 1259 3273 ut
1281 3214 1346 3273 vult
1361 3214 1498 3289 objectio,
1521 3216 1622 3292 itaque
1645 3232 1705 3275 non
1721 3232 1800 3294 opna
1822 3219 1874 3278 ertt

518 3301 562 3358 illi
591 3299 722 3359 violenta
753 3305 923 3362 excussione
955 3307 984 3363 in
1008 3302 1095 3377 illud,
1127 3302 1175 3361 rel
1198 3301 1309 3360 nullam
1333 3301 1449 3378 plagam
1472 3303 1585 3377 appetit
1606 3319 1639 3362 se
1662 3305 1745 3382 ipsa,
1776 3306 1875 3382 itaque

519 3395 621 3466 raptus
645 3388 693 3447 ille
719 3389 863 3448 violentus
886 3408 943 3450 non
967 3395 1028 3463 erit,
1054 3393 1125 3468 quia
1146 3388 1219 3448 nulli
1243 3390 1334 3447 motui
1358 3389 1466 3449 Terrae
1489 3386 1614 3450 naturali
1639 3393 1815 3450 contrarius.

607 3475 657 3534 Est
680 3479 768 3534 etium
792 3478 969 3538 insutliciens
992 3496 1091 3539 eausa.
1138 3478 1214 3536 Nam
1237 3485 1269 3535 ut
1292 3475 1372 3549 dem,
1403 3475 1538 3553 compelli
1567 3479 1671 3554 gravia
1693 3480 1724 3538 in
1747 3479 1875 3540 medium

519 3561 627 3632 circuli,
651 3562 778 3621 nondum
801 3575 947 3640 sequetur.
971 3567 1089 3626 Terram
1107 3566 1135 3621 iu
1152 3563 1248 3622 medio
1272 3567 1362 3622 totius
1377 3565 1478 3622 mundi
1502 3581 1576 3639 esse,
1600 3564 1652 3624 sed
1667 3565 1743 3626 bena
1767 3571 1797 3626 in
1813 3583 1875 3640 are,

520 3649 548 3703 in
573 3665 631 3724 quo
654 3658 721 3707 sunt
745 3650 878 3710 ordinata
901 3656 1028 3712 omnium
1052 3651 1258 3731 parallelorum
1282 3659 1388 3710 centra.
1434 3652 1570 3727 Denique
1601 3660 1750 3731 ponuntur
1774 3658 1875 3716 lucon-

520 3751 613 3806 eessa,
648 3737 759 3796 scilicet
788 3738 921 3798 diumum
951 3751 1060 3800 motum
1090 3742 1186 3799 inesse
1215 3739 1271 3815 ipsi
1301 3739 1425 3814 mundo,
1456 3739 1536 3816 quod
1559 3743 1694 3815 sequenti
1717 3751 1803 3820 parte
1825 3759 1876 3802 ne-

520 3823 645 3896 gabitur.

606 3909 754 3968 Dicamus
777 3914 886 3986 iyitur.
913 3931 1037 3973 eausam
1060 3915 1153 3987 hujus
1175 3921 1273 3974 motua
1294 3916 1438 3988 praecium
1461 3913 1504 3970 ad
1525 3921 1662 3973 centrum
1684 3917 1800 3976 mundi
1819 3933 1876 3976 erae

519 3997 670 4054 internam
695 4005 721 4054 et
742 4002 852 4072 procia
875 4004 941 4076 ipsa
963 4009 1099 4060 eemmm
1120 4009 1235 4076 petere,
1264 4008 1320 4058 aut
1340 4000 1379 4058 ab
1401 4002 1639 4060 extremitatium
1659 4003 1793 4080 timere?
1820 4005 1876 4064 nt-

519 4082 641 4141 cendmn
665 4087 763 4160 itaque
787 4086 874 4159 juxta
897 4089 998 4160 lrrerit,
1029 4099 1056 4147 et
1080 4088 1227 4163 quomodo
1259 4094 1387 4145 centrum
1417 4087 1517 4145 urrrrrdi
1546 4099 1647 4165 petant
1678 4098 1733 4150 aut
1761 4091 1802 4152 ab
1824 4109 1877 4152 ex·

518 4173 616 4228 tremis
639 4172 766 4245 lugiunt.
799 4183 828 4230 et
851 4175 966 4247 quare?
1011 4175 1148 4232 Centrum
1177 4177 1253 4233 enim
1276 4183 1321 4232 est
1344 4183 1480 4250 punctum
1510 4176 1765 4250 anathematicum,
1797 4177 1873 4255 quud

519 4255 691 4315 describitur
713 4257 829 4332 acqrrali
854 4259 991 4318 distantia
1015 4262 1052 4318 ab
1077 4264 1212 4319 extremis
1235 4262 1349 4319 rotundi
1374 4266 1511 4339 eorporis.
1558 4265 1630 4322 Cum
1660 4267 1750 4340 igitur
1772 4269 1875 4342 graula

518 4345 577 4401 sint
599 4360 767 4420 corporeum
791 4345 871 4420 quid,
894 4355 1022 4406 centrum
1047 4357 1076 4406 et
1098 4356 1227 4407 extrema
1249 4348 1313 4407 aoln
1337 4352 1490 4426 capiantur
1512 4349 1671 4422 intellectu,
1695 4369 1756 4430 quo
1776 4362 1874 4414 carent

519 4433 631 4506 gravia,
654 4443 799 4506 qnatenus
823 4435 941 4508 gravia:
972 4450 1029 4492 non
1054 4435 1141 4510 igitur
1164 4453 1302 4511 quaerero
1325 4444 1460 4514 poterunt
1483 4447 1564 4496 motu
1587 4457 1641 4498 suo
1665 4447 1815 4514 centrum,
1843 4447 1875 4498 ut

520 4527 658 4590 centrum,
684 4519 730 4578 rel
761 4531 792 4577 nt
816 4522 947 4579 intimum
969 4520 1069 4579 nurrrdi
1092 4533 1246 4598 punctum,
1269 4541 1323 4583 nec
1346 4525 1445 4600 lugere
1469 4543 1487 4583 a
1509 4525 1679 4602 superficie,
1703 4535 1736 4586 ut
1759 4527 1800 4587 ab
1823 4544 1875 4586 ex·

519 4614 611 4664 tremo
633 4605 788 4681 sphaerae,
820 4617 849 4666 et
871 4611 895 4666 si
918 4618 1052 4687 possent,
1077 4617 1173 4669 tanuen
1198 4628 1288 4671 eausa
1308 4629 1367 4670 non
1390 4614 1451 4686 erit,
1476 4629 1527 4672 cur
1548 4615 1646 4690 potius
1668 4614 1726 4674 lroc
1749 4614 1873 4692 lupiani,

520 4691 591 4751 illud
612 4702 721 4768 petant,
745 4712 833 4769 quum
856 4699 1040 4755 contrarium.

606 4779 729 4840 llodrrs.
761 4801 820 4857 quo
843 4783 995 4842 temlerent
1016 4789 1128 4860 oracio
1154 4785 1197 4844 ad
1217 4795 1352 4844 centrum
1376 4792 1432 4844 aut
1453 4804 1487 4846 eo
1514 4789 1750 4863 expellerentur,
1776 4795 1875 4866 parret

518 4885 575 4925 erae
599 4871 667 4927 iate:
693 4872 719 4926 ri
741 4887 849 4943 corpur
878 4875 910 4928 iu
933 4875 1118 4930 ertremitale
1147 4874 1256 4932 irruendi
1285 4875 1417 4934 locatum
1442 4877 1582 4932 rirtutm
1612 4878 1759 4936 emitteret
1782 4893 1875 4952 traque

518 4953 559 5011 ad
579 4959 700 5030 procia.
726 4975 804 5030 quae
828 4957 873 5014 uel
893 4959 1014 5032 pelleret
1035 4963 1146 5033 praeia
1171 4962 1217 5018 uel
1236 4961 1393 5037 timeretur·
1415 4961 1454 5019 ab
1477 4963 1539 5020 iia?
1562 4963 1602 5022 At
1625 4963 1876 5024 rationabtteum

519 5049 572 5114 est,
596 5045 655 5100 einr
678 5059 846 5118 corpoream
870 5048 995 5104 extimae
1019 5046 1161 5121 splraerue
1184 5056 1242 5105 tnnr
1266 5049 1352 5122 longe
1375 5065 1440 5107 sese
1455 5051 1602 5126 porrigere
1625 5059 1745 5128 tamque
1767 5051 1874 5129 exqui-

518 5129 603 5188 situm
625 5145 690 5189 esse
713 5133 741 5186 tu
764 5129 907 5208 minimis,
938 5143 968 5190 ut
992 5131 1029 5189 nd
1053 5149 1180 5206 unguem
1202 5135 1376 5212 aequalibus
1399 5135 1529 5212 undique
1552 5137 1703 5198 diametris
1725 5137 1873 5216 erpellere

518 5217 609 5292 possit
632 5217 661 5274 in
684 5213 810 5276 medium
834 5217 967 5294 adeoque
991 5219 1113 5296 primum
1136 5231 1227 5297 atqua
1249 5239 1339 5300 grave
1361 5222 1454 5283 latum
1476 5224 1582 5302 pedem
1604 5244 1623 5286 a
1646 5233 1747 5288 eeutm
1768 5223 1871 5288 mundl
