4459 6275
826 767 994 826 Tabularum
1011 765 1248 841 liudoipbinarum
1264 767 1427 827 Dedicatio'
1564 812 1569 820 -
1731 773 1794 836 bib

440 953 504 1008 erat
525 944 652 1021 reiiotnr,
676 947 781 1008 turbae
801 949 921 1026 inruper
936 947 1135 1027 imperatoria,
1157 964 1210 1026 per
1224 965 1316 1026 regna
1337 954 1370 1031 et
1381 949 1549 1027 proeineiar
1564 953 1646 1009 oriae
1660 944 1798 1029 belltqtu

439 1037 578 1096 intestina
604 1036 852 1109 perniaioaieeima
883 1038 966 1097 varie
996 1035 1220 1114 impediverunt
1265 1035 1370 1114 itaque
1400 1035 1540 1116 perientio
1570 1036 1667 1112 operia
1695 1036 1797 1096 invitia

439 1123 525 1182 nebia
556 1129 586 1183 et
614 1120 736 1182 meliora
765 1123 978 1201 necquicquam
1007 1125 1178 1202 optantibue
1209 1121 1246 1183 de
1267 1140 1345 1184 auno
1376 1126 1407 1184 in
1429 1140 1538 1185 annum
1560 1128 1710 1201 protracta
1730 1121 1795 1183 init.

438 1210 525 1270 Nune
547 1207 666 1270 tandem
687 1208 858 1286 aliquando,
881 1210 991 1271 tebuiia
1013 1213 1077 1272 iatie
1096 1210 1198 1272 divino
1220 1210 1346 1271 Numine
1368 1210 1406 1272 ad
1429 1208 1687 1295 tinemlparduetb,
1709 1217 1795 1287 port·

439 1314 529 1374 quam
551 1296 600 1356 8⁸·
630 1296 682 1356 0⁸·
710 1295 776 1356 Mu·
808 1296 863 1356 Ψ·
893 1297 1032 1359 voluutas
1060 1298 1295 1360 clementissima
1324 1297 1570 1375 mandatumque,
1604 1303 1639 1357 ut
1669 1295 1794 1357 ederan-

438 1391 500 1459 tur,
530 1386 707 1445 intereeeeit:
728 1392 793 1445 'noe
815 1384 966 1463 Tyobonie
988 1385 1096 1446 Brabei
1118 1383 1261 1446 baeredea
1291 1401 1367 1464 opue
1396 1385 1454 1447 boo
1475 1383 1656 1445 'l'abuiarum
1678 1382 1795 1443 Eudoi-

440 1471 605 1549 pbiuarnm,
629 1489 648 1531 a
669 1480 791 1549 parente
812 1480 913 1532 noetro
935 1473 1104 1534 inobootum
1127 1483 1157 1533 et
1179 1480 1388 1551 nuncupatum,
1411 1491 1448 1537 ex
1469 1473 1600 1551 parentia
1623 1473 1716 1531 noetri
1739 1472 1796 1532 ob·

386 1628 390 1635 ,
438 1559 656 1620 aewadouibue
679 1560 766 1638 (quaa
795 1558 941 1638 Keplerua
968 1559 1008 1621 ad
1034 1577 1139 1622 manne
1169 1578 1239 1621 auae
1271 1562 1350 1623 bona
1379 1559 1436 1622 fida
1458 1560 1582 1637 reoepit)
1614 1557 1797 1620 exrtruotum

439 1663 534 1723 eoque
564 1649 681 1708 nomine
715 1653 846 1707 noenum
877 1646 926 1706 8⁸·
950 1647 1002 1707 0⁸·
1025 1645 1095 1724 iifl,
1134 1650 1185 1725 qni
1212 1646 1361 1726 Rudolpbi
1391 1646 1542 1726 quondam
1570 1645 1645 1724 Imp.
1678 1643 1710 1726 (a
1737 1663 1797 1723 qno

438 1736 639 1796 consentiente
660 1733 778 1795 tabuiae
800 1751 907 1795 nomen
929 1751 1015 1796 enum
1034 1736 1209 1812 baueerunt)
1231 1737 1262 1794 in
1286 1738 1384 1813 regula
1400 1743 1430 1796 at
1451 1733 1612 1795 ditionibua
1633 1733 1796 1795 Aramaua

439 1820 561 1896 baerea,
592 1823 621 1880 iu
644 1820 771 1899 Imperio
799 1838 952 1883 aueemeor
980 1823 1049 1898 init,
1087 1824 1139 1901 qni
1169 1832 1199 1883 et
1225 1825 1449 1884 maturationem
1477 1823 1575 1899 operia
1604 1822 1794 1899 imperatoria

438 1909 639 1969 munificentia
661 1910 809 1986 promovit
830 1917 861 1970 et
882 1909 1040 1971 editionem
1055 1911 1219 1997 imperavit,
1241 1910 1405 1989 bumiiiima
1426 1927 1493 1970 eum
1507 1910 1696 1973 ueneratione
1708 1908 1795 1968 oise-

442 1998 549 2056 rimua:
588 2004 679 2073 utque
707 1995 737 2055 id
768 1997 839 2061 ielix
873 1996 1062 2074 senatumque
1090 2000 1145 2071 eit,
1182 2004 1213 2058 at
1238 1997 1361 2059 literatis
1398 1998 1454 2059 rub
1483 1993 1548 2057 Mu·
1576 1995 1636 2055 Ψ·
1668 1994 1797 2075 Imperio
1828 2046 1830 2050 .

438 2083 621 2160 aliorumque
642 2083 818 2160 Magnetum
840 2082 1000 2144 ditionibus
1023 2083 1213 2162 degentibus,
1244 2088 1357 2162 totique
1380 2084 1455 2147 adeo
1478 2084 1543 2146 orbi
1563 2101 1600 2145 ae
1620 2085 1795 2161 porteriteti,

438 2187 498 2248 quo
526 2170 563 2230 de
593 2170 666 2230 nibil
696 2171 879 2246 dubitemne,
910 2189 1036 2249 magnae
1058 2171 1145 2234 uedat
1166 2171 1303 2241 utilitati.
1333 2191 1369 2234 ax
1396 2171 1484 2233 eorde
1505 2173 1619 2232 sineere
1642 2178 1795 2249 optamuep

439 2258 586 2335 aimnlqne
608 2275 677 2332 noe,
706 2259 815 2337 quibua
837 2258 893 2320 boo
915 2261 1032 2320 nnioum
1055 2269 1179 2337 epatre
1201 2267 1300 2321 nonno
1322 2268 1458 2338 euperaat
1478 2260 1701 2338 patrimonium,
1725 2256 1796 2338 ⁸iifl·

438 2345 494 2405 V*
519 2345 700 2406 Clementiae
722 2353 752 2406 at
771 2346 962 2425 benignitati,
985 2349 1016 2406 in
1038 2364 1099 2424 qua
1121 2353 1236 2408 eeteraa
1254 2363 1324 2426 apae
1345 2354 1465 2409 nmtraa
1479 2346 1662 2422 recumbunt,
1683 2344 1796 2408 bumil-

438 2432 511 2495 lime
533 2450 599 2493 oum
621 2434 817 2494 eubmieaione
840 2433 1087 2497 commendamur.

646 2519 696 2581 8⁶⁸
718 2519 770 2582 0⁸·
790 2518 855 2581 Me·
878 2521 933 2579 Ψ·
1055 2524 1058 2529 ’

859 2607 1026 2669 Humillimi
1047 2600 1084 2671 'ae
1106 2610 1364 2686 obsequentiuimt
1396 2646 1398 2650 -

913 2724 918 2735 ·
1114 2695 1261 2774 ibebout'r
1282 2696 1400 2758 Brnber'
1421 2695 1572 2758 Hoeredee
1594 2693 1707 2759 Uberi

1013 2924 1222 2942 cna——

990 3121 1048 3185 AD
1070 3121 1242 3188 EUNDFM

758 3249 865 3365 iiii.
906 3248 1205 3381 robustiori,
1244 3248 1482 3366 1011111111.

516 3482 580 3559 Ego
593 3498 673 3557 vero,
687 3481 797 3544 Oneuar
808 3483 1015 3558 eneratieaime,
1030 3481 1215 3544 dedicatione
1226 3484 1333 3560 operia,
1347 3484 1377 3541 in
1390 3498 1449 3559 quo
1458 3500 1511 3562 per
1521 3500 1615 3545 annor
1627 3485 1668 3545 id
1678 3482 1795 3561 andan,

429 3573 494 3649 jam
517 3567 568 3629 Μ·
588 3568 655 3626 vm
678 3569 774 3645 iaetu,
807 3572 880 3643 etei,
911 3569 1003 3630 veluti
1031 3573 1082 3648 qui
1102 3570 1202 3631 aiieua
1224 3569 1341 3630 rabitur
1362 3572 1447 3645 uari,
1476 3572 1505 3631 in
1527 3571 1606 3632 idem
1628 3574 1793 3633 naeoeaario

432 3659 506 3718 iitue
534 3659 754 3717 exeeeuaiouam
783 3657 879 3718 iaeere
910 3656 1027 3729 videor,
1057 3656 1096 3718 ad
1125 3655 1204 3733 quod
1235 3660 1342 3735 puppis
1372 3657 1503 3734 appulit,
1534 3660 1665 3736 privetu
1694 3666 1793 3721 tamen

432 3746 531 3805 babeo
554 3746 696 3816 retiouea,
720 3746 827 3821 quibua
850 3752 962 3817 motus,
985 3746 1101 3805 etiamai
1124 3762 1192 3805 mea
1212 3743 1306 3805 aoiiue
1327 3744 1432 3804 iuiaaet
1453 3744 1576 3818 electio,
1598 3745 1723 3807 eundem
1746 3753 1795 3807 ta·

431 3849 509 3892 men·
529 3833 559 3890 in
588 3838 704 3908 portum
735 3830 803 3891 reia
829 3848 896 3892 mea
925 3831 1029 3892 inerim
1060 3832 1231 3892 directurue.
1282 3831 1490 3892 Praeeeeaorae
1512 3830 1577 3891 Mu.
1597 3833 1664 3891 vm
1692 3850 1795 3894 eam&

432 3920 564 3979 tiaeimae
586 3920 759 3991 memoriae,
791 3917 978 3995 Rudoipbum
1001 3927 1031 3979 et
1051 3918 1209 3980 biattbiam
1232 3927 1373 3996 patrouoa
1395 3918 1500 3996 bubui3
1531 3922 1558 3978 ei
1587 3920 1626 3980 ab
1653 3918 1699 3980 bia
1723 3920 1795 3981 mibi

433 4004 677 4067 demandatorrrm
701 4005 789 4065 oibeit
813 4007 976 4065 munierum
999 4008 1138 4078 rationes,
1161 4023 1236 4082 quae
1258 4005 1379 4067 reddere
1399 4023 1459 4065 uon
1480 4008 1564 4084 potui
1578 4008 1794 4087 superstitione,

435 4092 527 4158 reddo
550 4092 733 4167 Sueoeeaori,
757 4091 796 4167 id,
821 4096 939 4170 opinor,
962 4100 1042 4153 reete
1064 4092 1097 4152 flt
1120 4102 1149 4153 et
1171 4091 1281 4153 ordine.
1327 4091 1405 4167 Quid
1427 4092 1517 4171 bajus
1540 4110 1598 4154 non
1621 4093 1715 4155 debeo
1736 4091 1794 4169 1111,
1868 4153 1880 4177 „

436 4184 488 4260 qui
512 4183 600 4240 etiam
623 4179 772 4259 stipendia
794 4190 896 4241 vetera
918 4180 1017 4255 uoluit,
1041 4197 1119 4258 quae
1141 4180 1288 4240 debebant
1303 4180 1532 4241 Auteoeeeoree‘?
1555 4179 1635 4257 Quid
1656 4198 1715 4241 uon
1735 4181 1794 4255 nit,

435 4271 493 4330 eub
515 4268 600 4344 eujue
623 4267 752 4347 lmperio
773 4266 906 4328 'i'abuiae
928 4269 1009 4342 tatae,
1032 4267 1100 4327 iude
1122 4267 1306 4345 a'l'yebouia
1329 4268 1411 4328 obitu
1435 4268 1628 4347 imperfectae,
1651 4271 1793 4347 pertenui,

438 4357 651 4428 eoueumrnavi,
675 4354 804 4433 perieoi?
841 4352 920 4430 Quid
934 4370 992 4415 non
1008 4354 1065 4429 litt,
1089 4357 1140 4431 qui
1155 4356 1307 4434 proponite
1322 4371 1388 4415 maa
1410 4355 1628 4433 haeredumque
1643 4356 1794 4436 Tyubonia

436 4444 473 4505 de
496 4442 605 4503 tebuiia
627 4441 747 4503 edendte
770 4448 835 4501 rata
857 4442 969 4517 babuit,
992 4449 1213 4505 anotorameuto
1228 4444 1334 4515 sanxit,
1358 4444 1409 4519 qni
1431 4441 1607 4504 deriderium
1623 4460 1709 4506 auum
1728 4441 1794 4505 edi·

434 4533 526 4592 tiouie
559 4532 761 4601 ueterrimae,
795 4528 953 4605 Majeetate
983 4532 1014 4589 in
1042 4532 1209 4590 eomitatem
1237 4536 1412 4608 temperate,
1441 4529 1639 4609 pertentando
1671 4530 1794 4593 demon·

439 4620 553 4692 atravit,
578 4620 630 4694 qni
652 4624 685 4676 ut
706 4615 899 4694 Imperatoria
920 4616 1104 4682 liberalitate,
1120 4627 1340 4694 numerarentur
1362 4616 1433 4678 mibi
1453 4625 1568 4679 anmtue
1590 4620 1620 4678 iu
1643 4635 1718 4699 opna
1738 4637 1794 4681 ne-

437 4707 556 4767 uenerit
578 4703 866 4781 magniiioentieaime
887 4703 1063 4780 mandarit?

525 4792 703 4852 Noverunt
725 4792 797 4866 ieta,
830 4799 928 4851 vertar
949 4792 988 4853 ad
1001 4793 1173 4855 uetustiora
1195 4794 1376 4872 primamque
1403 4808 1536 4853 curarum
1563 4800 1594 4854 et
1614 4792 1795 4873 apeaulatio·

438 4897 526 4954 num,
556 4895 634 4956 quae
664 4878 701 4938 de
727 4894 794 4938 meo
822 4877 949 4940 ooliatae
978 4888 1047 4941 aunt
1076 4882 1105 4939 tu
1130 4878 1358 4955 tabularium,
1388 4880 1529 4957 originem
1558 4880 1597 4941 ab
1618 4882 1685 4960 ipao
1707 4897 1794 4957 repe·

438 4976 500 5027 tam
521 4983 589 5027 oro.

527 5053 602 5114 cnm
624 5058 693 5113 ante
706 5067 801 5112 aunoa
823 5050 1021 5131 undetriginta
1036 5051 1131 5114 Gratii
1145 5053 1269 5132 Styriee,
1292 5071 1369 5132 quaa
1391 5063 1461 5114 tune
1486 5053 1562 5114 ania
1576 5052 1793 5116 Ferdiuandum

440 5140 635 5203 Arebidueem
649 5138 768 5218 popuiie
783 5140 973 5215 promittebat
982 5140 1200 5220 Imperatorem,
1216 5143 1343 5203 muueria
1354 5142 1455 5201 nereio
1470 5140 1540 5218 quid
1553 5142 1685 5203 oiienem
1696 5149 1793 5203 artro-

438 5230 547 5293 nomtoi
562 5233 724 5305 (tumult
737 5231 825 5305 tube
848 5230 967 5296 neubi
980 5245 1037 5307 me,
1059 5228 1178 5315 pienum
1199 5227 1308 5295 iidueia
1322 5228 1359 5297 dt
1381 5244 1520 5297 mmo
1534 5229 1566 5292 in
1578 5228 1636 5298 hrt
1651 5228 1792 5300 neuun
