4459 6275
465 1842 966 1980 PRlNGlPIORUlll
989 1838 1374 1974 DOCTRINAE
1395 1841 1817 1978 sPfltufflctu

971 2107 1096 2170 rsus
1120 2105 1315 2184 aornos.

851 2282 906 2363 ΒΕ
932 2278 1048 2363 llottl
1074 2278 1243 2363 TElllllll
1268 2278 1439 2365 oltlltllo.
1506 2294 1511 2305 '

573 2598 668 2658 Teneo
694 2598 810 2675 flquras
841 2599 914 2657 eoeli
941 2604 970 2656 et
1002 2597 1113 2685 Terrae
1145 2601 1283 2675 uirisque
1320 2596 1431 2656 Terrae
1460 2599 1640 2676 circumfusi
1669 2606 1700 2659 et
1727 2598 1824 2661 um

475 2686 584 2745 Terrae
598 2689 630 2744 in
646 2686 770 2755 rnuuelo,
794 2693 945 2761 quantum
967 2686 1076 2761 nemeti
1098 2685 1142 2742 uel
1162 2689 1361 2761 counitionem
1377 2692 1477 2745 mottes
1495 2688 1594 2761 primi
1599 2707 1612 2760 ,·
1633 2694 1826 2763 superabat

470 2791 634 2850 quaeram,
665 2772 741 2848 quid
768 2774 853 2833 nobit
877 2774 975 2849 saciat
995 2772 1096 2832 sidera
1119 2773 1251 2847 quotidie
1273 2792 1310 2833 eu
1337 2790 1403 2832 uno
1427 2780 1520 2847 parte
1540 2772 1708 2833 horizontis
1730 2792 1825 2835 etum·

468 2880 554 2936 pere,
590 2864 681 2936 inque
703 2862 768 2933 ejus
789 2863 928 2935 opposita
958 2866 1047 2935 parte
1077 2867 1147 2934 post
1167 2860 1285 2937 aliquot
1305 2860 1455 2919 borarum
1477 2860 1678 2919 interuallum
1700 2878 1826 2923 rursum

469 2947 567 3021 condi,
591 2948 703 3008 coeliae
726 2955 827 3007 monet
849 2966 892 3006 an
921 2947 1053 3005 Terrae?
1085 2947 1273 3005 Astronomis
1295 2946 1497 3024 Coperuicana
1519 2946 1621 3019 docet,
1645 2949 1747 3008 risum
1768 2946 1828 3009 taus

470 3038 546 3095 circa
568 3044 679 3094 motum
702 3036 840 3111 primum:
870 3051 928 3093 uon
952 3036 1029 3093 enim
1051 3031 1149 3093 sidera
1171 3051 1239 3094 vero
1261 3035 1420 3094 ascendere
1441 3050 1531 3110 supra
1552 3041 1670 3095 montes
1693 3034 1827 3097 attolllss

471 3140 572 3182 sersus
594 3132 725 3183 nostrum
748 3124 901 3196 verticem,
933 3120 983 3182 sed
1008 3139 1023 3181 o
1046 3122 1191 3181 contrario
1213 3129 1342 3191 montes,
1365 3124 1507 3199 quisunt
1530 3120 1616 3181 nobis
1638 3122 1828 3202 circumjecti,

471 3219 582 3269 stantes
606 3212 635 3267 iu
657 3211 808 3288 superficie
831 3209 913 3286 globi
936 3208 1078 3281 Telluris,
1101 3217 1200 3285 partes
1222 3211 1330 3285 quippe
1352 3226 1419 3270 cum
1442 3218 1505 3269 toto
1527 3208 1618 3283 globo
1640 3211 1721 3270 eires
1744 3229 1828 3272 ιιι

473 3295 551 3355 illius
575 3301 705 3357 conserti
729 3317 747 3357 a
769 3299 858 3374 plaga
882 3314 1004 3356 occasus
1028 3298 1057 3352 in
1084 3295 1203 3371 plagam
1226 3299 1359 3368 orientis,
1390 3313 1485 3372 caque
1507 3298 1701 3358 conversione
1723 3299 1827 3360 stellas

471 3384 589 3442 orientis
613 3386 774 3446 immobiles
797 3385 872 3444 alias
895 3397 961 3461 post
986 3384 1059 3441 alias
1082 3383 1168 3441 nobis
1191 3383 1297 3458 detegi,
1320 3382 1423 3444 stellas
1446 3382 1606 3442 occidentis
1628 3387 1706 3462 togi3
1729 3387 1829 3464 itaquo

470 3487 530 3528 non
557 3469 659 3530 stellas
688 3491 739 3548 per
763 3476 900 3532 verticem
926 3473 1060 3541 transire,
1090 3468 1143 3529 secl
1172 3480 1312 3545 punctum
1344 3469 1482 3532 sorticulo
1505 3473 1628 3531 transire
1651 3473 1831 3547 peratolht

471 3557 643 3628 immobiles,
667 3571 807 3635 quatitum
828 3559 867 3618 ud
890 3569 1001 3617 motum
1025 3559 1158 3631 primunt.

558 3645 675 3706 Ain'tu.
698 3665 781 3722 posse
802 3664 905 3709 omues
928 3647 1128 3720 apparentiae
1150 3651 1249 3702 motus
1269 3645 1364 3718 primi
1382 3663 1441 3718 per
1461 3644 1541 3703 barte
1562 3645 1733 3706 mirabilem
1747 3649 1831 3724 pasi-

471 3735 581 3790 tiouem
610 3736 791 3809 sttffieienter
820 3737 960 3793 ereusuri
988 3739 1142 3807 totamque
1169 3731 1339 3790 doctrinam
1371 3732 1562 3804 spboericam
1593 3733 1700 3791 tradi?
1735 3733 1830 3794 Plane

471 3821 663 3890 exactissima,
687 3821 819 3898 adeoque
842 3820 889 3879 liic
911 3837 1018 3896 scopus
1043 3831 1086 3878 est
1109 3819 1212 3877 unicus
1235 3817 1323 3892 thus
1344 3815 1451 3890 libelli,
1473 3831 1519 3890 ut,
1542 3818 1622 3896 quod
1640 3819 1706 3894 jam
1731 3823 1830 3882 rerb'n

471 3917 513 3964 est
536 3909 719 3982 promissum.
744 3908 773 3967 itl
796 3927 825 3967 rc
849 3911 912 3983 ipsa
935 3908 1149 3983 comprobetur.

561 3993 637 4053 Cum
668 4014 737 4054 cero
766 4002 796 4053 in
824 3997 979 4070 principio
1005 3993 1108 4066 libelli,
1141 3991 1266 4068 quando
1295 3991 1331 4049 de
1359 3991 1568 4067 hypothesibus
1597 3999 1738 4068 quaestio
1757 3997 1830 4072 suit,

473 4081 563 4154 leqrm
588 4081 666 4140 bunc
685 4085 914 4156 praescripseris
937 4089 1126 4152 astronomo,
1159 4086 1276 4138 utnon
1299 4078 1498 4154 quisti-open
1524 4080 1613 4138 libitu
1631 4089 1751 4155 ponat,
1781 4081 1833 4142 sed

471 4170 630 4239 positiones
651 4187 722 4227 suut
745 4175 836 4227 etiam
859 4168 1027 4243 comprobet
1050 4175 1182 4224 naturae
1196 4167 1347 4238 certantis,
1371 4184 1486 4241 quaero
1501 4171 1604 4243 ἐρίων,
1628 4185 1706 4226 num
1720 4187 1830 4246 speres,

473 4262 499 4310 te
523 4253 600 4311 bane
629 4256 794 4315 absuntam
821 4258 999 4332 positionem
1025 4254 1154 4330 probare
1174 4270 1258 4328 posse
1286 4261 1313 4311 et
1335 4253 1445 4330 quibus
1470 4255 1685 4329 urqtrrrsentis?
1713 4254 1832 4316 Motum

473 4343 597 4414 primum
620 4345 786 4419 contingere
810 4340 1017 4402 convolutione
1037 4342 1101 4416 jugi
1125 4339 1252 4398 Telluris
1274 4343 1351 4400 circa
1373 4357 1458 4399 suurn
1482 4359 1584 4414 mem,
1607 4343 1837 4417 quiescentibus

474 4429 642 4502 corporibus
665 4431 841 4490 coelestibus
865 4427 1024 4509 [quantum
1047 4427 1084 4486 ad
1109 4430 1230 4504 primum
1253 4429 1389 4498 motum,
1420 4427 1449 4484 id
1472 4430 1589 4504 probari
1611 4441 1711 4506 potest
1739 4449 1832 4510 argu·

475 4529 634 4573 mentorum
663 4519 819 4592 pasteribus
847 4519 1031 4594 potissimum
1063 4529 1188 4590 septem,
1219 4532 1343 4590 quorum
1382 4516 1402 4573 l.
1434 4529 1478 4574 est
1508 4534 1527 4574 a
1555 4515 1692 4593 subjecto
1720 4529 1831 4590 motu,

475 4600 512 4658 ll.
536 4621 553 4658 a
569 4605 714 4662 celeritate
731 4619 835 4666 motus.
860 4603 915 4662 111.
939 4603 976 4661 ab
989 4601 1199 4679 aequabilitate
1215 4615 1320 4670 molus,
1344 4603 1396 4660 ll'.
1412 4620 1432 4660 a
1446 4620 1537 4662 causa
1551 4616 1648 4662 motus
1662 4620 1718 4664 seu
1734 4605 1832 4666 tacul-

475 4701 534 4747 tute
554 4693 683 4750 matrice.
709 4691 743 4748 l'.
769 4692 805 4750 ub
825 4692 942 4768 organis
957 4693 1097 4750 motoriis.
1121 4689 1176 4747 hoc
1191 4703 1235 4747 est
1256 4691 1295 4748 ab
1318 4708 1373 4750 axe
1396 4703 1424 4749 et
1447 4689 1539 4767 polis,
1564 4691 1616 4750 l'l.
1640 4709 1658 4750 a
1682 4691 1743 4752 tine
1766 4711 1832 4754 mo·

474 4787 520 4833 tus
544 4779 634 4852 primi.
659 4777 726 4834 l'll.
750 4797 767 4836 a
790 4781 881 4854 signis
903 4794 954 4836 seu
977 4779 1095 4838 effectis.

563 4865 587 4922 1.
615 4865 714 4922 Prion
738 4883 757 4921 n
780 4867 907 4926 ratperta
930 4873 1037 4924 motin.
1083 4865 1194 4923 Natura
1221 4881 1335 4941 semper
1365 4863 1444 4939 quod
1473 4877 1571 4942 potest
1601 4881 1654 4940 per
1685 4865 1830 4942 faciliora,

474 4966 531 5008 non
555 4953 616 5026 agit
640 4967 690 5026 per
713 4952 852 5026 ambages
875 4951 1016 5011 difficiles.
1054 4953 1092 5009 At
1113 4969 1164 5028 per
1185 4955 1359 5012 rotationem
1374 4951 1510 5014 Telluris.
1534 4955 1740 5027 angustissimi
1762 4971 1829 5016 oot-

476 5037 599 5114 pusculi.
624 5041 699 5096 circs
722 5055 902 5098 suumsxcm
926 5041 953 5096 in
978 5038 1094 5116 plagam
1119 5041 1236 5098 orientis
1258 5040 1345 5117 plane
1369 5038 1446 5098 idem
1463 5043 1558 5117 potuit
1581 5040 1698 5100 clllcere
1712 5051 1831 5116 uatum,

476 5123 555 5200 quoti
584 5141 635 5200 per
665 5123 843 5184 solutionem
873 5126 971 5184 muudi
993 5126 1166 5202 amplissimi
1192 5129 1268 5184 circa
1298 5125 1422 5185 eundem
1443 5145 1528 5186 asem
1559 5125 1772 5206 [prorogatum
1792 5129 1833 5192 d

476 5223 628 5290 utramque
655 5211 755 5276 mundi
783 5209 1010 5296 extremitatem]
1041 5217 1069 5270 in
1099 5213 1217 5296 plagam
1245 5213 1414 5278 occidentis.
1460 5213 1719 5294 Quemadmodum
1742 5221 1832 5302 ipim
