4459 6275
414 766 505 877 'tte
554 866 558 875 .
889 809 923 866 Iu
939 808 1085 879 Epitoman
1103 807 1194 868 Notae
1211 809 1340 867 Editoris.

414 1020 418 1031 ·
551 983 596 1053 δι’)
618 989 727 1051 pastio.
768 988 1091 1042 Tabulam-ascensionum
1115 988 1276 1053 obliquatam
1296 994 1342 1038 ete.
1369 986 1467 1037 ridebis
1491 986 1801 1045 inresuscitatum.

384 1090 386 1095 ·
411 1108 415 1115 ,
440 1052 546 1110 Ιιι”1“ιιι).
565 1057 732 1125 Rudolphiuis
750 1056 795 1105 illa
813 1058 897 1111 tabula
911 1060 1004 1107 emissa
1022 1065 1067 1123 ost,
1085 1058 1174 1108 tabula
1191 1074 1249 1108 vero
1270 1057 1371 1119 «anguli
1385 1058 1514 1119 orientis»,
1533 1058 1566 1105 ad
1580 1056 1734 1106 altitudines
1750 1057 1800 1119 poli

439 1133 474 1182 90
494 1131 520 1194 (a
540 1129 569 1180 1⁰
587 1132 612 1178 lu
632 1128 686 1189 90⁰)
706 1133 861 1193 computata,
886 1130 949 1177 satis
976 1130 1076 1191 prolixa
1099 1137 1189 1180 exstat.
1228 1128 1277 1178 Cur
1295 1129 1406 1178 omiserit
1425 1130 1538 1176 tabulam
1556 1143 1607 1177 ase.
1631 1126 1722 1191 ohliq..
1741 1130 1801 1177 hanc

440 1200 503 1250 dicit
521 1215 621 1249 causam
639 1199 774 1261 Raptatus:
792 1195 824 1247 ln
843 1194 967 1250 doctriua
985 1196 1127 1264 sphaerica
1146 1196 1180 1250 dc
1198 1197 1283 1266 primo
1302 1203 1378 1248 metu
1396 1210 1448 1262 per
1465 1194 1521 1248 dati
1539 1194 1636 1262 puncti
1661 1194 1801 1263 eclipticas

438 1277 482 1332 rel
500 1277 593 1332 stellae
612 1274 818 1330 declinationem
838 1273 988 1343 computari
1007 1274 1077 1327 solet
1095 1274 1249 1328 differentia
1266 1274 1469 1342 ascensionum,
1487 1277 1519 1327 ut
1532 1289 1565 1329 ea
1578 1291 1642 1330 eum
1654 1290 1711 1329 asc.
1730 1284 1803 1327 recta

414 1394 417 1401 .
440 1355 500 1425 ejus
514 1355 612 1424 'puncti
629 1353 780 1423 composita
805 1353 953 1407 constituat
971 1367 1026 1408 asc.
1044 1350 1189 1420 obliquam.
1227 1353 1322 1409 Solent
1339 1359 1429 1408 autem
1448 1368 1503 1407 asc.
1532 1351 1661 1421 obliquae
1689 1352 1803 1406 denunti

371 1422 375 1431 ¹
439 1431 625 1504 persingulas
644 1431 744 1501 gradus
763 1430 809 1486 alt.
827 1431 890 1500 poli,
908 1437 947 1499 ut,
966 1431 1029 1486 dato
1048 1440 1150 1500 puncto
1170 1432 1324 1500 aequatoris
1344 1433 1456 1501 oriente,
1482 1431 1570 1501 possit
1588 1432 1703 1499 excerpi
1721 1446 1802 1499 punc·

415 1520 499 1570 'tum
517 1512 658 1580 eclipticas
677 1510 809 1569 coemens.
876 1536 880 1543 ·

544 1586 606 1647 Etsi
624 1607 688 1646 vero
707 1606 760 1644 non
780 1595 886 1645 tantum
899 1589 1045 1655 ¹stellarum
1062 1589 1179 1644 fixurum
1198 1598 1288 1658 ortus,
1309 1604 1433 1655 occasus,
1459 1591 1627 1645 emersiones
1646 1590 1803 1645 occultatio

418 1684 551 1743 luesque,
577 1671 626 1726 sed
645 1668 864 1735 etiumcalcul'ns
883 1668 1023 1738 eclipsium
1037 1668 1112 1735 ,Solis
1137 1675 1222 1723 totam
1250 1670 1321 1724 hanc
1347 1676 1453 1738 partem
1481 1669 1622 1726 doct-rinae
1645 1670 1804 1741 sphaericae

439 1750 513 1807 varie
530 1757 672 1819 usurpant,
691 1764 743 1804 nec
757 1748 817 1802 locu
836 1756 977 1815 terrarum,
996 1747 1096 1817 quibus
1116 1745 1225 1802 obvenit
1243 1749 1384 1816 quaelibet
1400 1748 1493 1816 phasis
1513 1750 1658 1818 eclipseos.
1677 1748 1739 1805 sine
1751 1764 1803 1803 ase.

442 1831 572 1900 obliquis,
597 1845 647 1885 nec
664 1824 820 1899 parallaxes
840 1828 897 1881 sine
915 1827 1025 1881 notione
1044 1825 1144 1893 gradus
1168 1826 1279 1901 orientis
1298 1828 1447 1897 computari
1464 1836 1597 1895 possunt.
1621 1846 1675 1883 nen
1696 1828 1804 1883 inierunt

394 1900 407 1945 .'
428 1913 531 1963 'tamen
548 1907 658 1967 tabulae
677 1906 855 1960 directionum
874 1905 1089 1974 Regiomentaui
1109 1921 1172 1963 non.
1191 1907 1237 1975 qui
1257 1921 1302 1960 eus
1321 1906 1496 1968 continuavit,
1517 1906 1679 1974 Ileinholdi,
1707 1908 1735 1961 in
1754 1907 1803 1963 boc

441 1988 521 2043 etiam
541 2003 610 2057 opus
628 1986 874 2055 transmittendae,
893 2002 954 2040 cum
973 2002 1019 2039 eus
1039 1984 1277 2052 dudumlllaginus
1296 1985 1324 2040 in
1338 2001 1386 2040 suo
1407 1986 1513 2047 „Primo
1532 1987 1646 2039 itouiti’*
1665 1986 1805 2056 repetierit

442 2074 605 2136 exstantque
622 2065 901 2134 vulgoexemplaria,
927 2080 997 2133 quae
1018 2064 1078 2132 quis
1106 2061 1141 2116 ad
1160 2062 1293 2118 calculum
1318 2064 1458 2134 eclipsium
1482 2068 1633 2121 secundum
1652 2066 1804 2121 tabularum

443 2147 556 2202 istarum
574 2146 781 2215 praeceptiones
800 2144 935 2198 adhibeat.

551 2229 598 2276 llis
616 2228 690 2275 addit
709 2225 830 2288 lleplerus
851 2232 894 2273 «ut
913 2226 953 2273 hic
972 2225 1082 2272 deiectus
1101 2238 1132 2271 ex
1151 2220 1272 2272 nonnulle
1284 2230 1354 2284 parta
1372 2228 1600 2287 compensaretur»,
1622 2238 1802 2291 «praeceptam

425 2303 472 2363 sl)
491 2300 556 2347 Dato
575 2303 669 2358 puncto
688 2298 808 2358 sphaerae
827 2309 985 2360 quocunque.
1004 2298 1107 2357 eJusqua
1127 2294 1296 2342 declinatione
1314 2296 1347 2342 ab
1365 2302 1512 2357 aequatura.
1532 2299 1654 2357 indagaro
1673 2303 1730 2359 ejus
1749 2314 1804 2347 anr-

442 2368 640 2432 plltudinam
660 2368 802 2416 ortivam
822 2366 874 2429 (cir.
895 2381 919 2428 p.
939 2363 1018 2427 225).
1056 2368 1081 2423 2)
1100 2365 1174 2411 Datis
1193 2364 1290 2427 iisdem,
1310 2365 1426 2423 indagare
1452 2368 1679 2416 disserent-iant
1700 2384 1805 2417 ascen·

313 2448 343 2483 .·
414 2434 416 2439 ’
442 2437 604 2489 alonalem
623 2439 675 2497 (cir.
694 2453 719 2500 p.
738 2439 818 2494 aaa).
855 2436 882 2494 3)
901 2436 968 2483 Data
986 2435 1032 2483 ait.
1053 2437 1113 2496 poli,
1134 2448 1177 2495 per
1195 2433 1246 2481 dati
1265 2433 1314 2482 loci
1332 2433 1400 2484 Solia
1419 2436 1584 2485 differentiam
1603 2441 1805 2488 ascensienaletn

432 2504 565 2570 'indagare
592 2513 690 2570 tempus
708 2507 955 2555 'semidiurnum
981 2510 1012 2552 et
1037 2506 1311 2553 saminocturuum
1337 2505 1485 2569 adeoque
1514 2508 1581 2555 diei
1606 2510 1805 2558 artificialis

432 2574 695 2639 longitudinem.
730 2576 757 2641 t)
776 2578 841 2624 Data
859 2575 1017 2636 ldngitudiue
1046 2575 1095 2623 diei
1125 2575 1233 2622 aestivae
1252 2573 1426 2639 longissimae,
1455 2579 1567 2625 inuenire
1592 2579 1805 2627 altitudinem

373 2658 376 2665 ·
442 2647 528 2712 puli.
563 2647 818 2709 Solrltproblamatu
838 2651 859 2694 1.
881 2649 948 2695 ιιι).
967 2645 1054 2692 eadem
1073 2647 1237 2708 rationeque
1256 2647 1282 2692 in
1301 2645 1496 2705 Epitomalocis
1521 2649 1620 2711 citatis,
1646 2649 1695 2697 hoc
1714 2648 1805 2697 solum-

443 2720 519 2768 medo
537 2724 643 2782 mutato,
663 2723 691 2766 ut
709 2732 753 2779 pro
774 2718 883 2765 nunteria
903 2729 987 2763 eorum
1005 2713 1169 2775 legarithmos
1189 2715 1317 2765 adhiheat.
1341 2714 1411 2762 'dam
1431 2715 1573 2765 describens
1591 2718 1718 2766 'tabulam
1738 2732 1804 2767 stram

443 2789 531 2849 anguli
550 2790 663 2851 orientis,
682 2788 753 2841 haee·
764 2787 835 2835 affert
848 2783 968 2848 lieplerus
982 2786 1110 2833 historica:
1129 2782 1205 2835 Hace
1222 2797 1285 2850 pars
1304 2781 1443 2836 doctrinae
1461 2782 1623 2851 sphaericae
1636 2785 1807 2841 desideratur

440 2864 472 2931 iu
490 2863 604 2919 Tabulis
623 2863 809 2917 Directionnm
828 2860 1035 2928 Regiomontani
1054 2867 1081 2913 et
1099 2858 1253 2925 lieinholdi,
1273 2876 1334 2915 cum
1352 2869 1442 2916 tamen
1461 2866 1566 2917 summe
1583 2863 1663 2918 nobis
1683 2878 1806 2921 netmsa·

444 2944 484 2998 ria
502 2943 539 2998 sit
556 2940 591 2995 ad
611 2940 761 2995 doctrinam
779 2939 967 3009 parallaxium,
986 2946 1017 2991 ut
1035 2953 1094 2991 eam
1114 2954 1165 3007 ego
1183 2939 1210 2991 in
1229 2947 1306 3006 parte
1319 2942 1506 2997 Astronomiae
1520 2943 1618 3011 Optica
1637 2954 1704 2997 unte
1722 2959 1805 2999 annos

439 3021 497 3090 jam
514 3022 545 3075 21
567 3019 666 3074 tradidi
685 3018 1015 3087 demonstrationibusque
1032 3018 1165 3072 roborari.
1203 3019 1368 3086 i'opernicus
1381 3022 1490 3090 quidem
1501 3024 1583 3078 breue
1597 3024 1681 3091 hujus
1697 3023 1805 3079 tabulae

355 3090 359 3103 '
441 3099 623 3168 rudimentum
650 3099 678 3153 iu
703 3113 785 3168 opere
804 3097 1013 3154 Resolutionum
1041 3098 1178 3167 exhibuit,
1202 3100 1274 3167 quod
1293 3099 1376 3153 miror
1399 3116 1453 3155 non
1472 3108 1669 3157 transsumtum
1691 3120 1707 3157 a
1727 3104 1804 3160 Reiu-

442 3179 526 3234 boldo
545 3180 573 3250 ia
600 3178 843 3233 suaa'Prntanicas
863 3177 1111 3244 circuitumque-nt
1136 3185 1227 3232 cetera
1249 3178 1342 3234 inisse.
1378 3181 1487 3236 Partem
1510 3181 1595 3250 igitur
1617 3182 1804 3251 Rudolphina·

442 3275 503 3313 rum
522 3274 577 3311 non
595 3272 705 3326 parvam
724 3253 864 3310 constituit
883 3256 979 3310 horum
999 3256 1158 3322 ungulorum
1177 3257 1280 3326 tabula,
1299 3258 1334 3312 ad
1353 3272 1447 3313 omnes
1466 3260 1567 3329 gradtts
1586 3260 1634 3314 alt.
1654 3262 1713 3328 poli
1732 3261 1804 3316 berei

444 3342 609 3406 computata.

547 3415 577 3468 In
598 3414 738 3482 Epitomes
757 3414 831 3466 Astr.
851 3415 916 3480 Cep.
934 3411 1102 3480 frontispicio
1123 3417 1231 3478 (tabulae
1249 3421 1275 3466 iu
1295 3421 1403 3469 editione
1427 3423 1504 3482 priori
1529 3425 1637 3470 insertae
1664 3431 1725 3472 sunit
1744 3427 1804 3470 iuter

444 3497 577 3561 epistolam
600 3498 776 3545 dedicatoriam
804 3503 828 3542 et
855 3498 972 3552 italicum)
996 3495 1133 3561 specimen
1157 3496 1267 3549 exhibui
1294 3511 1348 3547 asc..
1374 3494 1500 3563 obliquae
1528 3503 1554 3549 et
1580 3497 1673 3565 attiguli
1695 3500 1802 3551 oriani<

376 3575 378 3582 '
445 3576 660 3643 conjunctorum,
680 3573 765 3625 mttlto
785 3588 850 3626 sanc
870 3572 1041 3639 retractamus,
1067 3583 1095 3626 ut
1119 3574 1145 3626 in
1172 3591 1225 3641 qua
1251 3576 1441 3642 conjunctione
1460 3575 1634 3630 ctinfnrtuitus
1654 3578 1748 3645 aliqua
1766 3591 1803 3630 e÷t

327 3641 330 3650 ⁸
360 3658 364 3668 '
444 3672 505 3710 cum
525 3656 580 3709 tab.
600 3670 652 3708 asc.
677 3661 775 3716 rectae,
795 3651 982 3705 declinationis
1010 3656 1036 3703 et
1064 3651 1221 3717 :stipularum
1242 3653 1382 3721 eclipticae
1401 3668 1461 3706 cum
1484 3654 1645 3711 meridiano,
1675 3658 1755 3711 simiai
1779 3669 1802 3710 et

443 3747 556 3786 arcuum
585 3731 830 3800 contrapositorum
850 3745 904 3782 asc.
927 3729 1039 3796 junctae
1064 3729 1178 3798 implent
1197 3732 1335 3786 circulum.
1372 3733 1476 3786 Poterit
1495 3733 1561 3787 haec
1581 3734 1755 3801 conjunctio,
1782 3738 1802 3790 si

444 3811 553 3880 quando
572 3810 738 3870 recudentur
755 3810 865 3864 tabulae
884 3809 961 3875 primi
980 3817 1079 3876 metus,
1099 3810 1250 3864 coruinuuri
1270 3826 1318 3878 per
1331 3828 1423 3866 (amnes
1437 3812 1536 3879 gradus
1555 3813 1602 3866 alt.
1622 3815 1689 3881 puli,
1708 3817 1801 3884 poterit

443 3891 567 3945 interseri
586 3895 613 3944 et
632 3888 779 3957 amplitudo
800 3888 884 3940 ertiva
903 3888 962 3940 tice
981 3886 1207 3952 declinationum
1227 3896 1355 3956 poterunt
1374 3891 1488 3958 electique
1504 3891 1596 3958 auguli
1618 3893 1670 3960 ipsi
1692 3894 1718 3946 iu
1737 3894 1801 3946 areis

443 3971 563 4026 numeris
582 3970 697 4037 exprimi
715 3969 823 4023 usitatis
843 3966 1043 4033 scrupulosius,
1072 3975 1101 4018 ut
1126 3966 1187 4018 illos
1215 3967 1302 4019 habeo
1321 3979 1491 4037 computatos
1510 3971 1536 4022 in
1556 3970 1666 4024 chartis.
1708 3972 1737 4024 ln
1756 3972 1800 4023 her

443 4065 525 4119 opere
544 4048 669 4103 sufficere
688 4048 746 4102 visa
765 4056 807 4100 est
826 4047 910 4100 lorma
929 4047 997 4099 hacc
1017 4045 1213 4112 qualiscunque
1233 4045 1392 4114 compertdio
1412 4049 1552 4101 servitura.

546 4130 596 4179 llis
615 4133 744 4191 subjungit
765 4129 886 4196 lt'rplurus⁸
906 4139 1077 4189 «praeceptus,
1096 4130 1213 4176 alhibita
1231 4146 1275 4177 sua
1299 4128 1388 4178 tabula
1409 4127 1508 4184 fritinnit
1529 4133 1665 4183 orientisa:
1699 4136 1721 4184 1)
1740 4131 1798 4183 data

442 4212 545 4274 puncto
573 4206 713 4273 eclipticas
737 4205 841 4259 oriente
867 4212 893 4258 ot
921 4204 1064 4257 altitudine
1093 4204 1161 4272 p'oli,
1198 4207 1223 4270 2)
1242 4205 1306 4258 data
1330 4223 1384 4260 asc.
1410 4207 1519 4273 obliqua
1542 4206 1685 4275 eclipticus
1712 4221 1737 4262 et
1760 4209 1798 4262 alt.

443 4286 606 4353 sequuturis,
625 4284 753 4353 angulum
773 4287 916 4352 inquirere.
953 4287 977 4344 a)
999 4284 1069 4334 liuto
1088 4290 1191 4351 puncto
1210 4284 1350 4351 eclipticam
1369 4286 1479 4340 oriente.
1505 4301 1554 4353 per
1572 4287 1634 4349 ejus
1653 4305 1716 4341 rum
1736 4287 1797 4340 luri·

442 4371 522 4416 zonto
541 4365 719 4418 constitutum
738 4365 865 4431 uttgulum
885 4361 1013 4428 indagare
1032 4378 1086 4415 asc.
1106 4362 1251 4429 obliquam.
1288 4365 1314 4432 ι)
1334 4365 1466 4418 ιἰιιιιιιιιιι
1486 4364 1629 4432 eclipticas
1648 4368 1740 4420 oriens
1758 4381 1798 4434 pu

445 4439 574 4507 angulum
593 4449 620 4495 et
639 4456 693 4495 asc.
713 4442 849 4508 obliquum
868 4440 1013 4506 inquirere.

549 4522 575 4585 5)
596 4521 647 4574 l'er
666 4519 738 4574 solos
758 4519 1023 4587 leguritltmos,ai11c
1045 4520 1106 4574 ullis
1126 4521 1185 4573 aliis
1205 4520 1304 4575 tabulis
1324 4529 1479 4590 computare
1499 4530 1524 4575 et
1546 4524 1676 4586 eumdum
1696 4524 1796 4578 orientis

422 4602 425 4610 '
444 4605 472 4651 ct
490 4613 544 4651 uua
562 4598 650 4665 ipsunt
669 4607 798 4666 punctum
818 4599 916 4664 oricus,
935 4614 969 4651 ex
988 4599 1051 4651 duta
1070 4615 1125 4652 asc.
1145 4600 1263 4667 obliqua,
1284 4600 1471 4654 uniuersaliter·
1489 4609 1515 4653 et
1535 4617 1645 4658 tmactc:

553 4677 671 4730 Primum
690 4678 804 4732 observa
823 4694 910 4742 casus,
931 4679 1089 4732 alterutrum
1109 4695 1142 4731 ex
1162 4681 1270 4748 puuctis
1290 4679 1546 4748 aequinoctialibus,
1571 4681 1645 4748 qumi
1664 4691 1707 4736 est
1726 4694 1797 4750 snpra

444 4755 621 4824 horizontem,
640 4756 666 4809 iu
685 4773 737 4823 quo
756 4756 824 4812 coeli
843 4758 992 4825 quadrante
1011 4760 1055 4818 sit.
1091 4761 1159 4813 Nam
1180 4761 1201 4812 si
1221 4760 1247 4812 id
1266 4769 1307 4813 est
1333 4760 1358 4812 in
1378 4757 1513 4814 orientali.
1535 4759 1637 4826 gradus
1656 4761 1746 4818 oriens
1763 4769 1796 4814 est

444 4834 615 4902 quaerendus
634 4849 682 4889 seu
701 4852 780 4891 arcus
800 4837 1022 4906 abaequinoctio
1042 4838 1148 4892 sublimi
1168 4837 1202 4892 ud
1223 4845 1309 4892 ‹mttuu
1329 4849 1430 4906 usque3
1450 4836 1491 4890 siu
1515 4836 1542 4889 iu
1563 4837 1688 4896 occiduo.
1706 4839 1797 4908 gnta

443 4915 569 4969 occidens
588 4915 728 4983 quaeritur
740 4933 789 4971 seu
802 4933 882 4972 arcus
896 4916 1064 4983 eclipticaca
1083 4924 1186 4987 puncto
1204 4917 1345 4971 occidente
1362 4931 1450 4984 usque
1468 4914 1503 4970 ad
1521 4917 1725 4986 aequinoctium
1742 4917 1797 4974 aab·

444 4991 520 5047 lime:
540 5005 656 5063 utroquo
674 5013 740 5049 casu
758 5013 837 5050 arcus
857 4995 1012 5061 sequuturis
1031 4998 1201 5063 respondeus
1220 4995 1374 5050 adhibetur.
1409 4995 1501 5064 Hatius
1524 4997 1598 5052 euim
1620 4996 1675 5068 log-
1696 4997 1797 5056 additu

444 5070 495 5138 leg.
515 5074 560 5127 alt.
581 5074 735 5141 sequuturis
755 5069 894 5128 constituit
912 5072 966 5138 loq.
987 5073 1135 5128 altitudinis
1154 5076 1227 5129 illius
1247 5073 1451 5143 aequinoctialia
1462 5074 1567 5146 puncti.
1601 5073 1643 5130 Et
1658 5073 1743 5146 bulas
1756 5089 1797 5132 ΙΙ·

445 5151 644 5214 tiloaarithmus
664 5157 724 5216 ιιι).
745 5171 803 5208 ιιι.)
823 5154 929 5207 ablatus
948 5155 982 5208 ab
1002 5152 1111 5221 antilog.
1131 5154 1289 5224 sequuturis
1305 5151 1504 5221 tebescit-len-
1517 5169 1538 5197 ¹¹
1602 5153 1797 5214 linum

444 5241 528 5284 terent
549 5241 575 5286 et
593 5232 757 5299 verticulum,
785 5233 830 5299 qui
850 5251 898 5301 per
917 5233 1117 5300 aequinoctium
1136 5235 1253 5292 ducitur.
1286 5229 1326 5292 1⁴·

444 5309 561 5379 additur,
580 5310 651 5366 siti’
670 5314 701 5367 V
722 5319 764 5364 cst
782 5313 924 5367 adortum
944 5311 985 5366 rel
1003 5309 1242 5374 &stadem
