4459 6275
441 762 503 823 174
888 726 900 760 ⁸
929 756 1069 828 epitomes
1088 755 1281 813 Astrouosuiss

439 936 571 1012 dirigitur
593 934 688 1008 stilus,
715 934 780 1012 ium
802 938 934 1013 superior
955 936 1015 1012 illa,
1035 936 1099 1013 jum
1121 935 1160 996 ud
1183 935 1270 1009 lutus,
1292 943 1356 995 tum
1371 935 1498 1011 inferior,
1521 944 1592 997 tuuc
1614 934 1702 995 stilus
1716 940 1792 995 cetto

439 1022 580 1099 dirigetur
602 1025 631 1080 in
655 1039 744 1082 numu
767 1022 886 1101 aliquod
909 1032 1082 1101 punctorum
1098 1023 1207 1093 circuli,
1230 1026 1282 1100 qui
1303 1040 1356 1101 per
1378 1022 1407 1082 id
1421 1024 1609 1085 intervallum
1630 1026 1711 1083 ciros
1724 1020 1793 1083 stel-

439 1109 499 1169 nm
522 1110 703 1169 describitur.
749 1108 928 1172 Observetur
951 1113 1039 1188 igitur
1062 1113 1151 1171 etiam
1174 1110 1304 1171 secondo
1326 1109 1427 1185 stello,
1449 1112 1475 1171 ιί
1497 1114 1588 1171 ctiam
1610 1110 1665 1171 illu
1682 1108 1794 1189 sempor

439 1198 559 1274 aequali
582 1197 737 1257 intervallo
760 1199 836 1259 circu
857 1206 998 1275 puuctum
1021 1196 1080 1257 stili
1105 1196 1219 1257 videtur
1233 1200 1393 1273 circumire,
1418 1206 1487 1259 tunc
1508 1215 1567 1258 nou
1581 1205 1711 1277 possem
1732 1212 1793 1259 ιιιι

438 1286 523 1363 pluro
556 1302 644 1361 quem
674 1283 732 1343 duo
755 1286 830 1346 coeli
854 1294 977 1362 punctu,
1012 1288 1041 1345 in
1064 1302 1141 1362 quse
1163 1284 1255 1355 stilus
1270 1284 1356 1363 dirigi
1377 1294 1489 1363 potest,
1519 1304 1588 1347 ιιιιιι
1611 1287 1674 1346 biul
1697 1282 1794 1345 circuli

441 1389 500 1432 non
523 1381 624 1432 secent
653 1389 684 1432 se
714 1374 744 1430 iu
767 1374 899 1455 pluribus
928 1391 1017 1449 quum
1045 1372 1161 1431 dnobus
1184 1376 1310 1450 punctis.
1356 1373 1388 1434 st
1411 1376 1498 1436 tertis
1518 1375 1606 1435 stello
1629 1372 1793 1447 ιιιιιιιιΙι,

440 1478 498 1520 uon
522 1462 579 1519 sits
602 1461 631 1517 in
656 1458 757 1520 eudem
780 1470 860 1521 reete
882 1478 947 1520 enm
970 1460 1085 1521 duobus
1107 1461 1262 1538 prioribus,
1285 1459 1363 1520 idem
1385 1461 1497 1523 iaciens
1518 1462 1599 1539 quod
1622 1460 1709 1535 illue.
1734 1460 1795 1537 ln

438 1548 517 1608 omni
541 1546 629 1607 dubio
652 1547 779 1619 stillato,
801 1546 886 1608 stilus
910 1555 939 1607 ιι
961 1551 1024 1607 axis
1047 1547 1156 1607 Terrae
1178 1552 1207 1606 in
1230 1550 1347 1608 unicum
1369 1558 1478 1609 certum
1493 1549 1568 1609 coeii
1589 1558 1736 1627 punctum
1749 1566 1795 1607 rs·

439 1636 543 1696 ductus
572 1637 634 1695 erit.
680 1633 768 1693 Tertii
796 1638 872 1703 enim
904 1634 1021 1710 circuli,
1051 1652 1175 1710 qnorum
1204 1642 1304 1695 ceutru
1333 1651 1391 1695 noo
1420 1638 1450 1695 iu
1479 1635 1583 1697 cadem
1611 1644 1709 1711 ιιιιιι,
1739 1652 1795 1697 neu

440 1724 597 1783 coenolio
621 1721 753 1799 plnribns
776 1741 865 1799 quum
889 1725 917 1780 in
941 1740 999 1781 ιιιιο
1024 1730 1145 1798 puncto.

529 1808 613 1869 num
646 1812 741 1885 ipitur
766 1814 852 1885 parti
874 1810 946 1870 coeli
969 1813 1014 1869 uir
1037 1812 1112 1867 inest
1134 1811 1320 1883 magnetica,
1354 1808 1466 1869 Terrae
1492 1828 1581 1870 auem
1609 1812 1645 1869 in
1666 1828 1699 1869 ra
1720 1808 1795 1869 diri-

345 1915 353 1933 ·
436 1897 535 1973 pendi,
559 1905 615 1957 aut
643 1896 753 1955 Terrae
777 1902 850 1973 ipsi,
878 1897 1030 1973 dirigendi
1051 1914 1081 1955 se
1103 1899 1137 1954 in
1158 1896 1214 1955 boc
1235 1896 1308 1957 coeit
1328 1897 1506 1971 punctum?
1533 1898 1616 1958 Nou:
1644 1914 1717 1957 uum
1737 1912 1794 1957 uun

437 1986 569 2061 dirigitur
591 1986 655 2042 sris
677 1984 764 2043 bodie
788 1988 816 2041 in
840 1984 969 2060 aliquam
992 1982 1108 2042 stellam
1131 1991 1161 2043 ιι
1175 1986 1225 2041 vix
1248 2000 1378 2059 unquam
1392 1986 1421 2043 in
1443 1982 1545 2043 stellas
1563 1988 1654 2062 ipsus,
1678 1984 1795 2061 utplu-

437 2076 539 2131 rimum
564 2074 592 2129 in
616 2070 682 2129 lues
705 2070 779 2130 coeli
803 2089 917 2143 sucus,
951 2088 1026 2147 quse
1056 2087 1114 2129 nou
1138 2080 1261 2146 possunt
1288 2088 1353 2129 csse
1381 2071 1547 2147 subjeetum
1569 2081 1622 2132 unt
1644 2072 1713 2132 lons
1734 2074 1795 2131 vlr-

437 2164 508 2219 tutis
531 2160 723 2233 magnetieue,
746 2158 784 2217 ob
800 2167 959 2218 extremam
981 2157 1054 2217 coeli
1071 2161 1253 2217 tenuitatem.
1297 2156 1357 2216 Sed
1378 2176 1432 2217 nec
1447 2162 1583 2219 omnibus
1605 2156 1718 2221 ιιιιιΙίι
1732 2164 1795 2221 uis

439 2245 542 2306 eodem
566 2244 713 2319 dirigitur,
747 2245 800 2305 sed
824 2246 964 2321 pnttlstitu
998 2248 1027 2302 in
1051 2244 1240 2305 succedentis
1267 2242 1350 2319 locs,
1380 2254 1413 2304 ut
1443 2247 1473 2303 iu
1495 2248 1599 2322 quinto
1622 2256 1795 2321 argumento

437 2335 500 2410 J'sm
524 2341 569 2392 est
592 2331 710 2391 dictum.
756 2332 828 2392 Cum
853 2336 940 2409 igitur
962 2336 990 2389 iu
1014 2332 1096 2391 coelo
1125 2349 1184 2392 non
1206 2334 1245 2391 sit
1267 2348 1372 2408 corpus
1393 2342 1445 2391 out
1466 2350 1535 2409 pars
1555 2338 1689 2412 eorporis
1710 2344 1797 2403 ιιιιι,

439 2419 519 2498 qnod
550 2422 678 2479 setivsm
702 2422 760 2478 rim
792 2422 986 2495 magneticnm
1018 2422 1175 2495 suscipiet,
1202 2435 1257 2479 nce
1285 2422 1373 2495 igitur
1400 2422 1429 2478 iu
1453 2419 1541 2481 Terre
1566 2438 1710 2499 corpores
1730 2420 1796 2483 tuin

438 2512 483 2569 vit
507 2510 601 2577 inerit,
626 2508 654 2565 id
679 2509 706 2565 in
729 2506 812 2567 coelo
836 2508 1003 2584 quaerendi,
1027 2508 1106 2582 qnod
1128 2506 1279 2583 corporale
1301 2504 1374 2564 nibil
1397 2516 1451 2567 est.

528 2596 615 2673 Quae
638 2598 732 2671 igitur
754 2612 849 2654 causa
868 2602 1026 2670 proestare
1046 2602 1161 2669 potest,
1183 2602 1218 2652 ut
1240 2594 1410 2653 turbinatio
1437 2592 1565 2653 Telluris
1585 2612 1652 2657 non
1673 2602 1789 2657 ιυιιιιιι

438 2701 536 2753 orern,
560 2684 636 2743 adeo
661 2691 692 2741 ut
716 2684 781 2753 ejus
803 2682 925 2743 directio
949 2686 982 2740 in
1004 2700 1070 2742 unu
1094 2690 1157 2741 toto
1179 2682 1367 2741 resolutione
1393 2680 1521 2741 Telluris
1547 2690 1678 2741 moneor
1699 2687 1792 2743 inua-

437 2770 581 2831 riobilis?
617 2770 731 2829 (lausus
760 2779 817 2829 tres
848 2786 912 2829 esse
945 2780 1077 2847 possunt.
1127 2768 1155 2845 1)
1177 2767 1233 2827 l'el
1266 2768 1425 2828 volutionis
1457 2772 1547 2845 ipsius
1566 2770 1676 2845 formu.
1709 2768 1797 2849 giobo

438 2858 611 2930 condilum,
640 2874 716 2933 quoe
740 2874 804 2916 eum
828 2856 939 2917 directe
960 2859 998 2915 sit
1021 2860 1049 2914 in
1073 2866 1182 2915 certum
1204 2854 1336 2931 plagam,
1359 2872 1418 2913 nou
1441 2858 1470 2913 in
1492 2872 1593 2917 omues
1616 2862 1793 2937 promiscue,

436 2950 567 3023 sequitur
590 2948 764 3003 necessitate
787 2946 974 3019 geometrico.
998 2954 1031 3003 ut
1053 2946 1118 3002 aris
1140 2941 1301 3002 volutionis
1329 2942 1417 3017 bujus
1439 2942 1580 3019 dirigatur
1602 2944 1634 3003 in
1655 2942 1793 3007 nuruis·

436 3034 550 3111 pirgus,
575 3041 635 3090 tum
652 3030 701 3091 din
719 3042 865 3106 constans,
889 3049 977 3107 quoru
993 3029 1044 3089 diu
1061 3029 1186 3091 circulus
1202 3030 1363 3088 volutionis
1385 3027 1499 3090 medius
1521 3047 1611 3091 tenu
1625 3030 1719 3111 plage
1739 3048 1794 3093 uon

436 3122 563 3182 ebermt.
610 3118 640 3196 ⁵2)
663 3119 880 3197 l'clprivutivs
897 3128 1108 3193 censensus,
1131 3118 1243 3178 scilicet
1258 3115 1400 3178 naturalis
1416 3120 1519 3178 inertie
1540 3122 1685 3182 meletius
1703 3118 1792 3198 globi,

436 3207 598 3270 seeundum
621 3216 743 3266 nactum
759 3210 831 3276 uris,
856 3209 907 3282 qui
930 3217 961 3266 ut
977 3215 1126 3267 evertatur
1148 3224 1164 3264 ι
1187 3223 1241 3265 suo
1259 3209 1327 3279 situ,
1351 3208 1382 3264 vi
1403 3223 1478 3283 opus
1493 3217 1589 3282 essen
1612 3225 1681 3270 cerm
1695 3219 1792 3270 sunu

437 3300 465 3355 iu
490 3296 572 3356 illum
596 3294 676 3354 nullu
707 3295 757 3354 list
789 3297 939 3371 impressio
962 3305 1074 3369 moins,
1107 3296 1231 3369 quiescit
1255 3295 1342 3368 igitur
1364 3296 1392 3352 in
1416 3311 1471 3352 sno
1492 3297 1561 3354 situ.
1607 3293 1640 3374 ³)
1663 3295 1723 3356 vet
1745 3297 1789 3354 lu·

434 3394 516 3444 ternu
538 3395 566 3444 et
589 3385 717 3459 positivo
748 3381 872 3441 incultus
903 3380 1046 3442 naturalis
1070 3385 1097 3439 in
1122 3380 1202 3440 tibris
1225 3380 1393 3452 rectilineis‚
1417 3384 1465 3440 uri
1490 3380 1660 3457 parallelis,
1694 3381 1791 3444 tuendi

434 3489 500 3531 sese
532 3473 560 3528 iu
592 3487 645 3528 suo
679 3473 737 3528 situ
770 3471 932 3546 primaevo.
977 3469 1051 3528 Nam
1081 3468 1242 3527 volutionis
1270 3466 1394 3528 luculum
1421 3466 1571 3527 nidulstnr
1598 3471 1628 3529 in
1650 3469 1699 3532 bis
1722 3471 1790 3550 ipsit

434 3563 525 3618 tutius
548 3558 627 3632 globi
651 3557 814 3622 tilnmentis.
838 3559 913 3616 cirea
937 3574 1020 3616 avem
1037 3556 1213 3615 circulariter
1235 3553 1353 3631 aequali
1370 3555 1498 3632 undique
1519 3556 1651 3632 pondere
1666 3561 1789 3620 circutu-

432 3646 537 3722 jcetis.
568 3646 673 3720 quibus
706 3645 803 3703 inuivs
826 3661 931 3719 eorpus
954 3653 1078 3719 torquet.
1123 3643 1173 3702 Sic
1195 3645 1283 3718 igitur
1306 3643 1603 3702 vicissimnuturtlis
1626 3648 1790 3706 commotis

436 3737 499 3792 sris
523 3735 552 3790 in
575 3751 629 3790 suu
652 3731 810 3792 directione
835 3731 931 3806 dirigit
959 3733 1049 3807 ipsius
1073 3733 1161 3789 etism
1184 3729 1343 3790 volutionis
1364 3730 1500 3808 plegem,
1529 3744 1562 3789 nt
1591 3748 1629 3792 eo
1651 3733 1790 3796 iucltouo

435 3823 526 3880 etism
549 3819 688 3880 circulum
712 3831 808 3876 rutenus
832 3819 960 3877 inclinari
984 3835 1103 3877 necesse
1126 3821 1173 3876 sit.

523 3907 555 3966 ss·
579 3911 646 3964 asir
668 3907 809 3964 naturali
828 3907 976 3982 facultate
998 3909 1090 3964 ritum
1114 3911 1260 3965 tueretur.
1283 3921 1445 3980 nunqnam
1474 3906 1689 3966 inclinaretur.
1727 3907 1788 3968 Iruo

438 3995 476 4054 ob
500 3995 528 4052 id
551 3998 662 4071 ipsum,
695 3995 764 4069 quis
786 3994 928 4054 naturalis
952 4004 995 4052 est
1019 4011 1108 4053 ceusu
1131 3993 1315 4062 directionis,
1346 3992 1413 4052 ideo
1435 3995 1523 4052 etium
1545 4011 1687 4054 ιιιιιιιιι
1709 4011 1791 4056 scun-

437 4081 528 4141 lorum
559 4083 635 4140 vinei
668 4092 762 4158 potest
794 4100 812 4140 ι
841 4099 930 4141 ceusu
957 4081 1068 4140 iustiori
1096 4095 1249 4150 extranca,
1278 4077 1314 4138 de
1343 4096 1403 4155 qnu
1431 4081 1516 4157 plum
1543 4080 1640 4142 dicero
1662 4099 1725 4144 nou
1745 4091 1788 4142 ιιι

436 4169 523 4244 hujus
547 4168 620 4230 leel.
651 4169 701 4228 ubi
725 4170 839 4246 agimus
862 4179 976 4228 tuntum
999 4167 1034 4228 de
1058 4178 1139 4226 motu
1162 4167 1281 4240 diurno,
1313 4177 1447 4244 respectu
1469 4169 1554 4244 eujm
1577 4170 1643 4228 exis
1664 4186 1727 4231 nun
1747 4173 1790 4230 lu·

436 4257 568 4316 clinutur.

523 4343 670 4402 fortasse
693 4343 781 4400 bobes
803 4343 894 4414 lustjus
915 4342 1074 4418 facultatis
1097 4343 1252 4400 naturalis
1265 4341 1446 4401 eiacuntenta
1463 4346 1555 4402 etium
1571 4343 1661 4402 alia?
1698 4345 1789 4424 Equi·

437 4429 501 4490 ulem
525 4433 600 4490 inest
625 4429 713 4502 plitbn
738 4429 863 4488 Telluris
885 4429 1043 4490 seeundum
1067 4439 1193 4488 tractum
1215 4432 1279 4488 uis
1302 4441 1330 4488 ιι
1353 4429 1490 4488 librarum
1511 4433 1560 4490 uri
1582 4429 1789 4507 purullelarmu

428 4516 569 4580 ,inretitus
594 4521 622 4574 in
645 4535 676 4576 se
699 4516 841 4592 dirigendi
865 4531 1014 4595 tnugmtes
1038 4529 1065 4576 et
1081 4517 1246 4592 magnetica
1258 4519 1366 4578 ouuniu.
1390 4519 1576 4594 magnetibus
1598 4535 1673 4578 reru
1688 4529 1788 4580 mutus

435 4609 508 4666 inest
532 4607 669 4664 isettltss.
702 4605 777 4664 burte
805 4606 923 4682 plepem
945 4605 1072 4664 Telluris
1096 4603 1265 4680 quaerendi.
1311 4605 1386 4664 Cum
1416 4607 1505 4680 igitur
1530 4604 1722 4668 menifestum
1744 4609 1788 4674 ult.

433 4693 554 4770 globum
576 4693 701 4752 'l'elluris
733 4693 918 4752 ininrmsturn
941 4711 1005 4753 ιιιι
1028 4693 1122 4752 formu
1144 4709 1283 4769 corperea
1306 4691 1457 4752 rectilineo
1478 4691 1642 4752 seeundum
1664 4703 1788 4755 unctum

434 4785 496 4842 usis
520 4784 604 4860 primi
628 4793 739 4840 nunus.
772 4797 830 4838 ιιιιι
854 4779 979 4840 absurde
1002 4779 1095 4840 eidem
1120 4779 1229 4840 iormue
1252 4779 1389 4839 tribuitur
1415 4783 1503 4840 etism
1526 4780 1601 4842 hsce
1623 4783 1790 4842 consuetis

434 4869 602 4930 directionis
625 4869 689 4926 usis
714 4869 741 4925 iu
766 4867 882 4944 plagunt
904 4884 1019 4944 semper
1043 4865 1177 4926 nunidem.

525 4953 626 5014 l'rnsnt
650 4971 759 5028 αηιιιι
782 4973 843 5014 non
865 4963 957 5028 pnnen
980 4955 1088 5012 bnlnrr
1110 4953 1186 5013 cium
1200 4962 1308 5013 moires.
1358 4953 1452 5012 Terra
1465 4953 1553 5012 balnei
1567 4963 1686 5016 motum
1702 4959 1789 5016 recti·

433 5043 547 5102 lincunt
572 5043 721 5102 drumm.
754 5059 823 5116 erpo
846 5059 908 5100 nern
932 5043 1019 5102 balet
1049 5051 1163 5100 monem
1193 5042 1382 5100 eirctslarrm.
1432 5045 1457 5100 l.
1482 5041 1572 5102 Terra
1600 5053 1685 5106 totu.
1716 5061 1789 5120 qus·

433 5139 519 5190 tenuo
541 5140 603 5190 tots
626 5141 655 5188 et
678 5139 812 5206 respectu
836 5147 907 5190 sune
933 5133 1081 5202 meterius,
1107 5141 1218 5188 motum
1240 5129 1328 5206 piune
1350 5127 1463 5188 nullum
1485 5129 1576 5190 babet
1598 5131 1787 5205 neturulltcr3

433 5219 571 5278 ιιιιιιιιι
601 5217 695 5290 ιιιίιιι,
728 5231 788 5294 quo
816 5215 942 5294 plurima
965 5215 1054 5278 Terre
1085 5225 1213 5290 constet,
1244 5219 1362 5294 propris
1393 5229 1438 5276 est
1463 5219 1583 5290 inertis,
1618 5233 1787 5298 repuguuur
