4459 6275
869 772 953 831 Liber
969 774 1097 845 Quum
1133 776 1201 834 um
1218 771 1354 833 scande.
1425 792 1431 806 ¹
1720 775 1784 841 m

434 945 503 1027 plus
524 946 569 1009 illi
591 947 884 1028 obsceniorem
906 953 991 1016 butes
1013 954 1081 1016 binc
1103 955 1166 1017 bert
1187 954 1332 1026 existimo,
1355 951 1493 1013 stultns
1506 952 1618 1015 rulime
1632 949 1786 1031 plenorum

433 1034 602 1097 Maelium
623 1035 720 1099 Soteri
742 1044 776 1099 ut
796 1039 910 1115 iustiori
930 1041 997 1120 plus
1020 1042 1233 1116 obsecundans,
1254 1042 1342 1102 sicuti
1363 1045 1427 1099 teto
1448 1055 1504 1099 sue
1525 1037 1609 1101 coele
1631 1040 1710 1101 circs
1728 1037 1786 1099 Se·

433 1123 503 1196 lem,
526 1126 570 1184 stc
590 1125 679 1185 etiem
703 1142 823 1203 corpere
846 1129 924 1189 circs
945 1130 1074 1204 Terram,
1097 1133 1153 1192 rob
1176 1129 1299 1190 sedieeo
1321 1132 1444 1203 cogetur
1465 1124 1609 1201 incedere,
1631 1142 1685 1187 seu
1708 1126 1788 1187 orbi·
1879 1148 1884 1163 ·

434 1218 498 1271 isse
519 1224 606 1271 susm
628 1214 706 1275 eires
727 1212 848 1276 Tenem
869 1215 991 1278 redisce
1014 1217 1214 1279 subordinem.

524 1298 1787 1376 namnamrnsaeemanaenmmna,eueneonssuiru
1889 1278 1891 1283 ⁴

433 1387 745 1467 emisam
767 1389 893 1451 mm
913 1395 1021 1466 speciei
1043 1390 1339 1463 terruerisiucedut,
1363 1386 1648 1466 puiawdiaeuret
1670 1405 1787 1464 aequo-

432 1481 484 1535 tor
505 1474 567 1533 illie
586 1476 623 1534 iri
640 1477 784 1551 partibus
804 1485 879 1538 semi
895 1480 1049 1554 parelleli,
1071 1487 1106 1538 at
1127 1484 1164 1541 in
1181 1481 1278 1556 sionis
1299 1474 1569 1553 aequinoctialibus
1584 1475 1704 1551 oblique
1720 1482 1788 1534 tro·

433 1563 508 1621 mise
536 1561 618 1623 leuno
642 1567 770 1638 weciem
799 1569 913 1625 tareni
940 1570 1078 1642 corperis
1105 1565 1263 1641 trajiciat?
1292 1563 1420 1624 Rursum
1449 1559 1552 1622 eedem
1573 1561 1611 1622 sd
1634 1562 1710 1621 hene
1732 1561 1787 1622 ob·
1866 1612 1869 1618 .

430 1647 593 1724 ieetienem
616 1648 784 1731 diluendum
805 1650 977 1730 respondeo,
1001 1670 1077 1730 quse
1092 1655 1169 1715 circe
1182 1652 1361 1714 latitudines.
1400 1648 1520 1712 Scilicet
1533 1651 1645 1728 species
1660 1652 1788 1728 corporis

434 1735 564 1795 Telluris
587 1737 618 1796 in
639 1739 687 1797 sui
707 1737 805 1799 medio
827 1740 883 1801 sub
906 1749 1065 1817 ommibus
1088 1749 1133 1802 est
1152 1741 1320 1812 fortissime,
1344 1737 1382 1799 sd
1403 1738 1497 1798 lutere
1519 1738 1686 1813 sequuturis
1702 1737 1788 1796 debi-

432 1823 504 1897 lior,
528 1824 600 1899 quis
621 1825 710 1885 etism
733 1829 762 1884 tn
785 1827 880 1897 toute,
904 1842 945 1889 ec.
967 1830 998 1887 iu
1020 1827 1110 1905 globo
1134 1828 1250 1903 Terrae,
1274 1825 1374 1889 circuli
1395 1825 1563 1903 sequuturis
1586 1820 1733 1903 parelleli,
1757 1833 1790 1883 ut

434 1911 573 1984 minores,
597 1910 709 1972 terdius
730 1916 888 1975 incitantur
908 1932 998 1993 quem
1020 1924 1174 1994 sequetur,
1196 1914 1321 1977 circulus
1344 1914 1498 1973 maximus.
1532 1910 1582 1971 Fit
1603 1912 1691 1988 igitur
1706 1928 1788 1971 cem·

433 1999 587 2075 pensabo:
610 2006 644 2059 ut
666 2016 726 2076 qus
740 2001 824 2062 liuns
846 2003 950 2063 testem
972 2005 1118 2082 experitur
1140 2005 1268 2083 speciem
1291 2003 1451 2075 metricem,
1474 1999 1515 2059 ibi
1537 2016 1595 2059 nen
1618 2006 1710 2060 totum
1732 1998 1788 2058 ob-

433 2092 551 2158 servet,
581 2086 611 2145 iu
633 2094 832 2149 tremuersum
855 2092 970 2165 obiens,
994 2107 1054 2167 que
1076 2097 1168 2152 ioum
1191 2092 1344 2163 observet,
1364 2087 1411 2147 'illi
1434 2089 1550 2167 pentius
1574 2083 1789 2161 obsecundans,

434 2172 478 2233 ibi
506 2171 635 2234 debilem
662 2179 838 2254 experiatur.
891 2178 956 2237 Etsi
982 2178 1018 2239 de
1048 2177 1217 2239 omnimode
1247 2177 1484 2256 compensatione
1512 2173 1586 2233 nibil
1618 2176 1787 2253 pronuncio,

435 2276 503 2321 cum
525 2259 629 2322 lunae
655 2261 877 2325 obserationee
905 2267 1065 2326 etismnum
1092 2269 1121 2324 tu
1154 2267 1280 2327 minimis
1315 2263 1489 2324 dissentiant
1519 2278 1537 2320 e
1565 2263 1788 2340 quibuscunque

432 2345 568 2420 “Militi
590 2349 791 2427 incertumque
813 2355 860 2425 sit,
884 2369 1024 2430 quonum
1045 2354 1196 2414 referende
1217 2354 1257 2413 sit
1278 2351 1330 2412 ille
1352 2350 1555 2430 discrepantia„

528 2435 687 2513 Qeumodo
709 2437 804 2499 Leuso
831 2446 927 2516 petest
947 2444 1040 2500 aiom
1062 2445 1144 2501 eirca
1167 2441 1266 2500 Solem
1287 2440 1366 2516 ferri
1388 2446 1474 2499 motu
1496 2454 1621 2511 annue,
1648 2435 1790 2497 satellites

434 2529 573 2599 quatuor
594 2525 676 2583 eirea
695 2525 806 2586 Jouem
828 2531 983 2588 communi
1005 2537 1090 2588 mma
1111 2527 1339 2602 manuali,
1360 2528 1403 2587 eie
1422 2533 1458 2585 ert
1478 2528 1602 2585 interim
1622 2540 1687 2585 nen
1708 2522 1790 2582 dese-

435 2617 514 2670 rant
536 2611 582 2671 vel
604 2609 770 2688 dimittent
792 2614 888 2674 Luna
907 2615 1045 2695 Terram,
1067 2615 1205 2676 Jooioles
1227 2615 1346 2688 Jovem,
1368 2616 1395 2673 si
1415 2610 1512 2672 nul&
1532 2610 1655 2671 orbibus
1677 2612 1791 2670 anmi

435 2705 520 2771 sunt,
541 2698 598 2757 iila
625 2697 754 2773 Terrae,
783 2701 816 2760 lei
835 2702 933 2763 Jeoi?
964 2701 1048 2762 circe
1070 2702 1170 2763 Solem
1192 2690 1309 2779 e'puidem
1332 2698 1495 2761 secundarii
1519 2698 1664 2758 vehuntur
1686 2694 1790 2757 eedem

437 2786 549 2845 virtute
569 2788 679 2862 speciei
695 2786 814 2862 soleris,
839 2807 898 2865 que
919 2791 1008 2851 etiem
1030 2792 1160 2867 primerii
1184 2790 1309 2863 illemm,
1331 2788 1433 2849 Tellus
1456 2793 1486 2847 et
1500 2785 1618 2863 Jupiter
1634 2783 1790 2857 vehuntur,

435 2874 702 2948 circumagerentur
716 2891 787 2935 vero
812 2884 893 2936 unte
915 2877 1040 2938 celerius
1061 2894 1150 2954 quem
1166 2879 1211 2937 sui
1228 2878 1366 2955 primarii,
1388 2882 1500 2953 queute
1513 2885 1582 2935 sunt
1596 2871 1791 2952 expeditiores

434 2958 475 3021 sd
499 2967 611 3019 metum
633 2960 792 3036 densitate,
816 2964 909 3039 mole,
932 2964 1070 3043 pendere,
1093 2966 1151 3023 nisi
1172 2966 1364 3025 retinerentur
1384 2971 1415 3025 et
1433 2970 1638 3040 premerentur
1660 2978 1679 3020 e
1699 2959 1790 3021 Terre

435 3042 467 3109 et
488 3045 568 3107 Jove
590 3049 621 3106 si
644 3051 826 3126 magnetica,
853 3052 916 3128 ejus
938 3051 1043 3124 simili,
1075 3070 1135 3130 que
1158 3055 1245 3111 etism
1269 3050 1320 3111 Sol
1343 3049 1492 3131 praeditus
1514 3057 1568 3111 eet.
1613 3047 1698 3109 Hsec
1719 3062 1789 3107 veru

435 3134 632 3214 prenndenis
655 3139 716 3212 vis,
739 3146 772 3198 ut
793 3155 882 3217 suprs
904 3141 994 3200 etism
1016 3138 1053 3201 de
1076 3139 1203 3218 planetis
1225 3139 1343 3215 dictum,
1366 3140 1530 3199 sentinetur
1552 3136 1703 3200 concertis
1727 3136 1790 3194 rir-

435 3223 551 3283 tutibus
573 3239 711 3285 nemesus
732 3243 922 3303 recessusque
938 3227 1040 3287 Lunae
1062 3228 1193 3299 eTerra,
1217 3233 1250 3287 ut
1271 3242 1348 3303 quse
1368 3223 1505 3289 revolute
1526 3225 1605 3286 circe
1626 3239 1711 3285 exem
1733 3221 1815 3283 lsscx

435 3312 625 3389 preussu'eue
647 3329 746 3374 mcum
769 3316 858 3374 etism
881 3314 994 3375 Lunum
1017 3315 1203 3392 circumegit,
1232 3312 1336 3393 plagas
1365 3314 1411 3374 sui
1434 3315 1579 3390 corporis,
1607 3312 1714 3389 quibus
1736 3327 1789 3370 sc·

436 3415 538 3460 eurus
565 3406 595 3459 ci
622 3416 755 3461 recessus
782 3400 944 3479 perficitur,
974 3403 1088 3463 interim
1119 3409 1342 3481 permutantem.
1385 3400 1511 3480 Respice
1537 3399 1790 3461 reomenses.

435 3486 533 3561 Finge
563 3486 682 3565 plegem
712 3487 795 3564 globi
816 3488 1066 3550 Luuee'smicsm
1089 3488 1196 3551 Terrae
1219 3489 1335 3549 obverti
1356 3501 1411 3549 uec
1433 3490 1590 3567 permutari
1612 3503 1679 3549 cum
1702 3484 1791 3565 pinge

436 3574 593 3648 senueris,
616 3574 694 3651 finge
718 3576 805 3636 etiem
821 3575 941 3636 Tenem
962 3594 1022 3637 uon
1044 3580 1135 3637 reteri
1156 3580 1234 3637 circe
1256 3594 1350 3652 uem,
1374 3577 1440 3637 terri
1462 3585 1560 3637 temen
1583 3577 1660 3636 circe
1674 3572 1791 3634 Solem:

435 3660 486 3721 bie
509 3660 595 3722 Luus
624 3670 721 3724 curret
750 3661 874 3724 eundern
904 3682 1021 3724 cursum
1048 3682 1115 3725 cum
1138 3665 1228 3725 Terre
1251 3665 1425 3740 interimque
1448 3672 1477 3723 et
1499 3664 1628 3724 trebetus
1650 3679 1669 3722 e
1691 3661 1790 3732 Terre,

435 3764 532 3824 usque
557 3748 625 3808 dum
648 3747 692 3807 illi
714 3749 752 3810 sd
775 3758 941 3811 contectum
965 3753 1072 3812 senisu
1118 3752 1212 3828 Finge
1235 3753 1364 3811 vicissim
1386 3749 1463 3811 idem
1486 3749 1523 3810 dc
1546 3750 1636 3829 plsgs
1656 3750 1790 3808 inimices

435 3835 486 3897 bic
509 3834 597 3897 Lens
618 3837 711 3913 lugiet
732 3836 852 3898 'serrem
875 3841 1033 3917 tantisper,
1061 3837 1130 3897 dnm
1157 3844 1241 3899 extre
1262 3837 1362 3897 orbem
1389 3839 1504 3897 virtutis
1531 3837 1639 3898 'leuse
1667 3849 1792 3912 magne-

436 3924 515 3984 nese
537 3925 666 3999 venerit,
689 3932 760 3985 tene
781 3942 854 3986 sene
874 3943 906 3987 se
929 3927 1077 4005 permittet
1098 3926 1154 3985 seli
1177 3927 1273 4002 reptui
1289 3923 1368 3985 Solis
1391 3930 1420 3984 et
1442 3927 1485 3985 sic
1507 3926 1623 4002 penitus
1645 3921 1791 3984 eberrnbit

435 4029 457 4071 s
479 4009 580 4071 Terre

525 4097 650 4171 Dicirti,
672 4098 808 4159 meliten
829 4099 978 4158 &udum
997 4100 1108 4159 Terrae
1129 4098 1224 4175 paulo
1245 4100 1348 4158 minue
1370 4116 1464 4175 mmm
1486 4102 1619 4175 saepia
1632 4098 1791 4173 coemtio·

434 4202 502 4246 rem
525 4202 585 4245 erse
606 4185 676 4246 orbe
698 4186 823 4246 Lunae:
853 4194 896 4245 ert
922 4203 995 4248 uere
1015 4185 1095 4246 meu
1120 4185 1231 4246 Terrae
1252 4186 1384 4246 σίνοιιῑιιι
1404 4188 1504 4246 seeo
1525 4193 1648 4246 matum
1670 4184 1793 4244 celeria

435 4272 548 4346 moa,
571 4275 646 4348 aree
667 4276 796 4349 minio
818 4272 922 4333 deber
943 4278 1046 4334 minue
1067 4276 1184 4333 semisse
1206 4274 1300 4333 Luna
1321 4275 1495 4335 reuertitur.
1544 4272 1676 4334 Tardior
1697 4271 1793 4347 icitur

434 4367 479 4421 est
501 4360 635 4420 circulw
653 4361 765 4420 Terrae
786 4368 889 4420 cessim
906 4359 1015 4423 Leones
1035 4365 1117 4422 circo
1142 4361 1271 4421 Terreni
1290 4363 1326 4420 irs
1347 4363 1468 4421 ratione
1489 4361 1595 4438 duffio.
1637 4356 1793 4438 Quoumdo

434 4450 534 4525 ipiira
556 4463 680 4523 eorpus,
710 4448 793 4525 ested
814 4448 924 4507 saeue
947 4450 1081 4520 tarmus,
1112 4448 1223 4526 inferet
1244 4448 1354 4508 Lunae
1375 4456 1494 4508 motum
1513 4464 1570 4508 suo
1590 4450 1686 4523 ipsius
1706 4452 1794 4506 moise

434 4536 589 4609 maiorue
617 4534 710 4612 duple
737 4543 765 4594 et
786 4536 981 4596 maen?
1010 4538 1076 4597 Non
1100 4544 1146 4595 eet
1167 4536 1241 4596 bueo
1263 4536 1390 4611 obiectio
1414 4536 1523 4595 Luumt
1545 4536 1638 4595 metui
1661 4531 1793 4611 peculis-

435 4624 508 4682 riter
530 4621 665 4695 adverse,
688 4621 741 4683 sed
763 4624 955 4683 communiter
977 4625 1112 4684 omnibus
1134 4622 1270 4699 plancis,
1293 4641 1348 4684 nec
1369 4624 1528 4700 quicquum
1550 4622 1640 4682 hebet
1662 4618 1791 4682 ebsurdl.

436 4710 573 4785 Corpore
603 4710 682 4769 enim
704 4710 762 4769 iste
782 4710 862 4770 Solis
885 4719 914 4769 et
936 4710 1064 4771 Telluris
1085 4728 1144 4770 non
1168 4718 1288 4771 movent
1309 4718 1462 4783 ceutsctu,
1492 4708 1546 4770 sed
1566 4709 1722 4786 speciebus
1746 4708 1792 4767 sui

437 4796 571 4858 uisum
592 4813 647 4856 seu
670 4796 822 4874 explicetis
845 4799 875 4855 in
898 4814 1012 4859 emnem
1036 4799 1166 4877 corporis
1188 4798 1306 4858 mobilis
1329 4797 1464 4858 orbitsm.
1498 4795 1569 4857 ism
1590 4798 1704 4874 species
1726 4810 1793 4854 eor-

436 4884 519 4961 pexu
542 4882 666 4957 Terrae,
697 4891 957 4962 quantumcunque
985 4904 1037 4963 per
1065 4888 1195 4964 spetiem
1225 4901 1383 4957 emunim,
1419 4884 1542 4944 vertitur
1569 4902 1636 4945 curn
1665 4878 1792 4955 Tellure,

436 4971 521 5032 iente
543 4986 608 5045 sue,
631 4972 736 5033 eedem
759 4978 888 5049 ternpore
910 4973 1048 5033 bererum
1070 4976 1122 5045 24,
1146 4988 1213 5033 cum
1234 4979 1332 5033 temen
1356 4989 1392 5032 ee
1415 4970 1490 5057 loce,
1513 4967 1573 5049 quo
1595 4974 1716 5049 prenset
1730 4967 1793 5028 Lu·

437 5075 519 5132 uum,
540 5060 581 5118 sit
602 5057 735 5135 ejusdem
758 5059 959 5138 amplitudinis
982 5076 1049 5121 eum
1071 5062 1142 5121 orbe
1165 5059 1276 5120 Luuse.
1319 5059 1459 5119 Permeet
1479 5059 1568 5135 igitur
1590 5060 1648 5117 iste
1668 5055 1792 5133 species,

437 5146 577 5223 suentes
598 5146 723 5223 amplier
746 5146 850 5222 Terre,
873 5155 1006 5225 permeet
1027 5150 1146 5223 inquom
1170 5146 1272 5207 Lunse
1295 5146 1420 5206 orbitam
1443 5151 1535 5206 tetum
1558 5147 1589 5203 iu
1611 5160 1671 5203 uno
1692 5157 1793 5204 meuse

438 5234 547 5309 uides,
571 5247 638 5300 cum
651 5234 738 5301 sues
759 5235 836 5296 inus
857 5234 934 5301 idem
956 5236 1086 5315 medum
1108 5241 1272 5297 mutetur
1289 5240 1407 5294 tentum
1421 5230 1522 5308 semel,
1544 5231 1794 5313 Tursespeeieu
