4459 6275
507 779 576 855 m·
1007 771 1149 847 Ἐρῐιουιιι
1166 772 1357 833 Astrouomiee

508 953 673 1032 parallela3
696 952 799 1017 eodem
821 953 934 1017 seilicet
955 953 1044 1015 modo
1067 956 1139 1027 sitas
1161 953 1244 1013 ridet
1265 961 1325 1013 tam
1347 952 1424 1015 altas
1448 955 1477 1011 in
1498 952 1588 1031 plaga
1608 951 1753 1027 maridas,
1775 966 1866 1029 quam

509 1042 637 1105 humiles
660 1045 688 1101 in
712 1042 802 1119 plage
824 1043 1061 1118 septentrionis*
1085 1041 1144 1103 Hic
1166 1043 1255 1118 igitur
1278 1043 1431 1101 conversio
1455 1041 1554 1103 rultus
1574 1042 1728 1118 sequentis
1749 1042 1868 1101 stellam

508 1139 603 1203 earet,
627 1149 664 1193 aa
686 1132 761 1190 situs
784 1139 942 1191 evertatur.
987 1127 1072 1203 Quae
1095 1146 1166 1189 vero
1187 1138 1257 1189 sunt
1278 1130 1355 1187 intra
1374 1126 1561 1203 complexum
1579 1128 1633 1204 VQ
1653 1127 1790 1205 paralleli
1811 1146 1865 1205 per

509 1220 666 1290 verticem,
697 1219 740 1278 sie
768 1225 800 1276 ut
830 1216 875 1275 his
904 1218 936 1274 in
958 1215 1191 1292 septentrionali,
1203 1214 1367 1291 quadrante
1388 1214 1551 1275 meridiani·
1564 1218 1687 1277 veniant
1713 1214 1754 1277 ad
1776 1217 1868 1277 meri·

507 1304 642 1374 manum,
675 1304 764 1365 semel
795 1320 861 1363 com
882 1310 952 1363 suut
973 1302 1135 1364 altissimae
1157 1305 1187 1362 in
1209 1302 1247 1377 S,
1269 1301 1450 1365 semel-eum
1471 1302 1653 1365 humillimae
1677 1306 1707 1363 in
1730 1303 1765 1376 1,
1796 1306 1868 1379 quia

507 1400 576 1453 tuuc
599 1392 754 1468 utrobique
784 1390 882 1451 vultus
911 1392 1071 1466 spectantis
1101 1392 1131 1448 irr
1163 1387 1286 1451 eandem
1307 1389 1427 1466 plagam
1454 1390 1515 1466 poli
1536 1392 1731 1464 eonvertitur,
1764 1408 1867 1451 earu·

459 1526 463 1547 ,
508 1481 597 1555 igitur
618 1482 707 1539 situnr
730 1472 851 1539 neeesse
873 1486 919 1539 est
940 1479 1033 1537 everti
1055 1471 1205 1553 prensam
1228 1476 1349 1537 aliarum
1373 1479 1449 1537 enim
1470 1486 1570 1553 partes
1590 1495 1610 1541 a
1630 1477 1702 1557 polo
1725 1480 1867 1539 remotio·

507 1568 600 1629 simae
621 1575 690 1627 sunt
711 1582 876 1642 supremae,
900 1563 1054 1623 humilium
1078 1572 1178 1627 contra
1200 1572 1299 1640 partes
1319 1561 1390 1639 polo
1411 1567 1573 1639 proximae.

596 1652 778 1713 Contrarium
803 1652 835 1709 lit
857 1655 886 1709 iu
910 1650 1014 1720 stellis,
1039 1668 1114 1725 quae
1139 1652 1270 1709 oriuntur
1285 1659 1315 1711 et
1338 1651 1483 1711 oocidunt.
1526 1651 1774 1715 transsumere
1797 1649 1868 1711 rul-

507 1748 563 1810 tus,
586 1740 837 1800 constellationem
853 1740 1004 1814 sequentis
1020 1740 1049 1794 in
1064 1737 1169 1815 plagas
1184 1739 1354 1812 contrarias,
1378 1754 1512 1799 eversum
1526 1756 1628 1803 earum
1641 1741 1732 1799 ritum
1747 1755 1868 1815 reprae-

506 1836 611 1888 sentat.
669 1825 833 1885 Or'ientium
867 1829 944 1885 eninr
978 1834 1076 1900 partes
1110 1823 1318 1903 praecedentes
1350 1832 1420 1885 suut
1449 1829 1631 1901 superiores,
1665 1824 1867 1889 occidentium

506 1923 603 1991 partes
626 1922 792 1989 sequentes.
815 1912 869 1971 ¹In
892 1912 1018 1988 sphaera
1041 1913 1130 1986 igitur
1151 1921 1233 1973 recta
1252 1910 1286 1969 ht
1308 1910 1364 1971 hoc
1386 1911 1474 1971 modo
1497 1912 1599 1973 itidem
1620 1911 1757 1990 plenaria
1780 1930 1868 1975 erer-

506 2003 566 2075 sio,
598 2003 625 2058 in
657 2001 790 2077 sphaeris
819 1997 948 2076 obliquis
975 1997 1154 2075 semiplena3
1187 2015 1263 2074 quae
1287 2001 1364 2058 enim
1387 2000 1518 2065 oriuntur
1540 2008 1654 2073 ereata,
1688 2002 1869 2063 occumbunt

506 2097 607 2161 strata,
631 2105 726 2164 prona
749 2086 795 2146 rel
810 2088 924 2162 supine,
948 2084 1035 2161 idque
1057 2087 1136 2147 sarie
1152 2102 1206 2162 pro
1228 2085 1332 2162 majori
1348 2087 1396 2146 val
1411 2089 1514 2147 minori
1530 2086 1706 2164 obliquitate
1721 2088 1868 2165 sphaerae

506 2191 618 2252 proque
639 2178 698 2233 situ
722 2173 978 2233 constellationum
1002 2175 1030 2229 in
1053 2172 1206 2249 superlicio
1229 2172 1371 2249 sphaerae
1393 2173 1525 2235 fixarum

593 2264 622 2321 d.
658 2260 816 2338 Quomodo
839 2263 1026 2335 eoqnosettur
1048 2278 1138 2321 moro
1158 2260 1260 2319 sullae
1283 2260 1329 2319 oel
1353 2264 1464 2335 puncti
1485 2263 1634 2338 amatque
1658 2278 1762 2338 rupea
1783 2262 1870 2323 irari·

506 2347 649 2407 sonum?
671 2346 819 2406 Beneficio
842 2346 976 2423 paralleli
1001 2363 1052 2422 per
1074 2345 1191 2407 stellam
1212 2364 1264 2405 seu
1287 2357 1427 2423 punctum
1451 2347 1545 2409 ducti:
1575 2357 1657 2411 secat
1680 2352 1763 2411 enim
1784 2349 1868 2413 ittam

508 2435 645 2507 horizon,
673 2436 773 2510 itaque
804 2452 871 2510 pars
901 2435 956 2493 sub
988 2433 1140 2495 horizonte
1162 2433 1257 2495 latens
1285 2443 1330 2493 est
1357 2445 1560 2509 argumentum
1583 2436 1740 2499 absentiae
1761 2436 1868 2499 stellae

466 2524 470 2533 '
507 2522 582 2581 inira
605 2521 797 2594 horizontem,
821 2521 886 2594 rol,
909 2523 934 2579 si
957 2519 992 2579 de
1017 2520 1085 2580 Sole
1108 2522 1232 2597 agimus,
1256 2524 1368 2594 noetis,
1392 2520 1555 2599 diciturque
1576 2540 1663 2585 mour
1686 2534 1869 2601 noelrmt

507 2627 575 2686 pars
598 2618 716 2668 exstans
740 2616 784 2667 est
807 2618 1010 2685 argumentum
1034 2624 1133 2669 morae
1155 2625 1246 2684 supra
1267 2607 1457 2683 horizontem,
1479 2628 1544 2683 seu,
1568 2627 1635 2671 eum
1658 2610 1780 2675 msere
1802 2613 1870 2688 egi·

508 2715 584 2768 mus,
614 2695 687 2768 diei,
721 2694 883 2771 diciturque
911 2712 996 2754 arcus
1019 2693 1149 2767 diurnus,
1178 2712 1265 2771 quem
1294 2693 1364 2757 lieet
1394 2696 1445 2759 rel
1474 2699 1583 2761 circino
1610 2699 1738 2761 dimehri
1767 2697 1866 2776 adque

508 2792 602 2843 totum
625 2780 799 2859 parallelum
822 2799 1001 2857 comparare.

596 2870 780 2945 Sequeretar
801 2868 864 2942 hoe,
887 2872 913 2926 ri
934 2870 1018 2928 atella
1041 2868 1087 2926 uel
1107 2867 1160 2926 Sol
1183 2864 1366 2927 describeret
1378 2877 1463 2929 motu
1478 2887 1533 2930 tato
1556 2871 1646 2930 talem
1657 2872 1869 2947 parallelum

507 2957 559 3017 aed
580 2957 683 3015 dmiati
704 2973 810 3030 supro,
832 2956 950 3015 stellam
972 2956 1019 3015 vel
1042 2954 1142 3013 Solem
1164 2974 1230 3015 non
1255 2960 1356 3017 tenire
1378 2960 1412 3019 tn
1434 2957 1497 3017 olio
1511 2965 1630 3032 porreto
1650 2960 1737 3019 illiue
1750 2960 1867 3033 circuli,

508 3044 560 3104 sed
580 3062 638 3103 esse
660 3044 706 3101 illi
728 3044 809 3101 relat
831 3043 963 3118 officum
985 3043 1020 3101 iar
1042 3043 1134 3102 urimo
1152 3051 1277 3117 panem.
1320 3042 1403 3103 Nihil
1424 3042 1481 3102 hoc
1497 3044 1628 3123 impedit,
1652 3064 1721 3107 nem
1737 3057 1771 3106 ut
1793 3045 1868 3107 libro

507 3130 638 3192 seeundo
661 3132 789 3190 monitus
812 3147 851 3204 es,
876 3129 994 3206 lingitur
1017 3128 1092 3188 alins
1115 3128 1276 3205 parallelus
1298 3130 1465 3206 immobilis,
1489 3143 1659 3210 superstans
1682 3133 1755 3194 huie
1768 3132 1868 3212 paral·

508 3219 568 3279 lelo
590 3219 692 3277 mobili
715 3221 744 3275 irr
768 3217 870 3278 eodem
894 3216 982 3294 plano
1006 3219 1185 3292 continuato,
1209 3234 1295 3294 quem
1318 3216 1492 3294 parallelum
1513 3219 1600 3280 stella
1615 3219 1767 3282 describat
1788 3221 1869 3284 velat

508 3308 537 3363 in
562 3305 661 3383 aliquo
685 3303 819 3364 tabulato
841 3321 931 3376 caro,
962 3301 1041 3378 quod
1065 3303 1138 3363 fixas
1167 3312 1256 3380 teget.
1300 3303 1402 3364 Talem
1426 3308 1515 3384 igitur
1538 3307 1719 3369 immobilem
1748 3327 1868 3388 reprae-

511 3401 607 3453 sentat
629 3393 678 3451 hie
700 3391 817 3450 mobilis
839 3389 1006 3466 parallelus.

597 3484 637 3538 Ar.
665 3480 720 3537 hoe
741 3480 917 3555 fipnrerrtum
942 3477 1075 3553 quadrat
1098 3485 1218 3536 tuntum
1242 3479 1284 3537 od
1304 3487 1421 3539 motum
1444 3481 1530 3554 cocli3
1563 3490 1596 3542 tu
1626 3487 1769 3545 verevis
1797 3483 1868 3544 Ter·

508 3583 579 3627 rom
608 3569 734 3625 moa’err’.
778 3565 875 3642 Saepe
906 3581 1077 3640 responsum
1108 3571 1167 3637 est,
1199 3568 1341 3625 rationem
1372 3584 1435 3625 esse
1464 3565 1552 3645 plane
1583 3569 1717 3632 eandem.
1765 3571 1868 3647 Qualis

405 3692 411 3700 -
509 3656 586 3713 enim
601 3653 649 3712 hle
665 3651 782 3730 lingitur
803 3649 961 3728 parallelus
977 3650 1134 3709 immobilis
1156 3654 1187 3709 irr
1203 3651 1335 3712 tabulato
1358 3652 1458 3730 aliquo
1482 3672 1571 3733 supra
1586 3656 1668 3732 dras,
1692 3657 1763 3719 talis
1780 3663 1869 3720 etiam

510 3739 670 3818 respondet
691 3738 850 3816 parallelus
872 3743 900 3797 in
924 3737 1029 3810 Terra,
1060 3737 1268 3798 subordinatus
1290 3739 1431 3815 parallelo
1463 3741 1598 3816 coelesti,
1631 3754 1662 3804 ut
1685 3757 1812 3825 apparet
1834 3765 1869 3808 ex

507 3830 608 3904 genesi
638 3826 854 3904 parallelorum.
898 3827 991 3900 Finge
1024 3842 1092 3901 ergo
1125 3825 1199 3902 lieri,
1235 3835 1266 3883 ut
1296 3826 1447 3886 volutione
1470 3827 1598 3890 'i'elluris
1628 3830 1716 3893 stella
1745 3838 1774 3895 irr
1805 3837 1869 3914 ipsa

506 3915 659 3996 superficie
674 3913 782 3973 Terrae
806 3930 858 3990 per
880 3911 947 3971 loca
971 3910 1011 3970 illi
1035 3910 1179 3989 parallelo
1203 3916 1311 3971 inserta
1333 3921 1470 3989 transeat,
1495 3926 1644 3992 spectator
1658 3937 1731 3979 vero
1754 3921 1869 3981 nonsit

508 4005 538 4061 in
561 4001 713 4078 superficie
736 4000 827 4075 globi,
850 4000 901 4059 sed
923 4002 1001 4057 intus
1024 4001 1053 4056 in
1077 4009 1191 4072 centro,
1214 4000 1322 4059 habeat
1346 3999 1527 4063 horizontem
1551 4006 1724 4081 parallelum
1748 4012 1795 4081 ei,
1818 4009 1869 4083 qui

509 4094 603 4166 tangit
633 4087 816 4167 superficiem
843 4090 872 4144 ln
899 4087 966 4144 loco
994 4089 1184 4163 spectatoris:
1213 4095 1349 4146 nascetur
1379 4088 1467 4165 plane
1497 4090 1600 4150 eadem
1629 4098 1759 4171 speeies,
1792 4111 1868 4172 quae

507 4179 603 4253 prins,
628 4192 693 4234 cum
717 4179 867 4252 ponimns,
891 4172 1007 4232 stellam
1030 4176 1059 4231 in
1082 4169 1202 4233 sublimi
1227 4174 1309 4234 coelo
1331 4177 1491 4251 circumire,
1514 4189 1710 4255 spectatorem
1734 4185 1764 4240 in
1787 4183 1869 4260 globi

510 4262 661 4339 superlicio
684 4269 771 4321 stare.

603 4349 712 4407 l'ellem
744 4350 826 4407 hune
848 4364 955 4406 orcum
986 4347 1088 4404 atellae
1112 4347 1157 4405 rel
1175 4352 1285 4421 puncti
1306 4353 1495 4423 super-iorem
1523 4370 1587 4413 nort
1609 4357 1726 4416 eirmno
1747 4357 1870 4418 mecho·

510 4438 585 4506 nice,
607 4436 658 4494 aed
679 4443 825 4495 ooturoto
847 4434 963 4494 eoleulo
985 4434 1129 4494 dirnetiri.
1174 4434 1207 4493 ld
1230 4434 1264 4494 fit
1276 4452 1389 4495 rursum
1411 4440 1441 4495 in
1469 4442 1563 4515 primo
1586 4440 1637 4499 illo
1660 4445 1747 4518 primi
1770 4455 1869 4506 motus

436 4543 439 4550 ·
510 4521 673 4594 triangulo,
704 4521 785 4597 quod
807 4531 851 4580 est
875 4522 949 4580 inter
972 4521 1086 4597 polum,
1122 4525 1259 4582 verticem
1288 4531 1319 4583 et
1340 4524 1467 4584 stellam.
1512 4527 1622 4586 Datum
1650 4533 1730 4588 enim
1752 4543 1870 4610 oportet

510 4623 574 4666 ease
596 4609 674 4669 latus
696 4609 749 4668 Pi·
777 4616 842 4676 (im.
860 4613 908 4677 ai)
931 4610 1006 4667 inter
1027 4609 1127 4685 polum
1148 4627 1285 4686 superam
1309 4618 1337 4668 et
1361 4607 1514 4687 remioem,
1541 4615 1619 4674 latus
1643 4615 1690 4676 PS
1713 4619 1793 4679 inter
1814 4637 1870 4697 po-

511 4692 570 4752 lum
597 4705 627 4754 et
655 4696 772 4756 stellam
801 4694 933 4770 ejusdem
957 4694 1178 4773 hemisphaerii,
1209 4695 1289 4771 quod
1312 4706 1356 4755 est
1384 4699 1628 4776 complementum
1651 4703 1868 4778 declinationi,

510 4778 634 4857 denique
656 4783 735 4842 latus
759 4780 809 4840 VS
832 4783 907 4840 inter
929 4785 1068 4842 verticem
1092 4782 1260 4854 matellam,
1284 4783 1363 4859 quod
1378 4795 1422 4845 est
1444 4804 1559 4864 semper
1574 4788 1733 4865 quadrans,
1757 4797 1869 4873 quippe

510 4884 575 4925 eum
599 4869 685 4929 stelle
707 4867 764 4926 hoe
788 4869 816 4924 in
840 4883 976 4942 processu
1000 4886 1114 4946 semper
1136 4871 1175 4927 sit
1197 4873 1226 4927 in
1250 4879 1314 4928 ortu
1338 4872 1386 4930 rel
1409 4890 1516 4935 occasu
1531 4877 1679 4952 ponenda.
1713 4880 1759 4939 Er
1773 4883 1869 4942 tribea

511 4952 556 5012 hls
579 4956 776 5030 praecognitis
798 4957 950 5028 quaeritur
973 4955 1046 5015 l'PS
1068 4955 1195 5029 angulus
1217 4955 1254 5017 ad
1277 4958 1394 5033 polum,
1425 4964 1549 5022 metiens
1575 4982 1675 5024 areum
1698 4965 1755 5028 ΒΜ
1777 4971 1869 5029 seml-

510 5037 643 5100 diumum
674 5039 788 5100 stellae.
834 5039 907 5100 Cum
939 5058 1008 5116 argo
1037 5042 1194 5102 declinatio
1224 5048 1263 5102 sit
1286 5047 1379 5104 minor
1400 5047 1556 5109 altitudine
1578 5057 1752 5128 aequatoris
1779 5056 1869 5132 (altu

509 5140 567 5184 non
590 5135 720 5188 orsrsmr
742 5123 947 5202 oecidoretque
969 5126 1063 5200 seua,
1087 5137 1119 5188 ut
1140 5133 1220 5205 prius
1242 5128 1365 5211 dietum)
1386 5151 1540 5211 processus
1562 5140 1595 5198 iit
1617 5139 1701 5201 talis:
