4459 6275
434 785 498 845 m
932 777 1075 848 Epitomos
1092 777 1282 835 Astrouomiae

434 955 612 1013 solstitiorum
629 953 713 1023 igitur
729 951 845 1008 alterum
868 967 923 1007 nou
942 951 1037 1014 oritur,
1055 952 1169 1008 alterum
1188 969 1244 1008 uon
1261 953 1375 1023 occidit,
1394 960 1423 1009 ot
1439 956 1608 1024 tropioorum
1624 956 1698 1015 alter
1714 964 1790 1015 wtus

433 1037 517 1105 latet,
542 1034 612 1092 alter
629 1043 704 1090 totus
722 1040 826 1089 exstat:
851 1033 898 1089 ille
920 1033 1093 1102 longissimae
1112 1033 1215 1101 noctis,
1241 1034 1286 1090 hic
1304 1034 1479 1106 longissimae
1497 1034 1550 1091 diei
1572 1052 1710 1093 mensura.
1746 1034 1791 1092 Sic

434 1132 496 1172 cum
513 1129 568 1170 uua
585 1113 731 1169 medietate
748 1121 822 1168 totus
841 1118 973 1181 aequator
990 1109 1124 1178 asceudit,
1143 1126 1203 1165 cum
1222 1111 1309 1167 altera
1327 1112 1403 1181 nihil,
1421 1112 1467 1168 Sol
1486 1113 1576 1183 igitur,
1594 1114 1623 1169 in
1640 1113 1790 1169 eommuni-

433 1197 486 1255 hns
502 1192 675 1250 medietatum
693 1192 814 1246 terminis
832 1205 958 1259 remens,
983 1191 1010 1244 in
1034 1205 1088 1244 uno
1111 1188 1177 1243 iacit
1195 1188 1266 1244 diem
1285 1191 1427 1259 aequalem
1453 1190 1507 1245 diei
1524 1190 1658 1258 naturali,
1681 1197 1790 1247 noem

433 1272 544 1343 nullam,
562 1273 591 1327 iu
609 1270 695 1327 altero
714 1268 884 1326 contrarium.

522 1366 551 1424 3.
578 1360 666 1438 Quod
688 1363 763 1420 intra
785 1359 915 1436 polarem
939 1358 1001 1419 dies
1024 1359 1172 1420 naturales
1190 1360 1300 1438 plures,
1323 1379 1382 1421 non
1399 1372 1496 1424 tamen
1513 1380 1624 1437 ornnes,
1648 1363 1705 1422 sub
1720 1358 1789 1439 polo

434 1459 528 1513 totum
550 1458 689 1510 semestre
711 1451 740 1506 in
764 1465 853 1507 unam
875 1445 952 1506 diem
974 1446 1021 1506 vol
1044 1456 1161 1507 noctem
1184 1447 1364 1510 artificialem
1388 1451 1544 1511 coalescat

539 1549 609 1619 Quia
625 1556 724 1613 uertex,
738 1561 786 1602 seu
807 1546 882 1616 polus
902 1544 1049 1601 horizontis
1066 1546 1139 1601 intra
1158 1547 1280 1615 polarem
1298 1555 1349 1610 est,
1367 1548 1473 1604 medius
1491 1554 1535 1604 est
1551 1549 1635 1618 igitur
1652 1546 1790 1605 interdum

368 1620 371 1628 ’
435 1630 506 1689 inter
522 1627 614 1700 polum
633 1625 788 1695 aequatoris
807 1632 834 1679 et
852 1624 944 1693 polum
962 1625 1117 1694 eclipticas,
1137 1632 1166 1680 et
1186 1625 1225 1680 sic
1243 1627 1323 1696 polus
1349 1628 1489 1697 eclipticas
1511 1636 1579 1684 tuno
1601 1627 1732 1685 humilior
1747 1636 1790 1685 att

434 1723 530 1765 uersus
547 1704 694 1773 meridiem,
713 1718 798 1773 quare
816 1703 958 1772 eclipticas
976 1717 1056 1757 mous
1075 1702 1148 1758 circa
1164 1702 1278 1758 alterurn
1297 1705 1443 1761 solstitium
1461 1708 1489 1761 iu
1508 1705 1659 1762 meridiano
1678 1714 1724 1764 est
1740 1704 1789 1761 sub

434 1786 583 1850 horizonte,
602 1800 657 1839 uon
674 1785 757 1852 igitur
774 1780 870 1835 oritur:
891 1778 1034 1849 oppositus
1052 1795 1132 1836 mous
1151 1781 1201 1836 sub
1214 1782 1277 1851 polo
1296 1786 1453 1853 sequuturis
1465 1803 1550 1856 supra
1567 1786 1791 1843 horizontamast

433 1875 462 1923 st
479 1867 518 1920 sio
535 1880 590 1919 nou
608 1863 720 1931 occidit,
741 1860 798 1917 illio
815 1859 899 1931 igitur
916 1859 1009 1922 latent.
1028 1860 1073 1915 hic
1091 1869 1201 1917 exstant
1219 1864 1269 1918 toti
1287 1865 1380 1919 circuli
1398 1865 1502 1920 dierum
1520 1864 1702 1925 naturalium.
1721 1874 1790 1933 qnos

435 1946 540 2002 habent
556 1942 603 1999 isti
621 1957 714 2005 arous;
733 1938 886 1994 intermedii
904 1952 968 1992 vero
987 1946 1114 1994 secantur
1131 1938 1166 1995 ab
1179 1941 1334 2011 horizonte;
1353 1944 1403 1998 sub
1421 1942 1485 2013 polo
1503 1952 1614 2000 secatur
1630 1942 1716 2012 plana
1732 1937 1789 1997 usl-

433 2024 486 2093 lna,
505 2021 554 2080 sed
572 2021 712 2078 dimidium
734 2034 827 2073 eorum
842 2017 925 2084 latet,
950 2016 1089 2072 dimidium
1108 2025 1211 2075 exstat.
1245 2020 1290 2076 Sic
1307 2037 1368 2076 oum
1387 2022 1512 2092 ecliptica
1529 2030 1641 2077 secetur
1663 2018 1698 2076 ah
1716 2016 1788 2073 lrorl·

434 2110 516 2159 uouts
533 2101 583 2157 tali
599 2101 627 2155 iu
645 2114 725 2155 arcus
744 2103 872 2164 quatuor,
900 2111 1015 2163 quorum
1034 2097 1158 2166 superior
1177 2114 1231 2153 uou
1249 2101 1359 2163 occidit,
1383 2100 1495 2157 inferior
1511 2116 1566 2154 non
1585 2096 1687 2168 oritur,
1709 2096 1791 2151 inter·

435 2181 517 2238 medii
536 2181 660 2236 oriuntur
677 2185 705 2232 et
723 2174 850 2231 occidunt
869 2181 896 2228 et
915 2173 961 2229 Sol
979 2173 1007 2228 in
1025 2175 1058 2230 iis
1076 2191 1195 2233 remane.

523 2274 553 2332 l.
585 2268 672 2346 Quod
694 2269 749 2327 sub
772 2273 931 2343 aequatore
955 2282 1055 2326 omues
1078 2266 1141 2328 dies
1162 2271 1223 2328 suis
1245 2269 1381 2330 noctibus
1404 2270 1552 2347 aequales.

539 2369 609 2439 Quia
626 2375 720 2424 centra
736 2364 897 2421 chomorum
915 2363 1018 2420 dierum
1036 2366 1201 2422 naturalium
1218 2368 1247 2424 in
1265 2384 1316 2423 axe
1335 2369 1429 2425 mundi
1442 2378 1514 2434 suut,
1533 2370 1593 2425 axis
1612 2384 1679 2424 earo
1696 2367 1791 2426 illisis

438 2445 588 2516 horizonte,
606 2445 721 2501 horinon
739 2443 821 2513 igitur
838 2443 953 2499 circulos
972 2445 1033 2500 illos
1051 2461 1146 2501 omnes
1164 2457 1240 2503 secat
1256 2449 1284 2503 in
1302 2458 1442 2518 segmenta
1464 2447 1598 2517 aequalia.
1633 2447 1680 2504 Sic
1697 2462 1791 2505 uos*

436 2531 526 2585 aiones
545 2524 776 2583 semicirculorum
799 2521 979 2591 undecunque
996 2524 1166 2594 inceptorum
1185 2542 1278 2582 omues
1296 2528 1367 2582 inter
1385 2542 1414 2583 se
1434 2533 1498 2582 suut
1514 2524 1661 2595 aequales,
1683 2540 1792 2597 semper

434 2609 518 2680 igitur
535 2602 722 2661 semicirculus
739 2608 802 2658 ante
820 2599 919 2670 Solem,
938 2603 1025 2658 noctis
1044 2613 1242 2674 argumentum,
1260 2604 1369 2673 aequali
1386 2612 1507 2674 tempora
1526 2606 1614 2661 oritur
1626 2618 1695 2663 uum
1713 2606 1791 2662 semi·

436 2684 538 2742 cusulo
555 2690 620 2754 post
637 2681 737 2751 Solem,
755 2680 808 2735 diei
825 2677 922 2734 indice.

504 2810 507 2815 -
523 2776 552 2836 d.
575 2772 662 2851 Quod
678 2780 760 2834 extra
773 2780 961 2848 aequatorem
972 2781 1085 2832 tantum
1101 2771 1159 2833 duo
1175 2774 1237 2834 dies
1253 2777 1320 2835 anni
1336 2778 1398 2837 suis
1413 2776 1551 2836 noctibus
1565 2777 1625 2835 sint
1640 2775 1792 2855 aequales,

329 2888 331 2895 ,
435 2863 613 2941 reliquorum
635 2862 729 2938 aliqui
751 2859 898 2937 longiores
913 2859 1057 2934 noctibus,
1080 2861 1173 2938 aliqui
1190 2863 1348 2938 breuiores,
1372 2871 1402 2924 et
1415 2862 1604 2927 brevissimus
1627 2862 1690 2925 dias
1705 2864 1792 2925 nobb

437 2954 466 3010 in
489 2951 675 3028 Capricorno,
699 2947 887 3024 longissimus
911 2949 940 3006 in
963 2946 1084 3008 Cancro.

540 3049 621 3106 Solus
640 3047 711 3103 euim
729 3053 861 3115 aequator
878 3046 962 3102 hebet
978 3053 1100 3103 centrum
1119 3046 1146 3102 iu
1165 3047 1246 3117 plano
1265 3048 1415 3106 horizontis
1432 3050 1577 3107 traductus
1595 3066 1647 3122 par
1663 3051 1792 3124 opposita

435 3127 491 3186 duo
508 3127 650 3199 eclipticas
667 3131 782 3198 puncta,
801 3125 875 3181 solus
893 3125 976 3195 igitur
993 3135 1102 3183 secatur
1120 3127 1147 3182 iu
1166 3127 1290 3198 nequalia
1312 3127 1347 3183 ah
1364 3128 1513 3186 horizonte.
1549 3130 1729 3203 Reliquorum
1746 3149 1792 3205 pa·

435 3208 590 3266 rallelorum
608 3213 703 3262 centra
720 3208 810 3263 omnia
828 3206 872 3262 vel
890 3225 974 3278 snpra
992 3209 1035 3263 rel
1053 3210 1125 3264 infra
1142 3218 1317 3281 aequatorem
1336 3218 1414 3281 suut,
1439 3214 1502 3281 quia
1525 3214 1585 3271 axis
1608 3213 1704 3270 mundi
1723 3214 1793 3272 hira·

436 3297 515 3345 catur
532 3288 566 3343 ab
585 3295 746 3355 aequators,
773 3288 878 3344 habens
896 3290 944 3344 illa
963 3299 1067 3357 centra;
1090 3290 1198 3346 illorum
1217 3292 1300 3361 igitur
1317 3290 1405 3359 major
1423 3310 1486 3362 pars
1505 3300 1548 3348 est
1569 3309 1668 3363 supra,
1695 3295 1792 3352 horum

435 3368 515 3437 inira,
534 3374 562 3422 et
579 3366 696 3420 maxima
714 3364 799 3433 illius,
825 3368 903 3434 cujus
928 3375 1050 3422 centrum
1074 3369 1102 3422 in
1124 3384 1175 3422 axe
1194 3371 1403 3427 remotissimum
1428 3371 1462 3425 ab
1480 3373 1627 3440 aeqdutore
1647 3381 1675 3426 et
1693 3373 1735 3429 sio
1752 3372 1793 3430 rel

436 3443 694 3503 eleuatissimumvel
706 3444 948 3513 depressissimum.
968 3445 1012 3500 Sic
1023 3446 1086 3500 illae
1095 3446 1182 3503 solum
1196 3448 1354 3504 medietates
1364 3450 1506 3518 eclipticas
1516 3450 1542 3503 in
1554 3449 1664 3519 obliqua
1677 3451 1794 3520 sphaera

439 3524 570 3595 aequales
588 3523 691 3579 habent
703 3523 882 3588 escensiones,
901 3540 971 3592 quae
984 3524 1117 3594 incipiunt
1129 3543 1145 3580 a
1157 3526 1266 3594 punctis
1279 3527 1529 3596 aequinoctialibus,
1548 3527 1670 3597 reliquas
1683 3527 1793 3585 aliunde

436 3606 561 3673 inceptae
579 3600 743 3669 inaequales.
780 3601 818 3656 Et
835 3601 942 3670 quidem
962 3601 1132 3670 semicirculi,
1152 3620 1266 3671 quorum
1286 3605 1361 3659 initia
1380 3620 1463 3673 penes
1482 3621 1531 3660 nos
1555 3606 1582 3659 iu
1606 3608 1794 3675 septentrione

437 3693 509 3751 sunt,
527 3681 645 3750 majores
663 3679 765 3734 hubent
783 3680 966 3749 ascensiones,
989 3682 1053 3750 quia
1075 3680 1229 3736 differentia
1248 3683 1442 3738 ascensionalis
1465 3684 1590 3753 principii
1615 3683 1793 3755 subtrahitur,

438 3763 499 3818 linis
523 3761 643 3829 additur;
665 3760 810 3814 maximam
828 3774 892 3812 vero
910 3761 1095 3815 ascensionem
1114 3760 1210 3829 habet,
1236 3762 1282 3830 qui
1301 3778 1318 3817 a
1334 3761 1466 3831 principio
1486 3761 1581 3816 Cancri
1598 3761 1709 3832 incipit,
1732 3765 1795 3835 quia

438 3842 507 3897 haas
525 3838 678 3896 differentia
696 3853 750 3894 aso.
771 3844 813 3892 est
830 3837 867 3891 ibi
885 3838 1009 3893 maxims.

509 3937 554 3995 ⁸6.
584 3932 670 4009 Quod
694 3933 753 3993 bini
778 3932 849 4006 dies,
873 3932 942 3993 Sole
965 3936 993 3991 in
1016 3933 1132 4010 punctis
1147 3930 1308 4007 acqualiter
1330 3950 1348 3992 a
1371 3934 1497 3993 solstitio
1512 3938 1632 3995 remotis
1650 3945 1794 4012 amunte,

439 4027 499 4084 siut
520 4024 595 4083 inter
617 4040 650 4082 se
672 4018 812 4097 aequales
835 4037 993 4096 earumque
1015 4030 1117 4080 noctes
1140 4019 1280 4078 similiter.

543 4121 614 4189 Quia
636 4136 685 4190 per
709 4118 776 4175 talis
794 4120 859 4175 bina
882 4128 985 4189 puncta
1006 4118 1077 4174 idern
1095 4118 1242 4187 parallelus
1260 4117 1419 4175 traducitur.
1455 4119 1511 4188 Sic,
1539 4122 1603 4188 quia
1620 4123 1794 4179 ascensiones

441 4200 671 4256 semicirculorum
689 4200 856 4269 inceptorum
875 4214 892 4253 a
908 4198 1008 4253 talibus
1026 4198 1096 4252 binis
1114 4199 1223 4265 punctis
1241 4196 1370 4266 aequales
1389 4206 1460 4253 sunt.

528 4296 556 4352 7.
588 4290 675 4368 Quod
688 4310 748 4352 una
765 4292 828 4352 dies
844 4294 959 4355 aestiva
982 4289 1135 4367 aequalem
1152 4292 1260 4351 lrabeat
1282 4299 1396 4349 noctem
1412 4289 1570 4366 hibernam,
1595 4291 1666 4352 Sole
1681 4310 1793 4371 aequa·

440 4382 507 4441 liter
528 4381 567 4440 ah
590 4397 648 4439 uuo
671 4388 843 4457 punctorum
867 4377 1128 4455 aequinoctialium
1151 4391 1271 4437 remoto.
1672 4433 1675 4438 .

543 4478 575 4533 ln
593 4477 695 4534 talibus
713 4479 784 4533 enim
802 4479 910 4546 punctis
928 4478 1066 4532 declinant
1084 4477 1176 4532 circuli
1194 4477 1344 4546 aequaliter
1361 4479 1389 4533 in
1409 4488 1555 4547 utrumque
1566 4479 1648 4548 letus,
1667 4488 1795 4536 scantur

439 4559 524 4627 igitur
540 4560 574 4614 ab
592 4559 734 4614 horizonte
744 4558 905 4615 alternative
923 4560 1082 4628 acqualiter,
1101 4566 1131 4612 ut
1148 4571 1281 4627 quantum
1300 4557 1333 4613 de
1352 4575 1406 4613 uuo
1420 4566 1518 4622 exstet,
1537 4565 1642 4613 tantum
1656 4557 1690 4613 (le
1709 4560 1794 4614 altero

439 4637 525 4691 lateat
551 4643 580 4692 et
605 4637 731 4693 vicissim.
769 4639 829 4702 Sic,
855 4639 920 4708 quia
947 4638 1122 4693 ascensiones
1149 4637 1378 4692 semicirculorum
1407 4636 1549 4705 eclipticas
1574 4644 1640 4689 sunt
1667 4635 1795 4705 aequales

439 4715 662 4772 descensionibus
686 4716 916 4772 semicirculorum
943 4717 1139 4786 oppositorum.
1177 4716 1204 4772 Si
1228 4732 1293 4784 ergo
1312 4715 1358 4771 Sol
1378 4715 1413 4769 sit
1438 4715 1464 4767 iu
1484 4714 1617 4783 principio
1635 4713 1700 4769 tulis
1718 4714 1794 4770 seni·

440 4793 542 4863 circuli,
561 4794 665 4849 tamdiu
682 4805 774 4850 manet
783 4812 867 4865 supra
885 4794 1062 4860 horizontem,
1080 4794 1308 4863 quamdiumanet
1326 4793 1398 4847 infra
1417 4809 1487 4860 eum,
1505 4793 1528 4845 si
1540 4794 1576 4846 ait
1587 4791 1616 4846 iu
1633 4792 1708 4848 illius
1718 4793 1794 4849 semi

439 4873 534 4928 circuli
553 4874 615 4942 hue,
635 4888 673 4930 ac.
691 4885 755 4945 post
773 4883 912 4929 semestre.

528 4970 557 5025 8.
588 4963 677 5042 Quod
706 4969 884 5028 incrementa
914 4967 1026 5026 dierum
1049 4965 1095 5026 vel
1119 4967 1248 5027 noctium
1271 4960 1330 5026 siut
1353 4967 1382 5023 in
1410 4967 1605 5042 aequinoctiis
1637 4964 1796 5040 celerrima,

440 5059 469 5115 in
492 5053 628 5114 solstitiis
651 5054 826 5115 tardissima.

546 5157 625 5226 Quis,
645 5173 705 5212 oum
724 5157 849 5227 ecliptica
867 5158 895 5212 iu
913 5156 1078 5212 sectionibus
1088 5155 1276 5226 obliquissima
1293 5155 1341 5221 sit,
1360 5152 1505 5211 declinatio
1523 5154 1561 5210 ibi
1579 5153 1723 5210 celerrima
1739 5167 1795 5209 crs·

440 5237 500 5308 scit,
518 5238 546 5292 iu
563 5237 688 5294 solstitiis
706 5252 769 5293 raro
787 5247 935 5297 ouumtur
952 5238 1113 5308 consumas,
1132 5236 1220 5293 donec
1236 5251 1271 5292 ex
1288 5242 1429 5292 crescente
1446 5233 1496 5290 liat
1513 5233 1683 5292 deumne
1709 5231 1796 5290 Daci·
