4459 6275
866 1896 1077 2045 'LIBRI
1122 1895 1338 2043 SEXTI

627 2162 635 2171 '
676 2292 681 2303 ¹
739 2152 1003 2271 nocemur,
1035 2148 1300 2269 insertur
1333 2177 1493 2270 rrnrn

857 2408 860 2413 ·
955 2391 1058 2454 enus
1081 2354 1278 2453 securum.
1339 2400 1342 2405 ·

483 2594 538 2665 ur
566 2544 720 2697 rursus
750 2549 1083 2663 sursnrdnrsus:
1112 2591 1328 2676 strenuo,
1356 2592 1474 2676 Jove,
1503 2592 1668 2679 unere,
1697 2595 1747 2664 m

551 2714 717 2802 autom
747 2714 973 2788 corrrrunu
1003 2713 1135 2784 erun
1163 2712 1333 2786 necrus
1361 2714 1677 2789 murmurium.

523 3041 627 3118 Quare
645 3047 714 3116 posi
735 3042 966 3116 explicationem
989 3040 1068 3098 Solis
1089 3041 1308 3115 apparentium
1330 3036 1401 3116 (hoc
1427 3046 1469 3099 eei
1494 3040 1626 3100 Telluris
1649 3045 1787 3119 proprio·

432 3125 519 3207 rum)
540 3135 680 3190 motuum
698 3131 767 3202 jam
789 3124 892 3188 malim
913 3128 1075 3199 subjicitur
1097 3131 1194 3186 trium
1215 3129 1425 3203 superiorum,
1457 3122 1566 3186 deiude
1587 3128 1724 3190 duorum
1747 3132 1786 3187 in·

430 3219 581 3293 serlonem
602 3220 826 3292 primariorum
848 3216 987 3275 llrcoria?
1031 3214 1118 3289 Quin,
1142 3231 1207 3273 cum
1231 3213 1306 3273 duee
1329 3218 1358 3271 in
1373 3216 1517 3290 primariis
1541 3216 1788 3292 deprehenduntur

434 3303 660 3378 inaequalitates
683 3313 823 3376 motuum,
848 3321 947 3363 eorum
964 3302 1056 3360 altera
1071 3300 1199 3377 quidem,
1223 3303 1391 3376 quaeipsis
1415 3319 1445 3360 re
1461 3321 1532 3362 vers
1555 3307 1642 3374 inest,
1666 3303 1742 3363 libro
1757 3303 1786 3361 i'.

361 3459 365 3466 Ι
434 3389 519 3466 plene
543 3390 706 3467 explicata,
729 3391 839 3449 Telluri
863 3399 931 3449 sunt
953 3387 1109 3460 simillimi3
1133 3389 1260 3463 reliqua,
1285 3405 1360 3463 qrree
1384 3405 1441 3447 non
1464 3407 1495 3448 rc
1520 3407 1590 3450 vere
1614 3394 1689 3467 ipsis
1713 3394 1787 3452 inest.

434 3476 485 3536 sed
509 3495 544 3536 ex
569 3480 649 3535 visus
671 3477 796 3536 fallaciis
820 3480 924 3550 oritur,
949 3496 984 3535 ex
1008 3480 1072 3551 ipso
1095 3476 1222 3534 Telluris
1245 3485 1326 3572 mogu
1348 3476 1508 3553 dependet,
1532 3481 1603 3552 quie
1628 3479 1685 3537 lise
1708 3479 1787 3537 relmi

433 3565 607 3622 trevi-visus
630 3573 729 3624 noster
752 3568 781 3621 in
806 3565 913 3623 mundo
937 3564 1144 3623 circumfertur.
1190 3564 1262 3621 Cum
1286 3581 1355 3635 erpo
1377 3567 1405 3621 in
1421 3561 1465 3622 his
1481 3565 1608 3642 planetis
1633 3583 1706 3624 usus
1721 3568 1788 3624 orbis

434 3654 533 3725 magni
557 3655 712 3729 praecipue
736 3660 875 3730 patescet,
900 3654 1017 3710 omnino
1034 3651 1148 3709 theoriu
1162 3654 1352 3726 superiorum,
1376 3652 1480 3710 deinde
1499 3654 1678 3720 inferiorum,
1703 3671 1789 3728 qum·

435 3749 495 3797 tum
519 3738 553 3797 de
577 3739 618 3797 cis
642 3750 732 3799 restat
754 3757 843 3814 supra
866 3740 940 3797 libro
963 3739 1000 3796 V.
1026 3739 1154 3795 nondum
1171 3738 1357 3813 explicatum,
1381 3738 1460 3797 velut
1479 3739 1626 3816 appendix
1651 3741 1789 3815 quaedem

433 3844 484 3885 seu
508 3829 669 3886 auctarium
693 3827 840 3886 doetrinae
865 3826 900 3884 de
924 3827 994 3885 orbe
1017 3843 1124 3900 magno
1147 3828 1277 3900 proxime
1302 3826 1378 3883 Solis
1402 3826 1531 3885 theoriae
1561 3828 1723 3887 succedere
1743 3827 1788 3884 de·

433 3915 513 3985 buit3
538 3916 614 3990 prior
637 3925 733 3973 tauron
757 3915 869 3972 theoria
891 3917 1081 3989 superiorum,
1106 3916 1176 3987 quin
1199 3916 1227 3969 iu
1245 3914 1281 3970 iis
1303 3913 1435 3989 amplior,
1452 3914 1617 3974 evidentior
1638 3919 1788 3988 sensuique

432 4004 526 4075 magis
551 4003 639 4060 ebrie
663 4013 708 4059 est
731 4004 811 4060 visus
835 3999 985 4078 deceptio,
1008 4019 1043 4060 ex
1067 4002 1137 4058 orbe
1160 4018 1266 4070 iiirrpno
1291 4010 1363 4058 orta.

524 4089 603 4164 Quoi
633 4090 755 4147 ordibus
786 4097 827 4147 est
859 4107 934 4162 opus
966 4088 1008 4145 ad
1038 4089 1185 4146 ilicoriam
1219 4090 1365 4163 cuiusque
1394 4090 1535 4164 planetae
1568 4108 1582 4147 e
1613 4091 1788 4166 primariis?

433 4176 557 4234 Duobus
573 4175 756 4234 solummodo
773 4185 885 4251 prneter
902 4176 1075 4253 eclipticam,
1099 4175 1191 4233 altero
1208 4179 1378 4238 eceentrico.
1402 4179 1493 4251 ipsius
1510 4177 1647 4252 planetus
1668 4181 1786 4254 proprio.

432 4264 523 4322 altero
548 4263 673 4321 Telluris
697 4281 748 4321 seu
773 4264 842 4322 orbe
864 4281 980 4336 magno,
1005 4264 1140 4321 omnibus
1156 4264 1311 4320 communi.
1356 4262 1469 4320 Hor‘um
1485 4273 1600 4334 nature,
1624 4264 1707 4333 leues
1730 4281 1787 4322 mo·

433 4360 514 4408 tuum
542 4360 571 4408 et
599 4351 713 4409 termini
743 4353 929 4408 astronomici
961 4367 1128 4408 communes
1161 4349 1299 4424 explicati
1326 4357 1394 4407 erint
1420 4352 1495 4406 libro
1521 4349 1556 4406 V.
1603 4349 1693 4408 Orbis
1725 4367 1786 4408 rere

433 4439 531 4508 moeni
555 4440 642 4496 etiam
666 4440 845 4512 quantitates
868 4439 1000 4513 propriae
1030 4446 1111 4512 ports
1135 4439 1227 4513 prime
1251 4436 1338 4510 huJus
1363 4437 1413 4494 Vl.
1439 4436 1503 4493 libri
1530 4436 1592 4510 jem
1616 4440 1786 4513 praemisere

433 4532 514 4594 sunt;
539 4534 623 4582 vetus
646 4527 823 4583 astronomia
846 4525 944 4584 multis
967 4524 1014 4582 hic
1037 4524 1175 4600 epieyelis
1200 4523 1310 4598 indiget
1332 4524 1450 4598 alioque
1473 4531 1628 4598 apparatu.

523 4610 586 4668 Cur
608 4620 727 4676 aulem.
758 4630 827 4669 eum
849 4620 908 4669 ires
929 4615 990 4669 sini
1011 4615 1195 4686 superiores,
1228 4629 1293 4669 una
1317 4619 1439 4669 tortium
1461 4611 1576 4668 theoria
1596 4616 1786 4686 proponilm.

431 4706 458 4758 cl
482 4698 610 4773 inferius
638 4704 729 4758 eliam
754 4717 820 4758 una
850 4701 914 4757 sola
937 4699 1069 4757 duorum
1095 4699 1302 4774 inferiorum?
1350 4701 1375 4758 l.
1407 4700 1485 4770 Quia
1514 4695 1639 4755 eundem
1671 4699 1785 4756 orbitcu

433 4785 558 4844 Telluris
582 4793 638 4843 tres
668 4805 702 4845 ex
726 4803 821 4861 aequo
845 4789 905 4844 suis
929 4786 1031 4844 orbitis
1054 4787 1189 4859 cingunt,
1222 4788 1329 4863 quippo
1360 4786 1542 4861 superiores.
1574 4785 1634 4844 nuo
1659 4803 1730 4844 vero
1755 4801 1785 4844 er

434 4889 530 4947 aequo
557 4874 633 4929 intra
661 4874 736 4931 hanc
759 4875 882 4931 orbitnm
906 4873 1031 4932 'Tellenis
1063 4873 1191 4932 inclusos
1215 4891 1314 4931 cursus
1340 4872 1466 4942 habent,
1498 4874 1609 4947 quippe
1634 4875 1785 4932 inferiores.

434 4963 463 5016 l.
488 4958 566 5032 Quia
588 4959 723 5034 planetae
747 4962 874 5018 motibus
897 4960 1025 5018 realibus
1051 4964 1077 5018 in
1094 4963 1196 5019 orbitis
1212 4963 1379 5020 eceentrieis
1402 4970 1470 5018 sum
1493 4961 1618 5018 invicem
1641 4961 1784 5020 simillimi.

434 5055 466 5102 ut
490 5046 681 5116 dictumest,
713 5050 793 5106 visus
817 5065 886 5106 vero
911 5047 1062 5124 lallneine,
1090 5066 1165 5122 qum
1190 5051 1216 5105 in
1242 5065 1341 5106 eornm
1369 5065 1427 5105 nno
1451 5046 1582 5122 quolibet
1607 5051 1784 5122 contingunt.

434 5147 469 5189 cx
493 5148 549 5190 uno
573 5132 690 5208 quidem
714 5133 777 5192 solo
810 5136 880 5194 orbe
903 5153 1009 5211 magno
1033 5138 1167 5195 omnibus
1192 5139 1335 5194 communi
1368 5139 1510 5204 oriuntur,
1543 5146 1575 5194 ot
1597 5134 1655 5193 hoe
1678 5136 1784 5192 duobus

434 5217 538 5292 modis,
562 5236 619 5279 uno
643 5220 778 5280 omuibus
808 5223 900 5284 tribus
922 5225 1134 5301 superioribus,
1164 5223 1257 5283 altero
1281 5223 1396 5282 duobus
1421 5222 1609 5282 inferioribus
1632 5223 1780 5283 communi.
