4459 6275
1055 786 1201 845 Prmiatio.
1706 834 1710 852 ,
1740 790 1803 853 669

531 966 636 1029 Donec
657 964 775 1028 taudem
802 984 881 1028 nouo
904 975 934 1029 et
955 967 1068 1030 decimo
1090 974 1159 1046 post
1181 965 1334 1026 christani
1350 961 1451 1025 seculo
1473 969 1504 1025 et
1525 962 1617 1023 Gothi
1640 964 1804 1040 l'runcique

444 1052 621 1129 barbariem,
644 1062 673 1115 et
695 1052 834 1117 Saradem
857 1057 1093 1134 superstitionem
1116 1054 1258 1132 paulatim
1281 1070 1386 1114 exuere
1409 1057 1583 1129 coeperunt,
1612 1052 1740 1128 imperiis
1762 1050 1805 1111 illi

444 1144 627 1217 comtituttr,
658 1141 689 1201 bi
717 1141 804 1219 louge
832 1143 949 1221 lateque
979 1144 1166 1221 propagans,
1198 1150 1267 1201 tunc
1295 1150 1325 1201 et
1356 1140 1502 1216 Europaei
1533 1138 1695 1198 doctrinam
1726 1137 1804 1197 dlvi·
1936 1182 1941 1193 .

443 1230 547 1311 ulmus
569 1228 687 1308 plenam
709 1230 852 1308 paulatim
874 1238 1022 1308 repetere,
1053 1238 1083 1291 et
1105 1227 1219 1289 Arabes
1241 1230 1406 1306 pariterque
1428 1226 1538 1287 ludaei
1566 1225 1646 1285 docti
1674 1225 1804 1307 ejusdem

446 1312 697 1395 imperfectionem
725 1318 854 1378 misereri
883 1335 1041 1395 curamque
1070 1316 1283 1379 emendationis
1305 1318 1460 1392 suscipere
1505 1313 1554 1373 Sic
1576 1312 1802 1390 procedentibus

444 1402 555 1465 seculis
587 1405 697 1465 iactum
726 1404 844 1465 taudem
878 1414 936 1478 est,
968 1406 1110 1484 gliscente
1141 1404 1326 1464 Friderici
1357 1402 1397 1463 11.
1421 1400 1512 1462 Suevi
1548 1408 1577 1461 et
1606 1399 1805 1477 Alpbonsi

443 1490 581 1571 Hispani,
604 1490 803 1553 Romanorum
816 1492 933 1571 lmperii
958 1510 1023 1553 cum
1039 1491 1194 1553 Saracmis
1217 1493 1246 1549 in
1270 1490 1435 1562 Palestiua,
1459 1486 1578 1561 steina,
1602 1487 1706 1562 ltalia,
1730 1486 1803 1548 His·

445 1581 539 1657 paula
561 1581 748 1653 commercio,
776 1586 809 1639 ut
832 1583 901 1640 anis
925 1582 1093 1641 exercitium
1117 1587 1148 1638 et
1169 1595 1239 1638 cura
1261 1576 1298 1637 ad
1322 1576 1503 1636 christianos
1527 1573 1686 1635 occidentis
1708 1582 1806 1637 trans·

444 1668 510 1741 iret,
534 1665 685 1727 translatis
707 1683 744 1727 ex
766 1667 885 1727 arabica
906 1670 935 1726 in
959 1667 1079 1727 latinam
1103 1665 1234 1743 linguam
1256 1665 1348 1737 libris,
1373 1680 1439 1724 cum
1455 1663 1639 1738 astrologicis
1661 1663 1803 1740 plurimis,

443 1760 509 1814 tum
531 1754 598 1832 ipso
620 1757 710 1813 etiarn
732 1750 828 1831 Opere
850 1753 961 1832 Magno
985 1753 1158 1827 Ptolemaei,
1182 1752 1261 1829 quod
1284 1751 1396 1811 Arabes
1420 1748 1636 1826 Almagestum,
1661 1752 1746 1826 quasi
1767 1772 1802 1811 ro

443 1860 557 1923 premor
579 1840 727 1918 appellare
743 1850 967 1903 consueverunt
993 1843 1036 1902 Ac
1051 1858 1117 1902 cum
1133 1841 1215 1900 brevi
1235 1841 1387 1900 enituisset
1409 1837 1601 1914 Alphonsi
1624 1836 1712 1914 hujus
1734 1853 1804 1897 cura

443 1924 534 2006 plane
556 1930 638 2006 regia
665 1936 695 1989 et
717 1926 755 1988 ad
778 1944 893 1989 omnem
921 1932 1123 2006 posteritatem
1146 1925 1377 1988 commendanda
1404 1927 1432 1983 iu
1455 1928 1660 2003 procuratione
1685 1924 1803 1985 tabula·

442 2012 518 2090 rum,
543 2032 618 2092 quas
640 2032 677 2076 ex
693 2014 1007 2093 eo·Alpbonslnas
1030 2016 1168 2076 dicimus:
1191 2017 1254 2092 ipse
1270 2024 1366 2074 tamen
1382 2010 1446 2073 ltux
1469 2015 1498 2071 in
1512 2012 1705 2091 praelatione,
1728 2028 1804 2072 non-

443 2100 535 2163 nullls
557 2101 766 2180 exemplarium
788 2104 929 2181 praelixa,
952 2105 1094 2164 sermonis
1108 2104 1223 2162 initium
1246 2121 1266 2163 a
1287 2102 1469 2161 connexione
1491 2116 1586 2160 rerum
1600 2099 1803 2160 sublunarium

444 2206 512 2251 cum
544 2198 626 2250 motu
655 2184 783 2251 siderum
811 2189 938 2251 desumit
968 2190 1149 2268 multamque
1176 2206 1247 2268 prae
1276 2205 1309 2249 se
1337 2188 1391 2248 lert
1412 2189 1660 2264 praesumtionem
1683 2185 1719 2247 de
1741 2198 1803 2247 arte

443 2276 640 2355 genethliaca.
685 2275 770 2338 Adeo
792 2294 949 2356 nunquam¹
964 2280 1145 2339 aeconomia
1159 2278 1244 2338 iactis
1266 2278 1313 2336 sui
1330 2274 1522 2350 obliviscitur,
1545 2291 1608 2350 nec,
1631 2290 1802 2351 quanquam

447 2362 565 2438 adulta,¹
584 2365 701 2441 penitus
725 2380 760 2425 eo
782 2372 882 2443 potest
902 2366 1059 2426 abstinere.
1150 2392 1156 2403 ·

532 2450 664 2512 Tabulas
692 2454 747 2511 sub
771 2451 924 2529 Alpbonso
955 2451 1125 2513 emendatas
1152 2452 1223 2512 felix
1251 2449 1342 2511 literis
1364 2458 1447 2511 aetas
1469 2451 1599 2526 excepit,
1630 2451 1660 2506 in
1683 2465 1742 2525 qua
1765 2466 1801 2509 ex

441 2540 548 2617 panda
569 2539 699 2618 anthula
721 2538 863 2616 plurimae
885 2556 983 2601 novae
1003 2558 1055 2617 per
1077 2540 1226 2616 Europam
1254 2536 1424 2598 academias
1445 2544 1514 2597 suut
1536 2538 1695 2611 excitatae,
1727 2553 1804 2613 quae

437 2626 504 2704 jam
530 2626 645 2687 virilem
676 2625 824 2703 quandam
853 2630 1049 2689 astronomiae
1080 2628 1262 2687 constituunt
1283 2632 1425 2686 aetatem:
1456 2623 1587 2685 detersae
1615 2632 1683 2683 sunt
1706 2625 1803 2699 magis

440 2714 598 2791 magisque
621 2731 641 2774 a
663 2715 831 2789 cognitione
853 2731 948 2775 rerum
971 2717 1288 2793 praestantissimarum
1310 2714 1550 2790 superstitiones,
1579 2718 1720 2772 revocata
1741 2710 1803 2770 dis·

441 2800 555 2879 cipllna
575 2800 613 2861 ad
636 2799 724 2861 finem
746 2819 831 2861 suum
854 2819 1022 2879 supremum
1044 2800 1141 2880 adque
1163 2818 1234 2862 suas
1256 2802 1286 2859 iu
1316 2803 1379 2860 vita
1400 2800 1546 2860 communi
1573 2797 1731 2873 utilitates,
1764 2796 1802 2857 ad

441 2887 656 2967 geographiam
679 2895 709 2963 et
730 2890 960 2966 navigatoriam,
983 2906 1060 2967 quae
1083 2906 1131 2949 ars
1154 2906 1190 2950 ex
1209 2904 1245 2949 eo
1267 2903 1378 2948 uorum
1399 2888 1499 2948 orbem
1515 2887 1637 2964 aperuit,
1662 2888 1802 2946 orientem

442 2972 591 3037 occidenti
613 2976 741 3057 exterius
768 2976 867 3053 juuxlt
889 2993 1007 3055 unoque
1030 2978 1152 3054 imperio
1175 2982 1315 3053 utrosque
1336 2991 1412 3053 pene
1436 2981 1515 3035 totos
1537 2972 1695 3050 copularit.
1741 2974 1803 3033 Ac·

440 3064 532 3123 cessit
554 3071 584 3122 et
604 3064 724 3123 interior
745 3080 780 3124 ex
795 3064 937 3142 religione
961 3082 1038 3138 cura,
1062 3062 1226 3142 corrigendi
1247 3063 1353 3123 loetum
1368 3061 1531 3136 Pascbatis,
1555 3061 1640 3138 cujus
1661 3061 1802 3121 abberra·

441 3151 541 3212 tiones
563 3168 615 3228 per
629 3151 700 3212 artis
714 3155 955 3230 propagationem
970 3151 1147 3213 evidentius
1157 3154 1187 3211 in
1203 3157 1392 3227 conspectum
1415 3149 1546 3228 prolatae
1560 3149 1685 3209 luerunt
1709 3148 1804 3226 Igitur

440 3239 575 3300 certatim
605 3223 803 3299 insulturam
833 3242 904 3300 artis
927 3241 1127 3302 incumbentes
1150 3237 1302 3311 Germani,
1332 3239 1364 3297 in
1390 3237 1564 3311 academiis,
1589 3235 1750 3297 Viennensi
1773 3243 1803 3297 et

403 3353 409 3364 ι
437 3323 584 3404 Pragausl
618 3327 790 3403 praecipue,
823 3324 1104 3400 Subindellus,
1138 3326 1426 3400 Peurbaclrius,
1461 3325 1802 3402 Regiomontanus

438 3411 525 3474 brevi
540 3411 793 3490 deprehenderunt
807 3412 1056 3492 Alphonslnarum
1071 3413 1254 3476 Tabularum
1269 3416 1431 3474 bonitatem
1453 3423 1483 3472 et
1497 3411 1700 3478 certitudinem
1721 3410 1802 3472 tama

439 3499 594 3562 minorem.
640 3500 745 3577 Itaque
767 3509 829 3562 tum
852 3503 924 3579 ipsi,
956 3508 1018 3563 tum
1048 3518 1150 3563 sorum
1172 3501 1309 3580 di'scipuli
1337 3517 1389 3579 per
1411 3491 1599 3561 Germaniam
1622 3506 1653 3558 et
1674 3498 1802 3573 Italiam,

438 3583 662 3648 waltherus
683 3588 874 3667 Norlbargae,
898 3589 1123 3651 Dominicus
1137 3588 1258 3649 Maria
1271 3589 1433 3663 Bononiae,
1450 3587 1706 3648 obseruationibus
1722 3585 1802 3646 side·

436 3691 509 3734 rum
531 3673 700 3752 diligentius
721 3676 889 3738 incumbere
912 3694 1020 3755 easque
1044 3677 1226 3738 conscribere
1255 3674 1304 3736 vel
1330 3675 1369 3736 ad
1390 3691 1461 3735 suos
1492 3674 1540 3734 val
1563 3673 1601 3734 ad
1623 3675 1802 3750 posteritatis

437 3777 529 3836 usus,
559 3769 747 3824 monumenta
770 3766 859 3826 etiam
886 3772 1005 3826 vetusta
1027 3764 1206 3838 Ptolemaei,
1239 3763 1428 3840 Albategnii,
1458 3760 1566 3836 Gcbrl,
1598 3761 1741 3838 Alphonsi
1772 3762 1801 3818 in

436 3847 538 3910 lucem
560 3866 700 3925 emerere,
725 3851 969 3929 explicationibus
992 3851 1149 3928 adjuvare,
1173 3849 1327 3912 emendare
1350 3867 1509 3927 omnesque
1532 3855 1631 3925 partes
1654 3847 1802 3906 doetrinae

441 3933 617 4016 sphaericae
647 3939 733 3998 novis
762 3938 872 4000 tabulis
902 3940 1085 4001 subsidiariis
1115 3940 1153 4001 ad
1183 3937 1344 3999 faciliorem
1361 3937 1437 3998 'artis
1459 3952 1546 3996 usum
1569 3951 1719 4014 apparare.
1765 3933 1802 3992 Et

439 4025 580 4102 quamvls
595 4023 863 4103 Reglomontanum
885 4028 1003 4105 ingenio
1026 4045 1126 4105 parem
1150 4027 1231 4103 operi
1246 4026 1373 4085 futurum
1397 4025 1577 4086 destituisset
1591 4027 1673 4081 aetas
1695 4023 1801 4078 imma·

437 4117 509 4174 turc
540 4111 602 4172 iate
632 4115 803 4190 terminata,
835 4119 977 4175 successit
999 4123 1097 4175 tamur
1121 4115 1151 4173 in
1174 4130 1273 4174 curam
1295 4111 1506 4174 emendationis
1529 4107 1710 4170 Nicotaus
1734 4106 1801 4167 Go-

435 4199 638 4278 pernicus,
655 4203 814 4262 canonicus
830 4200 1010 4264 Vermiemis
1025 4203 1182 4277 Borussus,
1197 4202 1342 4260 Dominici
1359 4199 1471 4260 Mariae
1487 4195 1657 4273 discipulus,
1673 4194 1800 4254 maximo

435 4287 486 4347 xlx
507 4287 626 4364 ingenio
649 4295 695 4363 et,
724 4288 804 4366 quod
826 4290 856 4348 ln
878 4289 935 4351 boc
957 4291 1095 4352 exercitio
1118 4291 1218 4366 magni
1240 4289 1379 4348 momenti
1404 4294 1465 4366 est,
1494 4287 1591 4344 animo
1614 4282 1696 4341 liber.
1741 4278 1799 4356 Qui

435 4389 509 4436 cnm
531 4389 605 4452 opus
628 4374 845 4437 revolutionum
866 4375 1060 4456 planetarum,
1084 4376 1164 4455 quod
1183 4375 1416 4438 emendationem
1439 4371 1604 4432 tabularum
1622 4365 1800 4445 complecte-

435 4461 544 4536 batur,
573 4478 653 4523 nova
674 4462 767 4523 forma
789 4465 983 4542 maximisque
1005 4462 1156 4526 laboribus
1178 4471 1368 4541 apparatum,
1391 4477 1443 4538 per
1464 4476 1557 4521 annos
1580 4465 1658 4517 totos
1681 4457 1721 4512 2⁷
1746 4451 1800 4512 de·

436 4549 578 4610 tinuisset
598 4551 628 4609 in
650 4552 778 4626 scriniis,
809 4550 944 4629 mudum,
964 4553 1028 4631 jam
1050 4560 1212 4615 extremum
1233 4553 1314 4611 vitae
1335 4549 1426 4610 limen
1448 4546 1579 4620 means,
1602 4542 1800 4618 Noribergeu·

438 4635 526 4698 albus
548 4634 693 4698 edendum
715 4639 884 4700 transmisit
1674 4701 1680 4710 ,

527 4721 595 4785 Hoc
616 4739 691 4804 opus
718 4728 773 4787 etsi
800 4726 917 4787 tabulas
942 4727 1050 4801 babet,
1083 4727 1327 4805 explicationibus
1360 4721 1640 4785 demonstrationum
1673 4712 1799 4786 additas,

436 4827 528 4874 nemu
549 4819 648 4874 tamen
670 4820 715 4874 est
736 4812 835 4888 hodie,
859 4814 938 4891 quod
961 4818 1068 4889 sciam,
1092 4818 1144 4893 qui
1167 4833 1217 4875 eas
1239 4815 1270 4874 in
1293 4811 1436 4874 calculum
1458 4808 1608 4869 adhibeat.
1652 4800 1801 4861 Successit

438 4901 520 4962 sulm
548 4901 688 4981 proximis
719 4904 803 4961 annis
832 4901 1007 4963 Erasmus
1034 4901 1293 4975 Reinboldus,
1331 4901 1377 4959 vir
1403 4917 1469 4959 cum
1496 4893 1575 4957 onrnl
1604 4889 1800 4949 doctrinarum

438 5003 548 5068 gauere
570 4987 795 5063 excultisslmus,
819 4996 881 5049 tum
905 4990 1048 5068 imprimis
1064 4989 1103 5051 ad
1122 4989 1344 5050 mathematicas
1367 4995 1445 5047 artes
1467 5002 1486 5045 a
1507 4990 1613 5043 natura
1634 4975 1738 5046 taccu.
1761 4971 1801 5033 ⁰¹¹

438 5077 680 5154 perspicuitatem
703 5084 733 5137 et
755 5075 925 5138 facilitatem
946 5079 978 5136 in
1000 5078 1089 5138 rebus
1112 5078 1254 5138 abstrusis
1276 5073 1486 5149 admirabilem,
1510 5069 1561 5148 qui
1584 5080 1660 5141 opus
1681 5060 1739 5120 noo
1752 5066 1802 5120 ta-

437 5161 574 5224 bularum
589 5161 752 5245 Oopsrulcl,
772 5165 836 5242 jam
851 5167 911 5226 lato
928 5165 1028 5238 iuucti,
1052 5161 1319 5226 umatomanium
1332 5163 1470 5241 suscepit,
1494 5150 1804 5223 Prutsnlcasi¹¹⁰

439 5249 491 5313 rel
512 5267 533 5312 a
554 5251 717 5332 coperuico
739 5251 878 5328 Pmteno,
901 5251 951 5315 vel
973 5269 992 5314 a
1013 5252 1187 5316 Maecenate
1208 5266 1262 5312 suo
1278 5249 1417 5314 Prusslae
1431 5249 1516 5311 Duce
1537 5250 1569 5305 et
1582 5235 1806 5314 cognominavit
