4459 6275
796 777 1006 840 amasam
1040 779 1241 854 insuauia
1636 788 1700 855 m
1770 775 1774 786 ’

342 957 383 1021 ab
404 975 540 1038 apogaeo
562 963 727 1035 menstruo,
750 959 808 1021 boc
829 968 875 1022 est
897 979 917 1022 a
939 960 1009 1023 Sole
1032 961 1081 1023 uel
1105 962 1170 1040 ejus
1193 964 1331 1041 opposito
1352 962 1558 1041 elongatomm
1579 965 1610 1024 in
1631 981 1702 1044 par·

342 1054 389 1109 tna
410 1048 581 1123 contrarias,
604 1050 796 1124 aequationee
819 1056 984 1111 menstruae
1005 1059 1074 1112 suut
1096 1051 1287 1128 inaequales,
1310 1059 1339 1113 et
1361 1051 1434 1112 illud
1449 1051 1539 1115 habet
1560 1051 1701 1130 majorem

342 1137 553 1212 aequationem
568 1145 756 1210 menstruam,
779 1137 859 1214 quod
882 1146 927 1198 esi
941 1155 1077 1216 apogaeo
1099 1139 1216 1200 solutae
1229 1142 1366 1218 proplnsq
1392 1139 1584 1202 differentiam
1600 1148 1701 1201 usten-

342 1220 387 1285 dli
407 1223 553 1302 particula
574 1241 674 1285 exsors
697 1219 855 1301 duplicata.

433 1313 502 1386 Qua
524 1314 557 1371 in
579 1314 780 1388 proportioase
799 1319 873 1373 aunt
886 1311 930 1372 ad
950 1315 1080 1389 inuicem
1094 1313 1185 1374 binae
1205 1314 1281 1375 iales
1295 1318 1500 1392 aequationem,
1522 1315 1702 1393 aequalibus

341 1399 467 1476 asardis
488 1419 510 1460 a
532 1398 601 1460 Sole
621 1402 656 1458 in
673 1401 785 1476 plapaa
806 1402 979 1461 contrariae
999 1401 1180 1477 dornoniae?
1209 1401 1284 1463 Sunt
1306 1405 1380 1463 inter
1401 1420 1433 1464 ae
1457 1405 1488 1463 in
1510 1405 1705 1487 proportione

342 1485 565 1548 intervallorum
584 1486 737 1549 lanceat
751 1486 868 1549 Terrae.
915 1485 954 1548 Ut
974 1491 1000 1547 ai
1016 1488 1112 1563 ΒΑΗ,
1137 1488 1220 1548 Hlila
1243 1491 1343 1571 anguli
1358 1490 1508 1567 aequales,
1531 1508 1600 1552 area
1614 1488 1698 1551 aba

342 1575 400 1635 arii
420 1573 460 1636 ad
482 1592 581 1643 aream
603 1574 681 1635 OLA
705 1582 738 1636 nt
760 1575 816 1634 lili
840 1574 878 1635 ad
900 1575 964 1636 LA.

435 1662 591 1741 Quomodo
605 1665 725 1737 utimar
739 1663 797 1723 boc
818 1667 1000 1741 aequatione
1015 1671 1182 1739 manirera,
1204 1681 1257 1725 seu
1272 1665 1349 1743 quid
1362 1673 1404 1726 eei
1424 1666 1586 1727 anomalia
1598 1666 1702 1743 priato
1775 1704 1778 1712 ·

343 1749 393 1810 uel
412 1750 546 1812 sanando
569 1758 712 1827 aequata,
736 1751 904 1829 quid'iiem
926 1753 1087 1812 anomalia
1108 1752 1386 1829 media,'reepeeta
1408 1753 1561 1814 adhibitae
1583 1770 1702 1831 aequa·

345 1839 440 1901 tionis
461 1845 635 1899 inanimae
649 1838 885 1914 temporaneae?
917 1839 1073 1916 Proposito
1088 1846 1168 1900 certo
1190 1839 1257 1900 loco
1271 1839 1375 1902 Lunae
1397 1842 1427 1900 in
1443 1859 1498 1901 aua
1520 1841 1616 1902 orbita
1639 1857 1704 1903 cer,-
1778 1898 1781 1905 .

342 1933 435 2004 taque
456 1926 536 1986 linea
557 1925 616 1984 loci
638 1925 740 1986 Lunae
763 1929 826 1987 veri
848 1927 905 1986 sub
928 1925 1079 2002 ecliptica,
1110 1928 1193 1987 uerbi
1216 1944 1307 1988 causa
1328 1929 1397 2004 AL,
1430 1946 1500 1990 area
1521 1928 1586 1990 ecla
1609 1927 1702 2002 null,

343 2022 484 2077 conamus
505 2020 618 2075 sectore
640 2012 720 2073 LDB
744 2020 774 2074 et
794 2013 940 2091 triangulo
965 2014 1058 2089 LBA,
1086 2022 1132 2074 est
1152 2014 1233 2075 illius
1254 2014 1313 2077 loci
1335 2024 1365 2077 ei
1387 2016 1552 2078 anomaliae
1576 2017 1702 2077 ecceutri

343 2101 400 2163 DL
423 2110 453 2164 et
474 2101 638 2163 anomaliae
659 2103 753 2179 primo
776 2109 957 2179 coaequatae
971 2101 1055 2160 Dal,
1069 2102 1251 2181 respondeus
1273 2103 1422 2165 anomalia
1436 2103 1542 2165 media
1588 2102 1703 2180 Quodsi

340 2190 405 2268 hm
435 2191 466 2251 in
495 2188 678 2251 semicirculo
700 2187 802 2263 ΗΝΘ,
832 2190 871 2250 ab
894 2188 923 2248 H
954 2206 1088 2267 apogaeo
1118 2198 1267 2252 mensuno
1290 2193 1422 2270 incepta,
1455 2199 1486 2253 et
1511 2193 1541 2253 lu
1564 2190 1622 2253 boc
1643 2193 1702 2251 elta

342 2284 518 2356 punctorum
547 2277 587 2352 Β,
619 2276 658 2351 (i,
688 2277 732 2353 A,
763 2295 862 2338 aream
889 2276 1196 2355 triangulimsnsirul
1219 2278 1296 2339 cna
1319 2274 1512 2357 adjecerimus
1541 2279 1702 2341 adoream

344 2364 446 2442 DLA,
478 2370 549 2427 tunc
578 2364 704 2442 angulas
737 2364 820 2426 DAL
849 2373 983 2442 respectu
1013 2365 1102 2443 hujus
1132 2369 1283 2444 augmenti
1307 2376 1358 2429 cat
1393 2367 1542 2429 momelia
1570 2365 1700 2429 secundo

344 2461 474 2533 aequata
503 2460 533 2515 et
554 2452 712 2530 respondet
734 2452 761 2514 ei
785 2453 849 2529 Jam
876 2450 1024 2513 anomalia
1053 2453 1152 2515 media
1177 2457 1303 2530 anebor,
1334 2457 1499 2534 composita
1524 2454 1638 2517 scilicet
1666 2472 1704 2516 ex

343 2539 432 2603 nni
453 2548 484 2603 et
506 2539 594 2615 Lon,
617 2539 748 2617 intellige
770 2557 892 2611 rursum
915 2540 1047 2617 qualium
1070 2559 1139 2603 area
1160 2542 1283 2619 simplex
1305 2543 1405 2604 circuli
1427 2548 1473 2605 e‘st
1495 2541 1584 2604 360⁰.
1620 2541 1703 2604 idem

343 2631 444 2693 laeam
465 2628 558 2690 habet
588 2629 617 2687 in
640 2627 822 2690 semicirculo
843 2629 997 2706 posteriori
1021 2625 1122 2703 GOH,
1153 2631 1330 2708 aperigaeo
1352 2638 1501 2692 menstruo
1524 2629 1552 2690 G
1574 2631 1703 2711 incepto,
1774 2622 1777 2627 ’

344 2719 370 2778 si
396 2717 642 2788 mbtrararimus,
673 2716 756 2777 verbi
785 2733 876 2776 causa
905 2717 935 2774 in
958 2714 1004 2790 bl,
1036 2733 1135 2776 aream
1158 2715 1244 2777 call
1267 2718 1305 2778 ab
1333 2735 1403 2780 arsa
1425 2716 1583 2780 HAMGN.
1628 2718 1703 2778 Nam

345 2802 607 2867 annonaria
629 2809 675 2863 est
696 2802 844 2864 anomalia
866 2802 973 2875 media,
994 2803 1176 2881 respondens
1198 2811 1228 2865 et
1242 2807 1409 2867 anomaliae
1431 2808 1558 2867 eccentri
1574 2803 1701 2879 ouon,

346 2900 377 2955 et
398 2899 581 2968 coaequatae
605 2892 707 2969 primo,
730 2889 843 2953 scilicet
865 2889 1078 2969 complemento
1100 2890 1201 2970 anguli
1224 2892 1333 2970 lilibia
1363 2901 1394 2955 et
1421 2911 1491 2955 area
1512 2890 1701 2965 HAMGNH,
1786 2903 1793 2916 ’

346 2977 493 3042 diminuta
515 2996 585 3041 area
606 2977 700 3053 CAM,
724 2985 770 3040 est
791 2978 940 3039 anomalia
961 2978 1072 3052 media,
1105 2980 1286 3056 respondeus
1307 2980 1403 3042 eidem
1426 2981 1591 3043 anomaliae
1612 2979 1704 3040 Deli

345 3066 478 3131 wando
500 3072 661 3146 aequatae:
692 3069 736 3127 sic
761 3068 839 3126 enim
861 3065 992 3145 appellat
1013 3065 1117 3145 'l'ycbo
1141 3067 1285 3144 Braheus,
1318 3069 1436 3148 quando
1459 3067 1498 3130 ad
1523 3068 1702 3129 anomaliarn

345 3156 476 3219 mediam
499 3155 575 3217 duae
597 3162 666 3216 sunt
687 3154 837 3215 adhibitae
859 3156 1061 3232 aequationes,
1085 3157 1163 3232 prior
1185 3174 1221 3217 ex
1244 3155 1357 3230 soluta,
1389 3160 1533 3236 posterior
1554 3162 1704 3217 menstrua

345 3252 551 3324 temporanee.¹
590 3242 646 3303 Illa
668 3242 786 3320 quidem
809 3260 875 3303 eum
897 3244 1073 3303 asbonornis
1095 3245 1200 3304 ceteris
1231 3247 1281 3304 uni
1304 3244 1418 3307 mediae
1441 3243 1606 3306 anomaliae
1630 3242 1704 3306 duae

345 3339 432 3412 aptat
454 3337 649 3409 coaequatae,
679 3330 879 3392 subtrahendo
902 3333 1095 3408 aequationes
1125 3333 1154 3390 in
1177 3334 1271 3408 primo
1293 3332 1475 3395 semicirculo
1498 3339 1528 3394 et
1548 3331 1617 3394 loca
1638 3334 1704 3395 visa

346 3417 507 3496 rumando,
536 3418 585 3480 bic
615 3435 686 3482 vero
715 3420 767 3477 nni
796 3425 977 3496 coaequatae
1005 3425 1034 3479 et
1062 3420 1114 3477 nni
1137 3420 1202 3479 viso
1230 3419 1298 3481 loco
1321 3420 1557 3503 duas-aptantur
1578 3418 1704 3494 mediae,
1757 3459 1760 3468 ·

347 3506 485 3570 addendo
506 3508 698 3585 aequationas
720 3508 749 3565 ln
772 3508 865 3584 prima
888 3504 1079 3580 semicirculo,
1110 3512 1144 3566 nt
1165 3510 1306 3585 temporis
1326 3525 1427 3569 morae
1448 3514 1611 3583 mutentur,
1635 3508 1706 3585 quia

347 3613 457 3659 caum
479 3602 525 3656 tot
545 3596 754 3672 aequationnm
777 3601 846 3655 snut
867 3592 1016 3671 physicae,
1038 3593 1289 3658 necdumornnes
1311 3597 1476 3674 explicatae
1498 3603 1575 3657 snut.

326 3749 328 3754 ,
435 3682 470 3743 ln
492 3682 581 3759 hujus
603 3699 674 3743 vero
696 3681 868 3743 semicirculi
891 3682 1023 3759 partibus
1045 3683 1122 3742 inter
1144 3681 1181 3755 D,
1203 3681 1234 3742 H
1255 3700 1404 3764 apogaea,
1434 3683 1483 3745 vel
1505 3684 1545 3758 Ii,
1576 3680 1706 3761 (iperi-

347 3787 435 3850 μοο,
459 3771 559 3832 cautio
581 3778 625 3831 est
646 3770 730 3832 baec
776 3769 821 3829 Sit
844 3767 1023 3847 Ppnnctnm
1042 3768 1249 3853 intermedium
1270 3771 1354 3831 iocus
1369 3772 1491 3845 orbitae,
1514 3778 1544 3831 et
1560 3768 1612 3829 ΑΡ
1627 3768 1706 3830 linea

347 3858 632 3932 cuniculinas,
663 3865 694 3918 et
715 3856 769 3917 DP
792 3856 941 3916 anomalia
962 3857 1103 3928 accentui,
1133 3862 1162 3916 et
1184 3857 1267 3917 DAP
1297 3858 1424 3935 angulas
1446 3857 1595 3918 anomalia
1616 3873 1705 3917 caas-

347 3953 455 4026 qnata3
478 3945 623 4022 siquidem
646 3946 735 4023 igitur
758 3942 928 4015 intelligitur
949 3943 1024 4003 baec
1047 3960 1112 4003 esse
1135 3946 1228 4020 primo
1252 3953 1431 4023 coaequata,
1459 3953 1529 4006 tnnc
1551 3942 1708 4021 respondet

346 4037 375 4097 ei
397 4032 546 4095 anomaba
568 4033 673 4105 media,
697 4050 765 4093 area
788 4030 886 4103 DPA,
910 4039 1047 4092 constans
1070 4037 1184 4114 sectore
1207 4032 1288 4091 DPB
1310 4039 1340 4093 si
1360 4032 1508 4111 triangulo
1531 4031 1611 4092 PBA
1632 4032 1706 4092 aim·

346 4123 437 4202 plici;
464 4123 509 4181 sin
538 4128 637 4183 antem
660 4120 743 4180 Dlil'
765 4122 805 4179 sit
834 4118 983 4179 anomalia
1012 4117 1141 4178 secunda
1165 4128 1344 4195 coaequata,
1374 4129 1444 4194 tuuc
1466 4122 1494 4181 si
1515 4119 1706 4197 respondebit

347 4208 515 4271 anomaliae
537 4209 654 4270 mediae
677 4226 821 4281 mensura,
846 4223 916 4266 area
938 4205 1030 4279 DAP,
1054 4206 1198 4266 diminuta
1220 4206 1321 4268 areola
1338 4207 1425 4268 Pac.
1455 4207 1545 4267 ‚Nam
1568 4206 1616 4267 liic
1637 4224 1707 4267 area

346 4296 468 4377 qnidam
492 4292 571 4356 Pae
594 4303 639 4358 est
666 4298 695 4355 in
726 4295 842 4355 solutae
865 4294 1058 4354 descendente
1080 4294 1264 4355 semicirculo
1287 4294 1383 4371 DPli,
1414 4301 1445 4355 at
1467 4312 1537 4355 area
1559 4292 1637 4352 Plic
1661 4299 1705 4354 est

345 4389 377 4446 in
400 4389 568 4446 mandanae
590 4383 769 4446 ascendente
791 4381 974 4444 semicirculo
998 4380 1091 4441 GPH.
1712 4407 1716 4414 ·

436 4472 533 4533 Daca
553 4473 649 4549 icitur
671 4472 847 4532 anomaliae
867 4469 999 4529 secando
1014 4476 1164 4546 aeqaaoae
1173 4472 1351 4545 peopaeitae
1364 4471 1505 4529 inuenire
1517 4484 1608 4528 maan
1627 4483 1707 4529 aaa·

345 4561 478 4622 maliana
500 4559 653 4619 mediam.-
675 4567 708 4618 at
728 4559 763 4636 fii
782 4560 982 4637 frequentiae,
1005 4566 1040 4616 ai
1060 4564 1255 4632 proponatur
1275 4575 1312 4618 ea
1333 4560 1476 4634 temporie
1494 4558 1605 4617 notitia
1628 4573 1708 4617 asso·

345 4649 447 4710 maiia
468 4645 587 4721 neura,
617 4648 706 4708 veiim
734 4647 806 4705 baie
831 4663 921 4704 mam
949 4644 1079 4704 secando
1100 4652 1299 4721 coaequatam
1327 4648 1473 4706 invenire.
1517 4642 1646 4704 Rursum
1669 4642 1707 4704 ad

346 4736 407 4798 boc
429 4751 488 4796 non
510 4736 607 4795 minas
629 4752 717 4812 quum
739 4751 828 4811 supra
850 4732 925 4791 libro
947 4732 985 4791 V.
1009 4733 1058 4792 ria
1088 4730 1171 4791 nulla
1200 4740 1244 4793 est
1266 4749 1285 4793 a
1306 4735 1410 4809 priori,
1442 4730 1495 4793 sed
1525 4737 1642 4809 oportet
1664 4730 1706 4790 nti
1765 4795 1767 4801 ¹
1862 4771 1865 4780 .

347 4820 453 4902 regula
475 4821 552 4893 ialal,
576 4829 627 4882 ant
650 4821 759 4881 tabulis
781 4823 811 4879 in
835 4820 914 4880 bunc
935 4837 1021 4879 nsum
1044 4819 1193 4881 coniectis.

437 4909 576 4971 Attamen
598 4911 623 4970 si
645 4927 704 4970 non
727 4907 978 4987 scrupulosissime
1000 4910 1040 4967 sit
1055 4905 1210 4984 agendum,
1233 4913 1303 4966 tnnc
1324 4908 1445 4967 inventa
1458 4907 1599 4983 aequatio
1622 4921 1707 4965 men·

347 5005 434 5061 ma
454 5005 652 5075 temporanea,
676 4997 861 5057 considerata
882 5003 916 5055 ut
937 4994 1072 5071 angulos,
1094 4994 1203 5071 poterit
1225 4995 1314 5054 etiam
1337 4994 1481 5055 coenaria
1502 4994 1554 5053 via
1575 4991 1707 5053 subtrabi

346 5091 379 5148 in
401 5087 498 5165 primo
520 5084 712 5158 semicirculo,
736 5083 806 5144 addi
829 5086 857 5142 in
880 5082 1010 5143 secundo
1032 5080 1177 5161 adipeam
1195 5081 1374 5142 anamaliam
1396 5084 1489 5160 primo
1501 5086 1707 5161 coaequatam,

346 5181 384 5238 nt
404 5172 459 5234 bat
479 5172 610 5236 monnio
633 5179 813 5251 coaequata,
843 5172 1012 5248 propositae
1034 5170 1150 5231 mediae
1171 5170 1336 5230 invariatae
1357 5170 1487 5230 manenti
1509 5165 1705 5244 respondeam

346 5260 400 5326 val
421 5262 632 5342 montanam
655 5259 781 5340 angulus
803 5257 944 5338 magnii
965 5256 1043 5318 GLA
1065 5257 1132 5319 loco
1161 5255 1272 5318 valoris
1299 5273 1388 5320 areae
1410 5256 1490 5318 cni»
1510 5254 1645 5317 subuehi
1667 5255 1706 5317 ab
