4459 6275
512 780 552 837 τι
899 770 1040 842 Epistolae
1058 770 1169 842 llepleri
1186 738 1353 842 aliorumque
1370 776 1478 827 mutuos

605 947 776 1000 Florianus
793 949 941 1013 Cresius,
964 964 1038 1015 quero
1056 963 1132 1012 snpra
1149 951 1250 1011 saepius
1268 950 1377 998 diximus
1395 955 1420 996 st
1437 949 1579 1011 loquentem
1599 946 1793 1003 introduximus.
1812 959 1871 994 sen-

516 1021 620 1080 tentiam
639 1034 712 1069 snam
730 1021 760 1069 de
778 1021 911 1083 hypothesi
924 1020 1097 1083 copernieena
1114 1020 1279 1081 theosophum
1295 1033 1369 1081 egens
1388 1020 1483 1081 (postes
1500 1020 1603 1067 nunciet
1615 1015 1734 1080 Keplsro,
1756 1016 1874 1076 ,Fratres

515 1092 590 1141 Bessi
607 1104 649 1139 me
668 1089 794 1152 appellare
812 1089 893 1139 solent
909 1090 999 1139 Ursum
1018 1091 1048 1138 de
1066 1087 1220 1152 vulpibust)
1240 1091 1278 1137 bis
1296 1086 1404 1151 Keplere
1430 1090 1560 1151 proponit:
1591 1085 1654 1135 Gnrn
1677 1085 1768 1145 video,
1797 1091 1821 1132 ts
1845 1086 1871 1133 iu

515 1159 613 1210 edenda
624 1160 740 1222 Epitems
759 1165 802 1208 tna
814 1159 937 1224 laborare,
956 1174 1006 1207 non
1026 1159 1183 1208 incommode
1201 1164 1233 1225 te,
1251 1165 1383 1220 antequem
1396 1172 1426 1206 ee
1437 1161 1535 1219 integra
1551 1155 1663 1219 prodest,
1682 1156 1780 1204 moneri
1798 1168 1873 1216 posse

511 1232 638 1280 existimo.
671 1227 770 1278 Certum
790 1228 1211 1291 est,sentsotiemcepernicanam
1230 1227 1332 1277 deloco
1351 1228 1689 1277 etmetu'rerresitaets
1709 1239 1764 1274 esee
1783 1224 1871 1273 deten-

513 1314 580 1359 sem,
607 1305 636 1347 nt
653 1297 706 1361 illi,
733 1301 776 1364 qni
802 1299 903 1363 stupido
922 1313 1038 1348 museum
1050 1297 1149 1364 jndicio
1173 1308 1197 1346 et
1215 1297 1369 1346 aristotelici
1392 1300 1485 1346 cerebri
1509 1301 1597 1362 appot<
1614 1297 1697 1345 innixi
1716 1295 1872 1344 ιιιιιιιιιιιιι

514 1371 565 1420 tuis
585 1367 840 1431 contemplationibus
863 1367 964 1432 obloqui
983 1371 1039 1417 ausi
1063 1369 1169 1433 luerim,
1196 1366 1271 1431 plane
1293 1370 1452 1430 responsione
1474 1365 1580 1429 emplius
1603 1366 1702 1426 indigui
1720 1366 1871 1414 habeantur.

516 1440 657 1488 Veritatem
675 1445 756 1487 temen
776 1440 852 1499 hujus
869 1441 904 1487 ιιι
923 1438 1056 1487 altioribus
1074 1440 1160 1486 innixe
1185 1439 1314 1500 principiis
1332 1437 1434 1485 ulterius
1461 1437 1578 1497 indagari
1601 1445 1625 1482 et
1648 1436 1766 1499 persequi
1783 1447 1829 1496 per
1847 1443 1873 1483 te

514 1509 568 1573 (qui
584 1505 711 1557 liberrime
729 1510 755 1556 in
775 1510 891 1557 omuibus
909 1507 1096 1570 philosopharis
1114 1516 1139 1556 et
1158 1522 1242 1556 omues
1266 1507 1344 1555 libere
1367 1507 1570 1569 philosophantes
1593 1510 1670 1561 ames)
1694 1502 1734 1552 vel
1761 1506 1872 1553 maxims

511 1577 606 1627 licebit
642 1577 677 1626 Ut
694 1592 751 1626 vere
771 1584 798 1625 tu
815 1579 863 1627 hec
882 1580 908 1627 in
927 1580 1027 1638 negotio
1046 1580 1182 1625 animosius
1194 1579 1258 1638 agis,
1275 1577 1372 1639 entiqul
1389 1579 1532 1638 praesertim
1545 1575 1683 1624 Aristarchi
1695 1575 1777 1624 Samii
1795 1572 1871 1622 retel—

512 1647 570 1696 litio
589 1648 711 1710 stipatus,
738 1649 775 1696 ite
791 1646 920 1697 lubentius
939 1662 984 1708 ege
1002 1647 1075 1708 lenge
1093 1649 1262 1712 antiquissimi
1280 1647 1417 1695 Zoroastrls
1435 1644 1553 1694 Chaldaei
1578 1651 1602 1694 et
1620 1643 1690 1694 illius
1709 1650 1746 1692 ter
1764 1645 1871 1692 maximi

512 1717 642 1767 Hermstis
666 1718 785 1780 Aegyptii
810 1717 974 1767 divinissimis
999 1723 1024 1766 et
1047 1716 1218 1766 subtilissimls
1245 1717 1374 1779 principiis
1400 1718 1501 1764 innixus
1530 1717 1650 1778 incipiam
1679 1713 1870 1779 quodammodo

514 1786 661 1835 Aristarcho
679 1793 723 1835 tue
742 1788 856 1852 obloqui.
892 1786 999 1837 Solsuns
1017 1795 1055 1836 est
1073 1789 1189 1835 omnibus
1206 1786 1370 1850 pbilosophis,
1389 1787 1431 1834 sed
1449 1786 1535 1849 prucis
1548 1784 1683 1833 admodum
1702 1780 1870 1847 intellectum,

515 1857 643 1905 hominem
663 1870 808 1918 nuncupere
826 1873 1002 1921 μικροιοσμοι
1020 1858 1096 1919 (qued
1114 1871 1160 1906 nec
1178 1862 1217 1922 tu,
1237 1857 1282 1904 Vir
1300 1854 1452 1918 Clarissimo,
1472 1868 1558 1918 neges,
1579 1861 1603 1902 et
1621 1867 1725 1902 causam
1743 1855 1806 1918 scis,
1826 1867 1871 1902 cur

513 1939 605 1986 negare
623 1938 676 1974 non
694 1924 806 1990 dsbeesis
826 1929 846 1976 si
865 1942 923 1976 vero
941 1942 1115 1990 prapeaoeoec
1133 1932 1178 1983 est.
1196 1928 1272 1974 totins
1286 1927 1454 1973 universitatis
1469 1938 1559 1987 scopus
1572 1926 1628 1987 erit,
1646 1926 1673 1972 in
1691 1937 1770 1987 quem
1788 1920 1870 1971 solum

511 2009 600 2045 omues
620 2000 759 2056 potestates
777 1995 939 2046 collinesutes
961 1999 1108 2046 convenient
1126 1998 1152 2045 in
1172 1998 1226 2058 ipse
1250 2002 1369 2060 tanquam
1387 2001 1483 2043 centro:
1503 1994 1569 2043 uude
1587 2000 1611 2042 et
1629 2000 1740 2042 eentum
1758 2005 1869 2054 occupa-

512 2067 550 2113 bit
578 2070 603 2113 et
622 2071 695 2113 extre
718 2071 829 2114 centrum
852 2068 977 2115 bemineru
1004 2082 1057 2115 esse
1080 2062 1172 2123 αἰαξια
1197 2072 1299 2113 ιιιιιιιι
1325 2080 1405 2113 rerum
1428 2067 1534 2112 maxime
1552 2077 1692 2127 repugnans
1715 2063 1869 2124 prohibebit

514 2134 616 2185 Semina
635 2137 701 2183 enlm
722 2140 748 2182 et
766 2137 866 2197 quintae
884 2139 956 2202 quasi
975 2139 1095 2185 essentiae
1113 2138 1190 2185 totius
1209 2136 1374 2197 plenitudinis
1393 2135 1502 2199 undique
1520 2135 1573 2194 pari
1589 2136 1677 2182 virtuts
1695 2132 1866 2181 inhominem

512 2204 620 2254 uadunt
639 2210 664 2253 et
678 2207 817 2270 jacirrntur,
843 2221 926 2256 omnes
951 2208 977 2255 iu
996 2208 1096 2256 bomine
1119 2202 1236 2255 seleutias
1260 2206 1381 2254 habitant
1416 2204 1481 2252 Dein
1501 2218 1532 2251 ex
1554 2204 1630 2251 sacris
1654 2208 1678 2251 et
1702 2202 1759 2263 ipse
1776 2208 1869 2251 natura

514 2281 622 2338 constet,
640 2274 766 2324 bominem
787 2278 864 2325 totius
882 2277 989 2326 risibilis
1009 2281 1133 2326 creaturas
1152 2276 1279 2323 domiuum
1297 2290 1350 2324 esse
1369 2280 1394 2322 et
1411 2275 1437 2322 in
1457 2274 1565 2321 medium
1577 2273 1686 2334 peradisi
1700 2269 1869 2333 cellensium

513 2343 647 2406 paradisus
665 2350 747 2393 eutem
766 2347 789 2393 is
806 2360 857 2394 uon
876 2352 956 2395 certus
975 2353 1028 2395 eret
1045 2348 1141 2409 bertus,
1160 2345 1203 2394 sed
1223 2349 1277 2393 teta
1294 2345 1401 2393 visibilis
1414 2345 1571 2407 universitas,
1591 2342 1657 2391 unde
1675 2344 1702 2389 in
1720 2342 1798 2403 hujus
1816 2357 1869 2392 rue·

514 2414 585 2461 dium
604 2427 618 2460 a
631 2413 761 2474 Scriptura
780 2415 916 2465 collocatus
935 2417 1032 2477 dieitur,
1051 2423 1075 2464 et
1093 2418 1114 2465 is
1125 2417 1195 2464 locus
1213 2415 1316 2463 debetur
1329 2415 1427 2464 mortali
1441 2413 1501 2473 Dee,
1521 2415 1561 2461 cui
1573 2415 1658 2460 emnia
1670 2414 1763 2460 servire
1777 2420 1868 2461 tenen·

512 2488 560 2547 tur,
580 2496 631 2530 nen
648 2481 721 2532 alius.
756 2484 887 2535 Praeterea
909 2487 1019 2534 emnium
1038 2488 1132 2535 entium
1152 2490 1262 2534 centrum
1287 2491 1311 2533 et
1329 2486 1396 2545 erige
1416 2490 1440 2531 et
1458 2496 1548 2544 scopus
1566 2488 1604 2531 est
1620 2482 1704 2548 Deus,
1732 2483 1778 2546 qui
1798 2480 1868 2531 solus

510 2555 537 2601 in
558 2557 612 2601 tote
632 2554 727 2601 entium
745 2555 840 2602 ambitu
858 2557 951 2618 ubique
975 2556 1041 2604 idem
1059 2569 1124 2604 uuus
1142 2560 1167 2604 st
1184 2556 1277 2607 ureltus
1296 2555 1374 2618 viget,
1400 2555 1436 2602 ite
1458 2552 1568 2601 visibilis
1586 2551 1708 2614 urendus,
1735 2551 1868 2615 archetypi

512 2623 551 2671 sui
574 2623 711 2671 invisibilis
735 2625 830 2686 imago,
856 2629 880 2674 et
897 2626 924 2673 ln
943 2640 971 2673 ee
988 2625 1057 2673 Dens
1079 2622 1199 2688 visibilis,
1227 2625 1314 2688 home,
1340 2626 1404 2672 inter
1422 2638 1448 2672 ss
1471 2624 1577 2671 invicem
1602 2622 1720 2683 dispositi
1740 2625 1814 2687 suut,
1842 2627 1868 2671 et

511 2692 723 2757 quemadmodum
741 2693 811 2741 Dens
835 2703 945 2743 centrum
963 2696 1091 2745 universes
1117 2693 1294 2758 plenitudinis.
1321 2694 1356 2741 ita
1373 2694 1446 2742 boure
1468 2697 1579 2741 centrum
1598 2692 1753 2752 visibilium,
1781 2696 1807 2741 st
1824 2705 1869 2755 per

513 2775 667 2824 consequens
686 2764 713 2811 io
731 2769 823 2816 centro.
859 2764 923 2813 'l'um
941 2779 971 2813 ex
988 2770 1074 2830 centro
1093 2764 1236 2814 extenditur
1254 2764 1457 2821 circumsonantis,
1476 2775 1525 2809 nou
1538 2776 1595 2809 vero
1615 2776 1644 2809 ex
1665 2761 1870 2811 circumtereutte

512 2838 627 2880 centrum
647 2834 815 2883 constituitur.
850 2834 921 2894 Jem,
947 2840 975 2882 nt
996 2848 1027 2881 ex
1045 2833 1152 2883 bistoria
1173 2834 1306 2882 creationts
1329 2838 1442 2893 constat,
1462 2835 1575 2879 exterra
1598 2835 1623 2878 et
1645 2832 1711 2878 inter
1734 2831 1870 2882 interiores

483 2952 489 2962 ἱ
515 2906 592 2964 atque
610 2904 749 2964 superiores
766 2916 844 2962 aquas
862 2906 958 2953 extensi
977 2909 1035 2953 sunt
1053 2905 1116 2952 coeli
1134 2905 1179 2968 ita,
1197 2908 1226 2951 nt
1243 2908 1331 2951 terram
1348 2903 1459 2962 undique
1478 2901 1574 2949 coelum
1592 2900 1823 2963 comprehenderit,
1840 2903 1868 2951 iu

514 2984 564 3030 qne
584 2972 653 3018 coeio
675 2971 732 3020 dein
752 2973 839 3021 stelles
862 2982 887 3022 et
905 2975 1038 3024 luminaria
1056 2987 1146 3034 magns
1170 2973 1293 3022 collocate
1310 2979 1368 3022 sont
1390 2978 1416 3020 et
1432 2979 1496 3024 orte.
1531 2969 1699 3020 Pulcherrima
1720 2985 1780 3020 cum
1797 2970 1869 3021 llose

511 3039 617 3088 Hermes
636 3043 771 3106 eonsentit;
800 3044 822 3092 is
839 3045 905 3092 euim
930 3048 966 3093 ite
984 3047 1010 3094 tn
1028 3043 1196 3094 Poimandre:
1223 3056 1269 3091 sex
1288 3043 1405 3091 humidae
1423 3049 1525 3090 naturae
1549 3042 1686 3091 visceribus
1703 3041 1818 3091 sincerus
1837 3056 1869 3091 ac

512 3107 576 3158 levis
593 3110 658 3171 iguis
677 3112 791 3174 protlnns
816 3111 917 3163 evolsos
935 3116 987 3164 alta
1005 3116 1090 3178 petiit,
1117 3116 1159 3163 air
1182 3127 1282 3174 queque
1300 3114 1362 3162 ieris
1380 3113 1482 3175 spiritus
1502 3124 1589 3175 persus
1608 3110 1717 3160 mediam
1737 3114 1866 3173 regionem

515 3181 579 3228 inter
596 3181 679 3240 igneus
706 3187 731 3229 et
749 3195 838 3242 aquam
857 3186 1019 3250 sortiebatur,
1047 3191 1111 3234 terra
1136 3198 1193 3233 rere
1212 3188 1237 3231 et
1254 3197 1318 3243 equs
1340 3184 1375 3231 sic
1393 3183 1499 3231 invicem
1525 3183 1658 3230 commiste
1676 3182 1811 3246 jacebant,
1839 3189 1869 3231 nt

511 3255 590 3297 terres
611 3252 688 3298 iacies
706 3254 779 3311 aquis
798 3254 885 3301 obrute
903 3257 1017 3316 nuspiam
1036 3259 1138 3315 pateret
1173 3252 1241 3302 llaec
1259 3253 1308 3301 due
1322 3253 1378 3302 dein
1397 3256 1588 3301 commutarunt
1605 3251 1759 3312 aspirlteail
1779 3254 1866 3312 verbo,

510 3319 578 3379 quod
598 3321 635 3366 eis
653 3322 869 3382 superierebatur«
890 3329 937 3373 etc.
972 3325 1060 3373 Totam
1078 3325 1154 3372 etlam
1173 3324 1281 3372 visibilis
1300 3328 1424 3372 creaturas
1442 3323 1582 3370 machinam
1606 3327 1714 3381 quatuor
1732 3335 1867 3383 corporum

510 3390 670 3449 receptacula
688 3391 821 3452 coutluers,
839 3394 970 3453 antiquum
989 3400 1034 3457 est,
1053 3399 1143 3441 terram
1155 3394 1257 3454 scilieet,
1276 3407 1372 3453 squaru,
1391 3395 1471 3441 sireni
1489 3397 1513 3439 et
1526 3392 1616 3451 ignem.
1653 3392 1693 3440 De
1711 3394 1778 3452 igne,
1798 3393 1868 3452 quod

510 3460 531 3506 ls
551 3471 691 3518 supremam
710 3459 797 3508 muudi
815 3465 974 3522 occupaverit
991 3469 1015 3511 et
1033 3464 1150 3510 extimam
1168 3463 1260 3516 eedem.
1278 3477 1350 3511 neme
1363 3462 1498 3524 dubitabit,
1517 3463 1562 3521 qui
1574 3462 1647 3509 mode
1660 3462 1868 3522 antiquissimam

510 3541 596 3575 recem
614 3530 731 3587 setlreris,
750 3531 818 3578 cosle
837 3533 990 3592 attributam,
1009 3545 1087 3592 aequa
1104 3533 1173 3579 leuce
1192 3539 1217 3579 et
1234 3535 1316 3581 animo
1330 3533 1473 3580 excitatiore
1486 3530 1643 3592 perpenderit
1658 3537 1683 3578 et
1695 3545 1753 3579 cum
1766 3545 1867 3581 ornnem

513 3598 595 3656 iguem
613 3597 645 3645 ad
665 3611 771 3661 superna
789 3601 889 3649 tendere
907 3615 1055 3661 omnemque
1073 3601 1178 3662 desuper
1196 3604 1280 3650 venire
1297 3601 1511 3663 animadverterit,
1532 3602 1581 3648 ime
1599 3602 1665 3661 ignis
1684 3602 1765 3662 ipsine
1784 3605 1867 3651 raris-

512 3668 604 3713 simam
624 3675 648 3715 et
667 3670 773 3717 maxims
791 3684 926 3732 expensam
950 3673 1061 3733 corperis
1079 3673 1263 3720 consistentiam
1282 3673 1441 3720 intellexerit.
1480 3671 1574 3718 Locum
1599 3686 1655 3718 vero
1682 3674 1822 3721 maximum
1841 3679 1869 3722 et

511 3737 692 3797 amplissimum
713 3739 779 3797 ignis
797 3749 943 3790 consecutus
961 3749 1007 3806 cst,
1026 3749 1054 3789 ut
1071 3743 1176 3789 intinitis
1195 3743 1348 3806 corporibus,
1367 3742 1474 3790 hominis
1493 3754 1569 3789 cause
1585 3741 1680 3789 ibidem
1699 3739 1865 3809 collocandis,

510 3804 592 3853 lecum
611 3809 728 3869 presberc
748 3812 833 3871 possit.

597 3875 693 3936 Quodsi
712 3893 769 3930 vcro
788 3893 859 3940 urges
877 3881 965 3928 Terrae
983 3882 1122 3929 exilitatem
1142 3886 1165 3928 et
1184 3881 1249 3930 Solis
1267 3880 1479 3941 magnitudinem:
1500 3894 1554 3928 cons
1574 3893 1647 3928 ornus
1666 3885 1779 3930 centrum
1798 3883 1867 3932 exiis

511 3959 564 3993 esse
584 3945 674 3994 debeat
692 3954 815 3997 ettamen
835 3953 887 4010 ejus
905 3952 943 3998 vis
961 3964 1005 4012 per
1023 3964 1120 3998 omnem
1140 3950 1360 3998 circumferentiam
1378 3964 1467 4012 sparsa
1484 3952 1525 4002 sit.
1546 3955 1574 3997 ut
1591 3959 1615 3998 et
1633 3951 1660 3998 in
1680 3951 1728 3999 bec
1746 3955 1865 4017 usgetie;

512 4028 563 4075 qno
582 4018 648 4064 enim
667 4031 736 4067 meus
756 4018 876 4082 hominis,
903 4025 954 4067 taur
972 4021 1071 4080 angusti
1089 4022 1234 4070 animantis.
1262 4021 1356 4068 domini
1379 4027 1462 4068 temen
1485 4021 1562 4069 tetius
1582 4022 1706 4079 universi,
1733 4036 1786 4070 non
1804 4036 1866 4084 per·

510 4086 601 4144 tingit?
637 4086 689 4135 lmo
707 4090 730 4136 si
748 4102 777 4136 ex
796 4089 966 4149 magnitudine
985 4097 1095 4138 centrum
1115 4098 1179 4139 esset
1194 4089 1371 4150 iudicandum,
1392 4103 1441 4137 nen
1459 4089 1511 4152 Sol,
1536 4091 1579 4139 sed
1598 4090 1690 4155 Sirius,
1717 4094 1762 4156 qui
1782 4096 1868 4153 major

510 4160 547 4201 est
565 4152 637 4216 Sole,
657 4163 767 4205 centrum
785 4162 843 4222 erit,
863 4167 888 4206 et
906 4160 927 4208 si
945 4160 1024 4208 Sirius
1043 4167 1115 4207 extra
1133 4165 1243 4207 centrum
1268 4167 1316 4221 est,
1342 4173 1391 4224 que
1413 4163 1468 4219 jure
1486 4160 1528 4208 Sei
1553 4160 1618 4208 iilud
1642 4164 1794 4223 occupabit?
1831 4163 1866 4211 Et

509 4225 547 4271 vis
567 4227 657 4272 metria
677 4227 721 4273 iila
740 4228 766 4275 iu
778 4227 836 4277 Sele
855 4229 936 4276 adbuc
954 4228 1088 4276 admodum
1106 4230 1207 4277 incertis
1226 4236 1250 4277 et
1268 4228 1397 4289 fragilibus
1415 4230 1504 4277 nititur
1522 4228 1700 4279 fundamentis.
1730 4232 1866 4295 Scriptura

509 4294 534 4341 S.
553 4299 605 4340 teta
623 4301 660 4341 est
678 4309 786 4345 rosarum
805 4301 910 4360 partium
930 4305 977 4349 etc.

597 4364 724 4413 Postremo
743 4382 840 4416 recurro
859 4369 891 4416 ad
910 4369 1071 4416 auctoritates
1089 4370 1327 4434 antiquissimorum.
1346 4383 1408 4433 ques
1427 4383 1455 4417 ex
1470 4367 1620 4416 revelatione
1639 4370 1726 4418 divine
1744 4387 1791 4421 ιιι
1810 4377 1865 4437 pri.

509 4432 589 4481 meria
607 4433 723 4494 dogmata
741 4437 856 4486 babuisse
875 4444 948 4486 testes
973 4444 1031 4486 suut
1053 4439 1184 4496 bistoriae,
1211 4445 1286 4487 testes
1309 4442 1365 4501 ipsa
1388 4441 1554 4488 sacratissima
1577 4447 1602 4487 st
1625 4441 1699 4502 plano
1722 4443 1865 4494 humanam

509 4504 629 4550 retlooeru
649 4508 862 4556 transscendentia
880 4508 985 4569 scripta:
1005 4510 1084 4567 maier
1103 4523 1160 4567 erge
1178 4508 1266 4556 borum
1285 4510 1346 4556 mihi
1365 4511 1497 4557 auctoritas
1516 4509 1602 4557 merite
1617 4511 1767 4574 secedebat,
1786 4529 1865 4580 quera

511 4573 661 4633 reliquorum
683 4578 794 4637 speciosa
812 4591 856 4625 nec
876 4584 915 4625 sat
934 4579 1003 4625 brma
1021 4581 1116 4626 retiorre
1134 4585 1176 4625 ent
1201 4580 1354 4641 experientis
1377 4581 1522 4627 confirmata
1545 4579 1670 4638 figmenta.
1707 4580 1865 4634 Concludam

509 4656 566 4701 erqo
593 4658 647 4691 cum
672 4645 756 4694 divine
774 4648 916 4710 Zoroastre,
941 4653 1020 4695 tetum
1045 4648 1164 4696 mundum
1188 4662 1218 4696 ex
1243 4649 1300 4702 isus
1323 4655 1347 4695 et
1365 4661 1428 4712 equs
1446 4655 1472 4696 et
1488 4653 1552 4696 terre
1570 4656 1594 4696 et
1613 4652 1699 4698 omnis
1717 4651 1788 4702 iente
1807 4656 1865 4703 sire

512 4720 625 4761 constare
643 4720 688 4761 etc

599 4782 647 4832 Sed
667 4798 697 4831 ue
715 4789 780 4846 iusto
795 4787 922 4834 molestior
940 4787 994 4840 sim,
1015 4787 1100 4834 desino
1119 4792 1144 4834 et
1162 4788 1259 4851 reliqua
1277 4801 1341 4851 qnae
1353 4786 1402 4835 dici
1415 4795 1518 4850 pessunt
1531 4789 1641 4850 plurima
1658 4792 1684 4838 in
1703 4792 1776 4840 aliud
1795 4803 1863 4843 tem·

512 4867 558 4913 pus
578 4855 713 4903 resen-ebo.
749 4855 786 4903 'su
805 4858 916 4906 iuterim.
939 4857 984 4902 i’ir
1002 4855 1156 4910 clarissime.
1176 4858 1229 4905 vele
1247 4865 1272 4904 et
1290 4872 1358 4905 mese
1376 4859 1515 4905 infirmitati
1534 4860 1642 4919 ignosce.
1679 4859 1783 4910 Salvere
1800 4867 1865 4924 jube

510 4922 540 4973 D.
561 4921 749 4980 tirlnqalletuur.
771 4925 903 4981 lltrlernm,
924 4926 1108 4974 lleuseberdum
1127 4935 1172 4973 etc.
1210 4928 1307 4976 Dabam
1326 4928 1478 4987 Argentioee
1496 4931 1538 4979 ³1.
1556 4929 1615 4979 Jau.
1635 4946 1658 4977 ι.
1676 4939 1706 4978 ιι.
1729 4935 1807 4981 ιδιῖ.

596 4991 696 5052 itepieri
715 4997 842 5054 responsio
869 4996 1029 5044 clesivleratur.
1067 4994 1168 5043 Cresius
1192 4999 1290 5044 interim
1312 4999 1474 5057 Argentorato
1498 5000 1562 5046 abiit
1585 5001 1702 5048 secedens
1726 5003 1753 5050 iu
1779 5018 1864 5055 arcem

509 5061 711 5120 Rastenberqum.
733 5077 814 5125 ,quae
827 5067 876 5111 sita
889 5072 926 5112 est
938 5068 1001 5114 iuter
1013 5065 1124 5113 Zvetiem
1143 5074 1166 5113 et
1180 5065 1340 5118 Crembsiom.
1360 5068 1393 5114 ad
1411 5081 1554 5126 generosum
1575 5070 1605 5121 l).
1626 5070 1701 5119 blicb.
1722 5072 1863 5140 Zellerum,

511 5131 637 5194 liudolphi
657 5132 781 5195 quendam
802 5134 956 5193 imperatoris
981 5138 1167 5185 camerertnm‘·.
1204 5137 1297 5184 lstbinc
1326 5151 1369 5199 per
1395 5135 1481 5184 literae
1500 5137 1533 5199 (d.
1556 5142 1595 5190 1³.
1614 5141 1673 5190 Jau.
1696 5141 1778 5208 iiiiii)
1798 5149 1865 5207 petit

508 5214 524 5250 a
543 5201 664 5262 deplere,
688 5208 716 5251 ut
735 5206 906 5255 ,ιιιιοιιιιίιι
929 5211 978 5253 tem
997 5208 1091 5268 primae
1110 5219 1186 5271 quam
1209 5207 1330 5256 secundae
1348 5207 1427 5270 pertis
1445 5202 1481 5274 tsi
1496 5211 1547 5269 tem
1570 5211 1693 5274 impresse
1710 5212 1755 5280 sit)
1774 5229 1863 5268 exem.
