<?xml version="1.0" encoding="UTF-8"?>
<!DOCTYPE html PUBLIC "-//W3C//DTD XHTML 1.0 Transitional//EN"
    "http://www.w3.org/TR/xhtml1/DTD/xhtml1-transitional.dtd">
<html xmlns="http://www.w3.org/1999/xhtml" xml:lang="en" lang="en">
 <head>
  <title>
</title>
<meta http-equiv="Content-Type" content="text/html;charset=utf-8" />
  <meta name='ocr-system' content='tesseract 3.04.00' />
  <meta name='ocr-capabilities' content='ocr_page ocr_carea ocr_par ocr_line ocrx_word'/>
</head>
<body>
  <div class='ocr_page' id='page_1' title='image "./joanniskepleria03frisgoog/joanniskepleria03frisgoog_0476.png"; bbox 0 0 4459 6275; ppageno 0'>
   <div class='ocr_carea' id='block_1_1' title="bbox 460 805 1317 880">
    <p class='ocr_par' dir='ltr' id='par_1_1' title="bbox 460 805 1317 880">
     <span class='ocr_line' id='line_1_1' title="bbox 460 805 1317 880; baseline -0.008 -10"><span class='ocrx_word' id='word_1_1' title='bbox 460 810 525 870; x_wconf 80' lang='lat' dir='ltr'>tat</span> <span class='ocrx_word' id='word_1_2' title='bbox 962 808 1106 880; x_wconf 83' lang='lat' dir='ltr'>Epitomes</span> <span class='ocrx_word' id='word_1_3' title='bbox 1124 805 1317 863; x_wconf 81' lang='lat' dir='ltr'>Astronomiaa</span> 
     </span>
    </p>
   </div>
   <div class='ocr_carea' id='block_1_2' title="bbox 461 984 1821 5342">
    <p class='ocr_par' dir='ltr' id='par_1_2' title="bbox 461 984 1818 1671">
     <span class='ocr_line' id='line_1_2' title="bbox 568 984 1815 1062; baseline 0.002 -17"><span class='ocrx_word' id='word_1_4' title='bbox 568 984 728 1061; x_wconf 77' lang='lat' dir='ltr'><em>Quomodo</em></span> <span class='ocrx_word' id='word_1_5' title='bbox 760 992 900 1046; x_wconf 87' lang='lat' dir='ltr'>movetur</span> <span class='ocrx_word' id='word_1_6' title='bbox 937 1003 1109 1062; x_wconf 76' lang='lat' dir='ltr'>apopaenm</span> <span class='ocrx_word' id='word_1_7' title='bbox 1151 985 1244 1059; x_wconf 78' lang='lat' dir='ltr'>nujus</span> <span class='ocrx_word' id='word_1_8' title='bbox 1263 985 1395 1047; x_wconf 19' lang='lat' dir='ltr'>&#39;orbitae</span> <span class='ocrx_word' id='word_1_9' title='bbox 1432 985 1543 1047; x_wconf 84' lang='lat' dir='ltr'>Lunae</span> <span class='ocrx_word' id='word_1_10' title='bbox 1577 988 1759 1047; x_wconf 82' lang='lat' dir='ltr'>eceerrtriaoe</span> <span class='ocrx_word' id='word_1_11' title='bbox 1791 996 1815 1047; x_wconf 89' lang='lat' dir='ltr'>et</span> 
     </span>
     <span class='ocr_line' id='line_1_3' title="bbox 461 1072 1815 1153; baseline 0.003 -23"><span class='ocrx_word' id='word_1_12' title='bbox 461 1079 583 1148; x_wconf 73' lang='lat' dir='ltr'>quanta</span> <span class='ocrx_word' id='word_1_13' title='bbox 606 1074 671 1145; x_wconf 69' lang='lat' dir='ltr'>eius</span> <span class='ocrx_word' id='word_1_14' title='bbox 692 1079 734 1131; x_wconf 83' lang='lat' dir='ltr'>ert</span> <span class='ocrx_word' id='word_1_15' title='bbox 751 1073 897 1148; x_wconf 84' lang='lat' dir='ltr'>periodus</span> <span class='ocrx_word' id='word_1_16' title='bbox 920 1074 1089 1150; x_wconf 76' lang='lat' dir='ltr'>temporis?</span> <span class='ocrx_word' id='word_1_17' title='bbox 1120 1072 1258 1133; x_wconf 81' lang='lat' dir='ltr'>Moretur</span> <span class='ocrx_word' id='word_1_18' title='bbox 1279 1074 1309 1130; x_wconf 90' lang='lat' dir='ltr'>in</span> <span class='ocrx_word' id='word_1_19' title='bbox 1332 1075 1481 1150; x_wconf 80' lang='lat' dir='ltr'>signorum</span> <span class='ocrx_word' id='word_1_20' title='bbox 1504 1077 1719 1153; x_wconf 81' lang='lat' dir='ltr'>consequentia</span> <span class='ocrx_word' id='word_1_21' title='bbox 1740 1082 1815 1135; x_wconf 84' lang='lat' dir='ltr'>motu</span> 
     </span>
     <span class='ocr_line' id='line_1_4' title="bbox 461 1157 1816 1241; baseline 0.003 -23"><span class='ocrx_word' id='word_1_22' title='bbox 461 1157 610 1235; x_wconf 73' lang='lat' dir='ltr'><strong>aequabili</strong></span> <span class='ocrx_word' id='word_1_23' title='bbox 633 1159 853 1237; x_wconf 89' lang='lat' dir='ltr'>restituitnrque</span> <span class='ocrx_word' id='word_1_24' title='bbox 868 1160 907 1220; x_wconf 89' lang='lat' dir='ltr'>ad</span> <span class='ocrx_word' id='word_1_25' title='bbox 926 1160 1005 1221; x_wconf 90' lang='lat' dir='ltr'>idern</span> <span class='ocrx_word' id='word_1_26' title='bbox 1027 1168 1167 1239; x_wconf 86' lang='lat' dir='ltr'>punctum</span> <span class='ocrx_word' id='word_1_27' title='bbox 1190 1159 1383 1236; x_wconf 77' lang='lat' dir='ltr'>longitudinis</span> <span class='ocrx_word' id='word_1_28' title='bbox 1405 1160 1518 1221; x_wconf 77' lang='lat' dir='ltr'>zodiaci</span> <span class='ocrx_word' id='word_1_29' title='bbox 1542 1163 1571 1220; x_wconf 91' lang='lat' dir='ltr'>in</span> <span class='ocrx_word' id='word_1_30' title='bbox 1594 1164 1682 1222; x_wconf 84' lang='lat' dir='ltr'>annis</span> <span class='ocrx_word' id='word_1_31' title='bbox 1700 1162 1816 1241; x_wconf 72' lang='lat' dir='ltr'>Aegyp·</span> 
     </span>
     <span class='ocr_line' id='line_1_5' title="bbox 461 1245 1818 1327; baseline 0.001 -22"><span class='ocrx_word' id='word_1_32' title='bbox 461 1248 510 1305; x_wconf 89' lang='lat' dir='ltr'>tiis</span> <span class='ocrx_word' id='word_1_33' title='bbox 534 1248 553 1305; x_wconf 87' lang='lat'>8</span> <span class='ocrx_word' id='word_1_34' title='bbox 581 1245 684 1305; x_wconf 89' lang='lat' dir='ltr'>diebus</span> <span class='ocrx_word' id='word_1_35' title='bbox 706 1249 767 1307; x_wconf 84' lang='lat'>311</span> <span class='ocrx_word' id='word_1_36' title='bbox 799 1247 878 1308; x_wconf 87' lang='lat' dir='ltr'>iroris</span> <span class='ocrx_word' id='word_1_37' title='bbox 902 1250 930 1310; x_wconf 88' lang='grc'>6.</span> <span class='ocrx_word' id='word_1_38' title='bbox 986 1247 1052 1308; x_wconf 90' lang='lat' dir='ltr'>Hoc</span> <span class='ocrx_word' id='word_1_39' title='bbox 1074 1255 1155 1307; x_wconf 91' lang='lat' dir='ltr'>motu</span> <span class='ocrx_word' id='word_1_40' title='bbox 1180 1247 1213 1320; x_wconf 85' lang='lat' dir='ltr'>B,</span> <span class='ocrx_word' id='word_1_41' title='bbox 1246 1253 1377 1307; x_wconf 82' lang='lat' dir='ltr'>centrum</span> <span class='ocrx_word' id='word_1_42' title='bbox 1399 1250 1555 1309; x_wconf 89' lang='lat' dir='ltr'>eceeutrici</span> <span class='ocrx_word' id='word_1_43' title='bbox 1579 1248 1699 1323; x_wconf 83' lang='lat' dir='ltr'>Lunae,</span> <span class='ocrx_word' id='word_1_44' title='bbox 1736 1266 1818 1327; x_wconf 89' lang='lat' dir='ltr'>super</span> 
     </span>
     <span class='ocr_line' id='line_1_6' title="bbox 461 1331 1817 1414; baseline 0.001 -22"><span class='ocrx_word' id='word_1_45' title='bbox 461 1331 552 1411; x_wconf 86' lang='lat' dir='ltr'>plano</span> <span class='ocrx_word' id='word_1_46' title='bbox 574 1333 687 1392; x_wconf 80' lang='lat' dir='ltr'>orbitae</span> <span class='ocrx_word' id='word_1_47' title='bbox 711 1332 812 1395; x_wconf 83' lang='lat' dir='ltr'>Lunae</span> <span class='ocrx_word' id='word_1_48' title='bbox 834 1333 870 1414; x_wconf 83' lang='lat' dir='ltr'>(si</span> <span class='ocrx_word' id='word_1_49' title='bbox 894 1335 924 1394; x_wconf 90' lang='lat' dir='ltr'>ld</span> <span class='ocrx_word' id='word_1_50' title='bbox 947 1337 1109 1412; x_wconf 82' lang='lat' dir='ltr'>cogitemus</span> <span class='ocrx_word' id='word_1_51' title='bbox 1132 1335 1251 1394; x_wconf 82' lang='lat' dir='ltr'>affixum</span> <span class='ocrx_word' id='word_1_52' title='bbox 1279 1332 1316 1394; x_wconf 89' lang='lat' dir='ltr'>ad</span> <span class='ocrx_word' id='word_1_53' title='bbox 1340 1334 1448 1394; x_wconf 89' lang='lat' dir='ltr'>lineam</span> <span class='ocrx_word' id='word_1_54' title='bbox 1477 1354 1512 1397; x_wconf 82' lang='lat' dir='ltr'>ex</span> <span class='ocrx_word' id='word_1_55' title='bbox 1535 1344 1638 1396; x_wconf 88' lang='lat' dir='ltr'>centro</span> <span class='ocrx_word' id='word_1_56' title='bbox 1661 1336 1770 1397; x_wconf 74' lang='lat' dir='ltr'>Terrae</span> <span class='ocrx_word' id='word_1_57' title='bbox 1790 1339 1817 1395; x_wconf 89' lang='lat' dir='ltr'>in</span> 
     </span>
     <span class='ocr_line' id='line_1_7' title="bbox 464 1419 1817 1501; baseline 0.006 -20"><span class='ocrx_word' id='word_1_58' title='bbox 464 1419 595 1498; x_wconf 83' lang='lat' dir='ltr'>aliquam</span> <span class='ocrx_word' id='word_1_59' title='bbox 616 1420 739 1480; x_wconf 83' lang='lat' dir='ltr'>lixarum</span> <span class='ocrx_word' id='word_1_60' title='bbox 756 1420 886 1501; x_wconf 87' lang='lat' dir='ltr'>ductam)</span> <span class='ocrx_word' id='word_1_61' title='bbox 910 1422 1050 1483; x_wconf 74' lang='lat' dir='ltr'>describit</span> <span class='ocrx_word' id='word_1_62' title='bbox 1065 1439 1155 1483; x_wconf 88' lang='lat' dir='ltr'>causa</span> <span class='ocrx_word' id='word_1_63' title='bbox 1170 1420 1362 1497; x_wconf 80' lang='lat' dir='ltr'>longitudinis</span> <span class='ocrx_word' id='word_1_64' title='bbox 1385 1421 1532 1483; x_wconf 87' lang='lat' dir='ltr'>circellum</span> <span class='ocrx_word' id='word_1_65' title='bbox 1547 1422 1663 1485; x_wconf 74' lang='lat' dir='ltr'><strong>,BERY</strong></span> <span class='ocrx_word' id='word_1_66' title='bbox 1687 1430 1753 1497; x_wconf 66' lang='lat' dir='ltr'>(rte.</span> <span class='ocrx_word' id='word_1_67' title='bbox 1771 1432 1817 1488; x_wconf 78' lang='lat' dir='ltr'>tii.</span> 
     </span>
     <span class='ocr_line' id='line_1_8' title="bbox 462 1508 1818 1587; baseline 0.002 -19"><span class='ocrx_word' id='word_1_68' title='bbox 462 1509 677 1568; x_wconf 83' lang='lat' dir='ltr'>concentrieum</span> <span class='ocrx_word' id='word_1_69' title='bbox 700 1511 777 1568; x_wconf 88' lang='lat' dir='ltr'>circa</span> <span class='ocrx_word' id='word_1_70' title='bbox 799 1518 929 1570; x_wconf 86' lang='lat' dir='ltr'>centrum</span> <span class='ocrx_word' id='word_1_71' title='bbox 952 1508 1078 1572; x_wconf 78' lang='lat' dir='ltr'>Telluris</span> <span class='ocrx_word' id='word_1_72' title='bbox 1100 1509 1138 1569; x_wconf 83' lang='lat' dir='ltr'>A.</span> <span class='ocrx_word' id='word_1_73' title='bbox 1184 1509 1314 1568; x_wconf 89' lang='lat' dir='ltr'>Diumus</span> <span class='ocrx_word' id='word_1_74' title='bbox 1344 1512 1470 1587; x_wconf 81' lang='lat' dir='ltr'>apogsei</span> <span class='ocrx_word' id='word_1_75' title='bbox 1498 1510 1554 1570; x_wconf 91' lang='lat' dir='ltr'>sub</span> <span class='ocrx_word' id='word_1_76' title='bbox 1577 1510 1703 1573; x_wconf 79' lang='lat' dir='ltr'>rodiano</span> <span class='ocrx_word' id='word_1_77' title='bbox 1726 1518 1771 1572; x_wconf 86' lang='lat' dir='ltr'>est</span> <span class='ocrx_word' id='word_1_78' title='bbox 1791 1513 1818 1571; x_wconf 74' lang='grc' dir='ltr'>θ’</span> 
     </span>
     <span class='ocr_line' id='line_1_9' title="bbox 465 1594 792 1671; baseline 0.003 -17"><span class='ocrx_word' id='word_1_79' title='bbox 465 1594 696 1671; x_wconf 78' lang='lat' dir='ltr'>41‘&#39;‚borarius</span> <span class='ocrx_word' id='word_1_80' title='bbox 721 1597 792 1655; x_wconf 60' lang='lat' dir='ltr'>liu.</span> 
     </span>
    </p>

    <p class='ocr_par' dir='ltr' id='par_1_3' title="bbox 462 1682 1820 2196">
     <span class='ocr_line' id='line_1_10' title="bbox 553 1682 1818 1759; baseline 0.002 -16"><span class='ocrx_word' id='word_1_81' title='bbox 553 1682 712 1759; x_wconf 84' lang='lat' dir='ltr'>Quomodo</span> <span class='ocrx_word' id='word_1_82' title='bbox 732 1700 763 1742; x_wconf 84' lang='lat' dir='ltr'>re</span> <span class='ocrx_word' id='word_1_83' title='bbox 784 1682 897 1743; x_wconf 82' lang='lat' dir='ltr'>babent</span> <span class='ocrx_word' id='word_1_84' title='bbox 917 1682 1095 1743; x_wconf 84' lang='lat' dir='ltr'>latitudines</span> <span class='ocrx_word' id='word_1_85' title='bbox 1115 1689 1302 1759; x_wconf 85' lang='lat' dir='ltr'>punctorum</span> <span class='ocrx_word' id='word_1_86' title='bbox 1324 1682 1418 1757; x_wconf 75' lang='lat' dir='ltr'>buius</span> <span class='ocrx_word' id='word_1_87' title='bbox 1440 1683 1557 1744; x_wconf 77' lang='lat' dir='ltr'>orbitae</span> <span class='ocrx_word' id='word_1_88' title='bbox 1583 1682 1628 1744; x_wconf 87' lang='lat' dir='ltr'>ad</span> <span class='ocrx_word' id='word_1_89' title='bbox 1649 1685 1818 1746; x_wconf 75' lang='lat' dir='ltr'>inclinatio·</span> 
     </span>
     <span class='ocr_line' id='line_1_11' title="bbox 462 1769 1818 1851; baseline 0.003 -22"><span class='ocrx_word' id='word_1_90' title='bbox 462 1769 541 1829; x_wconf 85' lang='lat' dir='ltr'>ner?</span> <span class='ocrx_word' id='word_1_91' title='bbox 572 1769 646 1829; x_wconf 86' lang='lat' dir='ltr'>Cum</span> <span class='ocrx_word' id='word_1_92' title='bbox 676 1772 706 1828; x_wconf 88' lang='lat' dir='ltr'>in</span> <span class='ocrx_word' id='word_1_93' title='bbox 729 1770 815 1829; x_wconf 84' lang='lat' dir='ltr'>Luna</span> <span class='ocrx_word' id='word_1_94' title='bbox 836 1786 895 1829; x_wconf 90' lang='lat' dir='ltr'>non</span> <span class='ocrx_word' id='word_1_95' title='bbox 919 1770 1028 1830; x_wconf 88' lang='lat' dir='ltr'>babeat</span> <span class='ocrx_word' id='word_1_96' title='bbox 1049 1771 1148 1830; x_wconf 88' lang='lat' dir='ltr'>locum</span> <span class='ocrx_word' id='word_1_97' title='bbox 1171 1769 1330 1847; x_wconf 85' lang='lat' dir='ltr'>parallaxis</span> <span class='ocrx_word' id='word_1_98' title='bbox 1354 1771 1451 1842; x_wconf 87' lang='lat' dir='ltr'>orbis,</span> <span class='ocrx_word' id='word_1_99' title='bbox 1483 1787 1560 1848; x_wconf 86' lang='lat' dir='ltr'>quac</span> <span class='ocrx_word' id='word_1_100' title='bbox 1582 1772 1694 1833; x_wconf 83' lang='lat' dir='ltr'>accidit</span> <span class='ocrx_word' id='word_1_101' title='bbox 1715 1775 1818 1851; x_wconf 82' lang='lat' dir='ltr'>prima·</span> 
     </span>
     <span class='ocr_line' id='line_1_12' title="bbox 464 1850 1819 1936; baseline 0.003 -20"><span class='ocrx_word' id='word_1_102' title='bbox 464 1859 524 1931; x_wconf 88' lang='lat' dir='ltr'>riis,</span> <span class='ocrx_word' id='word_1_103' title='bbox 549 1850 636 1917; x_wconf 89' lang='lat' dir='ltr'>iidem</span> <span class='ocrx_word' id='word_1_104' title='bbox 660 1859 749 1934; x_wconf 83' lang='lat' dir='ltr'>igitur</span> <span class='ocrx_word' id='word_1_105' title='bbox 763 1865 832 1917; x_wconf 90' lang='lat' dir='ltr'>sunt</span> <span class='ocrx_word' id='word_1_106' title='bbox 846 1856 947 1934; x_wconf 81' lang='lat' dir='ltr'>auguli</span> <span class='ocrx_word' id='word_1_107' title='bbox 970 1856 1008 1917; x_wconf 90' lang='lat' dir='ltr'>ad</span> <span class='ocrx_word' id='word_1_108' title='bbox 1031 1865 1161 1918; x_wconf 88' lang='lat' dir='ltr'>centrum</span> <span class='ocrx_word' id='word_1_109' title='bbox 1177 1857 1285 1917; x_wconf 78' lang='lat' dir='ltr'>&#39;letrae</span> <span class='ocrx_word' id='word_1_110' title='bbox 1309 1857 1506 1917; x_wconf 81' lang='lat' dir='ltr'>inclinationis</span> <span class='ocrx_word' id='word_1_111' title='bbox 1526 1868 1705 1936; x_wconf 89' lang='lat' dir='ltr'>punctorum</span> <span class='ocrx_word' id='word_1_112' title='bbox 1720 1876 1819 1921; x_wconf 82' lang='lat' dir='ltr'>eccen-</span> 
     </span>
     <span class='ocr_line' id='line_1_13' title="bbox 463 1940 1817 2023; baseline 0.001 -18"><span class='ocrx_word' id='word_1_113' title='bbox 463 1946 537 2019; x_wconf 86' lang='lat' dir='ltr'>triei,</span> <span class='ocrx_word' id='word_1_114' title='bbox 560 1947 610 2021; x_wconf 91' lang='lat' dir='ltr'>qui</span> <span class='ocrx_word' id='word_1_115' title='bbox 634 1952 754 2005; x_wconf 87' lang='lat' dir='ltr'>suntet</span> <span class='ocrx_word' id='word_1_116' title='bbox 777 1945 876 2021; x_wconf 79' lang='lat' dir='ltr'>auguli</span> <span class='ocrx_word' id='word_1_117' title='bbox 898 1943 1062 2005; x_wconf 86' lang='lat' dir='ltr'>latitudinis</span> <span class='ocrx_word' id='word_1_118' title='bbox 1085 1940 1254 2023; x_wconf 88' lang='lat' dir='ltr'>apparentis</span> <span class='ocrx_word' id='word_1_119' title='bbox 1265 1944 1368 2005; x_wconf 87' lang='lat' dir='ltr'>Lunae</span> <span class='ocrx_word' id='word_1_120' title='bbox 1391 1949 1420 2003; x_wconf 90' lang='lat' dir='ltr'>in</span> <span class='ocrx_word' id='word_1_121' title='bbox 1437 1947 1473 2005; x_wconf 91' lang='lat' dir='ltr'>iis</span> <span class='ocrx_word' id='word_1_122' title='bbox 1496 1949 1613 2022; x_wconf 89' lang='lat' dir='ltr'>punctis</span> <span class='ocrx_word' id='word_1_123' title='bbox 1637 1948 1817 2008; x_wconf 83' lang='lat' dir='ltr'>constitutae</span> 
     </span>
     <span class='ocr_line' id='line_1_14' title="bbox 464 2031 1820 2113; baseline 0.003 -22"><span class='ocrx_word' id='word_1_124' title='bbox 464 2031 498 2091; x_wconf 92' lang='lat' dir='ltr'>ln</span> <span class='ocrx_word' id='word_1_125' title='bbox 522 2032 608 2092; x_wconf 87' lang='lat' dir='ltr'>Luna</span> <span class='ocrx_word' id='word_1_126' title='bbox 629 2033 718 2108; x_wconf 84' lang='lat' dir='ltr'>igitur</span> <span class='ocrx_word' id='word_1_127' title='bbox 741 2048 798 2092; x_wconf 86' lang='lat' dir='ltr'>vox</span> <span class='ocrx_word' id='word_1_128' title='bbox 821 2031 1019 2093; x_wconf 88' lang='lat' dir='ltr'>inclinationis</span> <span class='ocrx_word' id='word_1_129' title='bbox 1044 2032 1248 2093; x_wconf 85' lang='lat' dir='ltr'>tantummodo</span> <span class='ocrx_word' id='word_1_130' title='bbox 1265 2032 1300 2093; x_wconf 90' lang='lat' dir='ltr'>de</span> <span class='ocrx_word' id='word_1_131' title='bbox 1316 2033 1466 2107; x_wconf 89' lang='lat' dir='ltr'>limitibus,</span> <span class='ocrx_word' id='word_1_132' title='bbox 1490 2050 1642 2111; x_wconf 89' lang='lat' dir='ltr'>nunquam</span> <span class='ocrx_word' id='word_1_133' title='bbox 1658 2034 1695 2096; x_wconf 87' lang='lat' dir='ltr'>de</span> <span class='ocrx_word' id='word_1_134' title='bbox 1711 2036 1820 2113; x_wconf 73' lang='lat' dir='ltr'>putrefit</span> 
     </span>
     <span class='ocr_line' id='line_1_15' title="bbox 464 2119 830 2196; baseline 0 -17"><span class='ocrx_word' id='word_1_135' title='bbox 464 2119 643 2180; x_wconf 88' lang='lat' dir='ltr'>intermediis</span> <span class='ocrx_word' id='word_1_136' title='bbox 665 2126 830 2196; x_wconf 83' lang='lat' dir='ltr'>usurpatur.</span> 
     </span>
    </p>

    <p class='ocr_par' dir='ltr' id='par_1_4' title="bbox 465 2207 1821 2896">
     <span class='ocr_line' id='line_1_16' title="bbox 554 2207 1819 2285; baseline 0.003 -20"><span class='ocrx_word' id='word_1_137' title='bbox 554 2207 681 2285; x_wconf 86' lang='lat' dir='ltr'>Quanto</span> <span class='ocrx_word' id='word_1_138' title='bbox 703 2215 745 2266; x_wconf 84' lang='lat' dir='ltr'>ert</span> <span class='ocrx_word' id='word_1_139' title='bbox 765 2208 839 2266; x_wconf 85' lang='lat' dir='ltr'>boec</span> <span class='ocrx_word' id='word_1_140' title='bbox 859 2222 912 2266; x_wconf 79' lang='lat' dir='ltr'>seu</span> <span class='ocrx_word' id='word_1_141' title='bbox 933 2207 1093 2267; x_wconf 82' lang='lat' dir='ltr'>inclinatio</span> <span class='ocrx_word' id='word_1_142' title='bbox 1115 2209 1295 2267; x_wconf 75' lang='lat' dir='ltr'>eccenniroe</span> <span class='ocrx_word' id='word_1_143' title='bbox 1316 2208 1440 2283; x_wconf 85' lang='lat' dir='ltr'>orbitae,</span> <span class='ocrx_word' id='word_1_144' title='bbox 1463 2224 1516 2267; x_wconf 90' lang='lat' dir='ltr'>reu</span> <span class='ocrx_word' id='word_1_145' title='bbox 1537 2207 1670 2269; x_wconf 87' lang='lat' dir='ltr'>latitudo</span> <span class='ocrx_word' id='word_1_146' title='bbox 1684 2210 1819 2269; x_wconf 64' lang='lat' dir='ltr'>mammo</span> 
     </span>
     <span class='ocr_line' id='line_1_17' title="bbox 465 2292 1819 2370; baseline 0 -16"><span class='ocrx_word' id='word_1_147' title='bbox 465 2292 588 2370; x_wconf 75' lang='lat' dir='ltr'>lamae,</span> <span class='ocrx_word' id='word_1_148' title='bbox 620 2297 655 2353; x_wconf 89' lang='lat' dir='ltr'>irr</span> <span class='ocrx_word' id='word_1_149' title='bbox 676 2295 741 2368; x_wconf 78' lang='lat' dir='ltr'>ejus</span> <span class='ocrx_word' id='word_1_150' title='bbox 762 2294 909 2354; x_wconf 74' lang='lat' dir='ltr'>limitibus</span> <span class='ocrx_word' id='word_1_151' title='bbox 930 2293 1132 2354; x_wconf 80' lang='lat' dir='ltr'>corratitutaei</span> <span class='ocrx_word' id='word_1_152' title='bbox 1165 2294 1262 2354; x_wconf 85' lang='lat' dir='ltr'>Tanta</span> <span class='ocrx_word' id='word_1_153' title='bbox 1285 2303 1330 2354; x_wconf 91' lang='lat' dir='ltr'>est</span> <span class='ocrx_word' id='word_1_154' title='bbox 1352 2294 1502 2354; x_wconf 88' lang='lat' dir='ltr'>inclinatio</span> <span class='ocrx_word' id='word_1_155' title='bbox 1534 2298 1665 2355; x_wconf 88' lang='lat' dir='ltr'>maxima</span> <span class='ocrx_word' id='word_1_156' title='bbox 1689 2294 1819 2369; x_wconf 87' lang='lat' dir='ltr'>limitum,</span> 
     </span>
     <span class='ocr_line' id='line_1_18' title="bbox 466 2381 1819 2462; baseline 0.001 -20"><span class='ocrx_word' id='word_1_157' title='bbox 466 2390 579 2458; x_wconf 78' lang='lat' dir='ltr'>quanta</span> <span class='ocrx_word' id='word_1_158' title='bbox 600 2387 631 2442; x_wconf 88' lang='lat' dir='ltr'>et</span> <span class='ocrx_word' id='word_1_159' title='bbox 652 2383 791 2458; x_wconf 86' lang='lat' dir='ltr'>aequatio</span> <span class='ocrx_word' id='word_1_160' title='bbox 813 2385 955 2454; x_wconf 84' lang='lat' dir='ltr'>maxima,</span> <span class='ocrx_word' id='word_1_161' title='bbox 979 2399 1014 2441; x_wconf 88' lang='lat' dir='ltr'>ex</span> <span class='ocrx_word' id='word_1_162' title='bbox 1038 2384 1137 2458; x_wconf 87' lang='lat' dir='ltr'>optiea</span> <span class='ocrx_word' id='word_1_163' title='bbox 1159 2389 1188 2441; x_wconf 90' lang='lat' dir='ltr'>et</span> <span class='ocrx_word' id='word_1_164' title='bbox 1210 2381 1333 2460; x_wconf 88' lang='lat' dir='ltr'>physica</span> <span class='ocrx_word' id='word_1_165' title='bbox 1353 2383 1486 2458; x_wconf 88' lang='lat' dir='ltr'>partibus</span> <span class='ocrx_word' id='word_1_166' title='bbox 1509 2386 1695 2462; x_wconf 88' lang='lat' dir='ltr'>composita,</span> <span class='ocrx_word' id='word_1_167' title='bbox 1728 2386 1819 2461; x_wconf 90' lang='lat' dir='ltr'>perio-</span> 
     </span>
     <span class='ocr_line' id='line_1_19' title="bbox 468 2457 1821 2548; baseline 0.001 -20"><span class='ocrx_word' id='word_1_168' title='bbox 468 2469 551 2529; x_wconf 87' lang='lat' dir='ltr'>dicas</span> <span class='ocrx_word' id='word_1_169' title='bbox 574 2486 626 2528; x_wconf 89' lang='lat' dir='ltr'>seu</span> <span class='ocrx_word' id='word_1_170' title='bbox 649 2467 764 2529; x_wconf 88' lang='lat' dir='ltr'>solutae</span> <span class='ocrx_word' id='word_1_171' title='bbox 788 2457 1008 2546; x_wconf 85' lang='lat' dir='ltr'>inaequalitatis</span> <span class='ocrx_word' id='word_1_172' title='bbox 1032 2468 1118 2529; x_wconf 93' lang='lat' dir='ltr'>modo</span> <span class='ocrx_word' id='word_1_173' title='bbox 1142 2472 1330 2547; x_wconf 84' lang='lat' dir='ltr'>praemissae,</span> <span class='ocrx_word' id='word_1_174' title='bbox 1354 2470 1466 2529; x_wconf 89' lang='lat' dir='ltr'>scilicet</span> <span class='ocrx_word' id='word_1_175' title='bbox 1482 2471 1499 2529; x_wconf 84' lang='lat'><strong>5</strong></span> <span class='ocrx_word' id='word_1_176' title='bbox 1515 2470 1680 2548; x_wconf 68' lang='lat' dir='ltr'>graduum</span> <span class='ocrx_word' id='word_1_177' title='bbox 1705 2470 1737 2529; x_wconf 91' lang='lat' dir='ltr'>id</span> <span class='ocrx_word' id='word_1_178' title='bbox 1757 2487 1821 2529; x_wconf 84' lang='lat' dir='ltr'>vero</span> 
     </span>
     <span class='ocr_line' id='line_1_20' title="bbox 465 2555 1818 2633; baseline -0.001 -15"><span class='ocrx_word' id='word_1_179' title='bbox 465 2565 536 2619; x_wconf 90' lang='lat' dir='ltr'>tunc</span> <span class='ocrx_word' id='word_1_180' title='bbox 557 2555 751 2631; x_wconf 87' lang='lat' dir='ltr'>solummodo,</span> <span class='ocrx_word' id='word_1_181' title='bbox 774 2574 840 2616; x_wconf 91' lang='lat' dir='ltr'>cum</span> <span class='ocrx_word' id='word_1_182' title='bbox 863 2564 901 2623; x_wconf 69' lang='lat' dir='ltr'>et¹</span> <span class='ocrx_word' id='word_1_183' title='bbox 915 2555 998 2616; x_wconf 87' lang='lat' dir='ltr'>limes</span> <span class='ocrx_word' id='word_1_184' title='bbox 1021 2563 1050 2616; x_wconf 90' lang='lat' dir='ltr'>et</span> <span class='ocrx_word' id='word_1_185' title='bbox 1072 2555 1227 2632; x_wconf 81' lang='lat' dir='ltr'>longitudo</span> <span class='ocrx_word' id='word_1_186' title='bbox 1250 2555 1346 2616; x_wconf 88' lang='lat' dir='ltr'>media</span> <span class='ocrx_word' id='word_1_187' title='bbox 1362 2558 1390 2614; x_wconf 90' lang='lat' dir='ltr'>in</span> <span class='ocrx_word' id='word_1_188' title='bbox 1413 2556 1526 2633; x_wconf 83' lang='lat' dir='ltr'>copulis</span> <span class='ocrx_word' id='word_1_189' title='bbox 1541 2559 1719 2618; x_wconf 87' lang='lat' dir='ltr'>consistunt.</span> <span class='ocrx_word' id='word_1_190' title='bbox 1750 2557 1818 2619; x_wconf 80' lang='lat' dir='ltr'>liam</span> 
     </span>
     <span class='ocr_line' id='line_1_21' title="bbox 466 2642 1819 2723; baseline -0.001 -18"><span class='ocrx_word' id='word_1_191' title='bbox 466 2652 548 2705; x_wconf 82' lang='lat' dir='ltr'>extra</span> <span class='ocrx_word' id='word_1_192' title='bbox 570 2643 691 2722; x_wconf 91' lang='lat' dir='ltr'>copulas</span> <span class='ocrx_word' id='word_1_193' title='bbox 713 2652 837 2721; x_wconf 86' lang='lat' dir='ltr'>utraque</span> <span class='ocrx_word' id='word_1_194' title='bbox 858 2643 891 2703; x_wconf 88' lang='lat' dir='ltr'>lit</span> <span class='ocrx_word' id='word_1_195' title='bbox 913 2644 1015 2720; x_wconf 89' lang='lat' dir='ltr'>major,</span> <span class='ocrx_word' id='word_1_196' title='bbox 1039 2651 1099 2702; x_wconf 90' lang='lat' dir='ltr'>tam</span> <span class='ocrx_word' id='word_1_197' title='bbox 1123 2642 1248 2703; x_wconf 89' lang='lat' dir='ltr'>latitudo</span> <span class='ocrx_word' id='word_1_198' title='bbox 1271 2642 1371 2704; x_wconf 91' lang='lat' dir='ltr'>limitis</span> <span class='ocrx_word' id='word_1_199' title='bbox 1395 2647 1536 2716; x_wconf 85' lang='lat' dir='ltr'>maxima,</span> <span class='ocrx_word' id='word_1_200' title='bbox 1567 2663 1658 2723; x_wconf 87' lang='lat' dir='ltr'>quam</span> <span class='ocrx_word' id='word_1_201' title='bbox 1687 2648 1819 2722; x_wconf 76' lang='lat' dir='ltr'>aequatio</span> 
     </span>
     <span class='ocr_line' id='line_1_22' title="bbox 466 2731 1820 2809; baseline 0 -17"><span class='ocrx_word' id='word_1_202' title='bbox 466 2734 612 2805; x_wconf 80' lang='lat' dir='ltr'>maxima3</span> <span class='ocrx_word' id='word_1_203' title='bbox 639 2731 691 2791; x_wconf 91' lang='lat' dir='ltr'>sed</span> <span class='ocrx_word' id='word_1_204' title='bbox 714 2740 784 2791; x_wconf 90' lang='lat' dir='ltr'>tunc</span> <span class='ocrx_word' id='word_1_205' title='bbox 807 2748 942 2808; x_wconf 86' lang='lat' dir='ltr'>quaeque</span> <span class='ocrx_word' id='word_1_206' title='bbox 965 2747 1020 2790; x_wconf 90' lang='lat' dir='ltr'>sua</span> <span class='ocrx_word' id='word_1_207' title='bbox 1042 2733 1224 2807; x_wconf 86' lang='lat' dir='ltr'>quontitate,</span> <span class='ocrx_word' id='word_1_208' title='bbox 1252 2738 1285 2790; x_wconf 89' lang='lat' dir='ltr'>ot</span> <span class='ocrx_word' id='word_1_209' title='bbox 1307 2733 1350 2792; x_wconf 91' lang='lat' dir='ltr'>sic</span> <span class='ocrx_word' id='word_1_210' title='bbox 1372 2739 1453 2792; x_wconf 81' lang='lat' dir='ltr'>extra</span> <span class='ocrx_word' id='word_1_211' title='bbox 1477 2732 1599 2809; x_wconf 84' lang='lat' dir='ltr'>copulas</span> <span class='ocrx_word' id='word_1_212' title='bbox 1623 2731 1820 2794; x_wconf 82' lang='lat' dir='ltr'>consideratae</span> 
     </span>
     <span class='ocr_line' id='line_1_23' title="bbox 470 2817 1161 2896; baseline -0.004 -17"><span class='ocrx_word' id='word_1_213' title='bbox 470 2836 528 2879; x_wconf 90' lang='lat' dir='ltr'>non</span> <span class='ocrx_word' id='word_1_214' title='bbox 552 2819 677 2896; x_wconf 87' lang='lat' dir='ltr'>amplios</span> <span class='ocrx_word' id='word_1_215' title='bbox 700 2821 775 2879; x_wconf 91' lang='lat' dir='ltr'>inter</span> <span class='ocrx_word' id='word_1_216' title='bbox 797 2837 829 2879; x_wconf 92' lang='lat' dir='ltr'>se</span> <span class='ocrx_word' id='word_1_217' title='bbox 852 2826 990 2878; x_wconf 84' lang='lat' dir='ltr'>maneant</span> <span class='ocrx_word' id='word_1_218' title='bbox 1011 2817 1161 2895; x_wconf 84' lang='lat' dir='ltr'>aequales.</span> 
     </span>
    </p>

    <p class='ocr_par' dir='ltr' id='par_1_5' title="bbox 466 2905 1818 4015">
     <span class='ocr_line' id='line_1_24' title="bbox 556 2905 1818 2984; baseline 0.001 -18"><span class='ocrx_word' id='word_1_219' title='bbox 556 2907 591 2966; x_wconf 82' lang='lat' dir='ltr'>st</span> <span class='ocrx_word' id='word_1_220' title='bbox 618 2924 682 2967; x_wconf 88' lang='lat' dir='ltr'>non</span> <span class='ocrx_word' id='word_1_221' title='bbox 708 2923 824 2984; x_wconf 81' lang='lat' dir='ltr'>semper</span> <span class='ocrx_word' id='word_1_222' title='bbox 852 2914 894 2964; x_wconf 85' lang='lat' dir='ltr'>ert</span> <span class='ocrx_word' id='word_1_223' title='bbox 923 2905 1026 2964; x_wconf 86' lang='lat' dir='ltr'>eadem</span> <span class='ocrx_word' id='word_1_224' title='bbox 1054 2905 1184 2966; x_wconf 85' lang='lat' dir='ltr'>latitudo</span> <span class='ocrx_word' id='word_1_225' title='bbox 1212 2922 1265 2964; x_wconf 87' lang='lat' dir='ltr'>seu</span> <span class='ocrx_word' id='word_1_226' title='bbox 1286 2906 1446 2965; x_wconf 79' lang='lat' dir='ltr'>inclinatio</span> <span class='ocrx_word' id='word_1_227' title='bbox 1473 2906 1606 2965; x_wconf 83' lang='lat' dir='ltr'>limitum</span> <span class='ocrx_word' id='word_1_228' title='bbox 1632 2905 1677 2966; x_wconf 87' lang='lat' dir='ltr'>ad</span> <span class='ocrx_word' id='word_1_229' title='bbox 1695 2907 1818 2983; x_wconf 81' lang='lat' dir='ltr'>planum</span> 
     </span>
     <span class='ocr_line' id='line_1_25' title="bbox 466 2992 1818 3071; baseline -0.003 -16"><span class='ocrx_word' id='word_1_230' title='bbox 466 2996 627 3070; x_wconf 81' lang='lat' dir='ltr'>ecliptioae,</span> <span class='ocrx_word' id='word_1_231' title='bbox 651 3011 758 3055; x_wconf 87' lang='lat' dir='ltr'>annon</span> <span class='ocrx_word' id='word_1_232' title='bbox 780 3001 933 3054; x_wconf 88' lang='lat' dir='ltr'>tortuorur</span> <span class='ocrx_word' id='word_1_233' title='bbox 952 2993 1002 3069; x_wconf 69' lang='lat' dir='ltr'>liet</span> <span class='ocrx_word' id='word_1_234' title='bbox 1023 2994 1155 3052; x_wconf 76' lang='lat' dir='ltr'>circulus</span> <span class='ocrx_word' id='word_1_235' title='bbox 1183 3000 1358 3068; x_wconf 72' lang='lat' dir='ltr'>supernans</span> <span class='ocrx_word' id='word_1_236' title='bbox 1379 2992 1494 3053; x_wconf 81' lang='lat' dir='ltr'>orbitae</span> <span class='ocrx_word' id='word_1_237' title='bbox 1516 2992 1629 3053; x_wconf 84' lang='lat' dir='ltr'>Lunae</span> <span class='ocrx_word' id='word_1_238' title='bbox 1657 2994 1719 3053; x_wconf 82' lang='lat' dir='ltr'>sub</span> <span class='ocrx_word' id='word_1_239' title='bbox 1737 2992 1818 3071; x_wconf 63' lang='lat' dir='ltr'>fiairi</span> 
     </span>
     <span class='ocr_line' id='line_1_26' title="bbox 468 3076 1818 3160; baseline -0.001 -17"><span class='ocrx_word' id='word_1_240' title='bbox 468 3082 546 3143; x_wconf 83' lang='lat' dir='ltr'>Toto</span> <span class='ocrx_word' id='word_1_241' title='bbox 570 3081 621 3141; x_wconf 88' lang='lat' dir='ltr'>illo</span> <span class='ocrx_word' id='word_1_242' title='bbox 644 3099 758 3156; x_wconf 81' lang='lat' dir='ltr'>mense,</span> <span class='ocrx_word' id='word_1_243' title='bbox 791 3085 818 3140; x_wconf 92' lang='lat' dir='ltr'>in</span> <span class='ocrx_word' id='word_1_244' title='bbox 842 3097 901 3158; x_wconf 91' lang='lat' dir='ltr'>quo</span> <span class='ocrx_word' id='word_1_245' title='bbox 923 3080 1032 3141; x_wconf 89' lang='lat' dir='ltr'>limites</span> <span class='ocrx_word' id='word_1_246' title='bbox 1054 3089 1174 3142; x_wconf 88' lang='lat' dir='ltr'>manent</span> <span class='ocrx_word' id='word_1_247' title='bbox 1197 3081 1226 3136; x_wconf 93' lang='lat' dir='ltr'>in</span> <span class='ocrx_word' id='word_1_248' title='bbox 1250 3079 1363 3159; x_wconf 87' lang='lat' dir='ltr'>copulis</span> <span class='ocrx_word' id='word_1_249' title='bbox 1387 3076 1427 3156; x_wconf 82' lang='lat' dir='ltr'>(in</span> <span class='ocrx_word' id='word_1_250' title='bbox 1452 3090 1593 3157; x_wconf 86' lang='lat' dir='ltr'>quantum</span> <span class='ocrx_word' id='word_1_251' title='bbox 1618 3081 1743 3160; x_wconf 90' lang='lat' dir='ltr'>quidem</span> <span class='ocrx_word' id='word_1_252' title='bbox 1765 3098 1818 3142; x_wconf 82' lang='lat' dir='ltr'>mr·</span> 
     </span>
     <span class='ocr_line' id='line_1_27' title="bbox 469 3167 1816 3247; baseline -0.001 -19"><span class='ocrx_word' id='word_1_253' title='bbox 469 3170 561 3247; x_wconf 87' lang='lat' dir='ltr'>nent),</span> <span class='ocrx_word' id='word_1_254' title='bbox 586 3186 687 3229; x_wconf 86' lang='lat' dir='ltr'>ornnes</span> <span class='ocrx_word' id='word_1_255' title='bbox 705 3168 805 3230; x_wconf 89' lang='lat' dir='ltr'>Lunae</span> <span class='ocrx_word' id='word_1_256' title='bbox 820 3168 991 3229; x_wconf 87' lang='lat' dir='ltr'>latitudines</span> <span class='ocrx_word' id='word_1_257' title='bbox 1015 3167 1254 3242; x_wconf 75' lang='lat' dir='ltr'>ordinanttrr,sub</span> <span class='ocrx_word' id='word_1_258' title='bbox 1277 3167 1401 3227; x_wconf 86' lang='lat' dir='ltr'>cundem</span> <span class='ocrx_word' id='word_1_259' title='bbox 1416 3170 1549 3245; x_wconf 86' lang='lat' dir='ltr'>proxime</span> <span class='ocrx_word' id='word_1_260' title='bbox 1572 3167 1718 3231; x_wconf 88' lang='lat' dir='ltr'>circulum</span> <span class='ocrx_word' id='word_1_261' title='bbox 1734 3171 1816 3230; x_wconf 78' lang='lat' dir='ltr'>msti-</span> 
     </span>
     <span class='ocr_line' id='line_1_28' title="bbox 468 3251 1815 3333; baseline -0.003 -17"><span class='ocrx_word' id='word_1_262' title='bbox 468 3275 564 3316; x_wconf 86' lang='lat' dir='ltr'>mum:</span> <span class='ocrx_word' id='word_1_263' title='bbox 592 3264 624 3316; x_wconf 92' lang='lat' dir='ltr'>ut</span> <span class='ocrx_word' id='word_1_264' title='bbox 654 3258 697 3315; x_wconf 91' lang='lat' dir='ltr'>sic</span> <span class='ocrx_word' id='word_1_265' title='bbox 728 3256 867 3333; x_wconf 83' lang='lat' dir='ltr'>angulus,</span> <span class='ocrx_word' id='word_1_266' title='bbox 899 3273 958 3332; x_wconf 85' lang='lat' dir='ltr'>quo</span> <span class='ocrx_word' id='word_1_267' title='bbox 989 3256 1108 3333; x_wconf 90' lang='lat' dir='ltr'>planum</span> <span class='ocrx_word' id='word_1_268' title='bbox 1140 3256 1252 3316; x_wconf 88' lang='lat' dir='ltr'>orbitas</span> <span class='ocrx_word' id='word_1_269' title='bbox 1274 3253 1452 3332; x_wconf 77' lang='lat' dir='ltr'>adplenum</span> <span class='ocrx_word' id='word_1_270' title='bbox 1482 3251 1637 3333; x_wconf 85' lang='lat' dir='ltr'>eclipticas</span> <span class='ocrx_word' id='word_1_271' title='bbox 1662 3257 1815 3324; x_wconf 85' lang='lat' dir='ltr'>inclinatur,</span> 
     </span>
     <span class='ocr_line' id='line_1_29' title="bbox 470 3343 1815 3420; baseline -0.002 -17"><span class='ocrx_word' id='word_1_272' title='bbox 470 3354 533 3403; x_wconf 94' lang='lat' dir='ltr'>toto</span> <span class='ocrx_word' id='word_1_273' title='bbox 555 3344 607 3403; x_wconf 90' lang='lat' dir='ltr'>illo</span> <span class='ocrx_word' id='word_1_274' title='bbox 631 3361 729 3404; x_wconf 86' lang='lat' dir='ltr'>mense</span> <span class='ocrx_word' id='word_1_275' title='bbox 752 3350 869 3402; x_wconf 85' lang='lat' dir='ltr'>maneat</span> <span class='ocrx_word' id='word_1_276' title='bbox 899 3361 988 3419; x_wconf 84' lang='lat' dir='ltr'>quam</span> <span class='ocrx_word' id='word_1_277' title='bbox 1019 3346 1150 3420; x_wconf 85' lang='lat' dir='ltr'>proxime</span> <span class='ocrx_word' id='word_1_278' title='bbox 1181 3350 1326 3402; x_wconf 86' lang='lat' dir='ltr'>constans.</span> <span class='ocrx_word' id='word_1_279' title='bbox 1372 3343 1412 3402; x_wconf 89' lang='lat' dir='ltr'>At</span> <span class='ocrx_word' id='word_1_280' title='bbox 1443 3361 1508 3403; x_wconf 90' lang='lat' dir='ltr'>cum</span> <span class='ocrx_word' id='word_1_281' title='bbox 1540 3343 1675 3420; x_wconf 87' lang='lat' dir='ltr'>digressu</span> <span class='ocrx_word' id='word_1_282' title='bbox 1706 3345 1815 3403; x_wconf 86' lang='lat' dir='ltr'>limitum</span> 
     </span>
     <span class='ocr_line' id='line_1_30' title="bbox 470 3429 1816 3509; baseline -0.004 -18"><span class='ocrx_word' id='word_1_283' title='bbox 470 3449 486 3491; x_wconf 92' lang='lat' dir='ltr'>e</span> <span class='ocrx_word' id='word_1_284' title='bbox 509 3431 624 3506; x_wconf 85' lang='lat' dir='ltr'>copulis</span> <span class='ocrx_word' id='word_1_285' title='bbox 647 3438 771 3505; x_wconf 86' lang='lat' dir='ltr'>augetur</span> <span class='ocrx_word' id='word_1_286' title='bbox 793 3432 841 3489; x_wconf 87' lang='lat' dir='ltr'>lric</span> <span class='ocrx_word' id='word_1_287' title='bbox 864 3430 989 3505; x_wconf 84' lang='lat' dir='ltr'>angulus</span> <span class='ocrx_word' id='word_1_288' title='bbox 1012 3431 1221 3499; x_wconf 82' lang='lat' dir='ltr'>inclinationis,</span> <span class='ocrx_word' id='word_1_289' title='bbox 1245 3437 1274 3488; x_wconf 89' lang='lat' dir='ltr'>et</span> <span class='ocrx_word' id='word_1_290' title='bbox 1297 3437 1365 3489; x_wconf 89' lang='lat' dir='ltr'>tunc</span> <span class='ocrx_word' id='word_1_291' title='bbox 1388 3430 1555 3489; x_wconf 88' lang='lat' dir='ltr'>latitudines</span> <span class='ocrx_word' id='word_1_292' title='bbox 1579 3429 1685 3491; x_wconf 82' lang='lat' dir='ltr'>Lunae</span> <span class='ocrx_word' id='word_1_293' title='bbox 1710 3450 1760 3509; x_wconf 90' lang='lat' dir='ltr'>per</span> <span class='ocrx_word' id='word_1_294' title='bbox 1773 3431 1816 3490; x_wconf 81' lang='lat' dir='ltr'>ali-</span> 
     </span>
     <span class='ocr_line' id='line_1_31' title="bbox 470 3517 1816 3597; baseline -0.002 -21"><span class='ocrx_word' id='word_1_295' title='bbox 470 3536 558 3595; x_wconf 87' lang='lat' dir='ltr'>quem</span> <span class='ocrx_word' id='word_1_296' title='bbox 581 3535 709 3577; x_wconf 88' lang='lat' dir='ltr'>mensem</span> <span class='ocrx_word' id='word_1_297' title='bbox 734 3526 826 3577; x_wconf 90' lang='lat' dir='ltr'>totum</span> <span class='ocrx_word' id='word_1_298' title='bbox 849 3520 944 3577; x_wconf 91' lang='lat' dir='ltr'>minus</span> <span class='ocrx_word' id='word_1_299' title='bbox 967 3520 1121 3594; x_wconf 87' lang='lat' dir='ltr'>minusque</span> <span class='ocrx_word' id='word_1_300' title='bbox 1146 3517 1290 3594; x_wconf 86' lang='lat' dir='ltr'>quadrant</span> <span class='ocrx_word' id='word_1_301' title='bbox 1317 3518 1372 3576; x_wconf 93' lang='lat' dir='ltr'>sub</span> <span class='ocrx_word' id='word_1_302' title='bbox 1403 3536 1490 3576; x_wconf 90' lang='lat' dir='ltr'>unum</span> <span class='ocrx_word' id='word_1_303' title='bbox 1520 3519 1664 3577; x_wconf 78' lang='lat' dir='ltr'>circulum</span> <span class='ocrx_word' id='word_1_304' title='bbox 1689 3520 1816 3597; x_wconf 78' lang='lat' dir='ltr'>sphaerae</span> 
     </span>
     <span class='ocr_line' id='line_1_32' title="bbox 470 3603 1816 3683; baseline -0.001 -20"><span class='ocrx_word' id='word_1_305' title='bbox 470 3608 638 3679; x_wconf 85' lang='lat' dir='ltr'>maximum,</span> <span class='ocrx_word' id='word_1_306' title='bbox 664 3605 757 3664; x_wconf 89' lang='lat' dir='ltr'>donoc</span> <span class='ocrx_word' id='word_1_307' title='bbox 779 3606 885 3664; x_wconf 88' lang='lat' dir='ltr'>limites</span> <span class='ocrx_word' id='word_1_308' title='bbox 908 3607 1144 3682; x_wconf 89' lang='lat' dir='ltr'>appropinquent</span> <span class='ocrx_word' id='word_1_309' title='bbox 1167 3604 1294 3681; x_wconf 86' lang='lat' dir='ltr'>quadris.</span> <span class='ocrx_word' id='word_1_310' title='bbox 1340 3603 1423 3663; x_wconf 87' lang='lat' dir='ltr'>Tunc</span> <span class='ocrx_word' id='word_1_311' title='bbox 1439 3608 1461 3662; x_wconf 85' lang='lat' dir='ltr'>si</span> <span class='ocrx_word' id='word_1_312' title='bbox 1486 3604 1594 3665; x_wconf 86' lang='lat' dir='ltr'>limites</span> <span class='ocrx_word' id='word_1_313' title='bbox 1611 3608 1640 3663; x_wconf 88' lang='lat' dir='ltr'>irr</span> <span class='ocrx_word' id='word_1_314' title='bbox 1667 3609 1741 3682; x_wconf 85' lang='lat' dir='ltr'>ipsis</span> <span class='ocrx_word' id='word_1_315' title='bbox 1756 3625 1816 3683; x_wconf 84' lang='lat' dir='ltr'>qun·</span> 
     </span>
     <span class='ocr_line' id='line_1_33' title="bbox 471 3691 1817 3770; baseline -0.001 -19"><span class='ocrx_word' id='word_1_316' title='bbox 471 3694 530 3752; x_wconf 90' lang='lat' dir='ltr'>dris</span> <span class='ocrx_word' id='word_1_317' title='bbox 555 3703 584 3751; x_wconf 90' lang='lat' dir='ltr'>ct</span> <span class='ocrx_word' id='word_1_318' title='bbox 606 3696 649 3751; x_wconf 92' lang='lat' dir='ltr'>sie</span> <span class='ocrx_word' id='word_1_319' title='bbox 672 3692 740 3751; x_wconf 88' lang='lat' dir='ltr'>nodi</span> <span class='ocrx_word' id='word_1_320' title='bbox 765 3695 793 3750; x_wconf 92' lang='lat' dir='ltr'>in</span> <span class='ocrx_word' id='word_1_321' title='bbox 818 3693 930 3768; x_wconf 88' lang='lat' dir='ltr'>copulis</span> <span class='ocrx_word' id='word_1_322' title='bbox 953 3694 1068 3766; x_wconf 87' lang='lat' dir='ltr'>inerint,</span> <span class='ocrx_word' id='word_1_323' title='bbox 1093 3693 1188 3751; x_wconf 91' lang='lat' dir='ltr'>orbita</span> <span class='ocrx_word' id='word_1_324' title='bbox 1211 3692 1312 3751; x_wconf 86' lang='lat' dir='ltr'>Lunae</span> <span class='ocrx_word' id='word_1_325' title='bbox 1335 3709 1447 3750; x_wconf 89' lang='lat' dir='ltr'>rursum</span> <span class='ocrx_word' id='word_1_326' title='bbox 1471 3695 1601 3769; x_wconf 85' lang='lat' dir='ltr'>proxime</span> <span class='ocrx_word' id='word_1_327' title='bbox 1627 3694 1754 3770; x_wconf 83' lang='lat' dir='ltr'>qtrrrdrat</span> <span class='ocrx_word' id='word_1_328' title='bbox 1775 3691 1817 3750; x_wconf 80' lang='lat' dir='ltr'>sub</span> 
     </span>
     <span class='ocr_line' id='line_1_34' title="bbox 471 3779 1817 3858; baseline -0.003 -16"><span class='ocrx_word' id='word_1_329' title='bbox 471 3781 609 3842; x_wconf 83' lang='lat' dir='ltr'>circulum</span> <span class='ocrx_word' id='word_1_330' title='bbox 635 3784 811 3858; x_wconf 79' lang='lat' dir='ltr'>maximum,</span> <span class='ocrx_word' id='word_1_331' title='bbox 842 3779 893 3839; x_wconf 91' lang='lat' dir='ltr'>sed</span> <span class='ocrx_word' id='word_1_332' title='bbox 917 3780 1139 3840; x_wconf 89' lang='lat' dir='ltr'>inclinatiorem.</span> <span class='ocrx_word' id='word_1_333' title='bbox 1184 3780 1231 3838; x_wconf 91' lang='lat' dir='ltr'>Ita</span> <span class='ocrx_word' id='word_1_334' title='bbox 1253 3779 1369 3838; x_wconf 89' lang='lat' dir='ltr'>libratio</span> <span class='ocrx_word' id='word_1_335' title='bbox 1394 3780 1466 3838; x_wconf 88' lang='lat' dir='ltr'>hacc</span> <span class='ocrx_word' id='word_1_336' title='bbox 1489 3780 1572 3838; x_wconf 82' lang='lat' dir='ltr'>tarda</span> <span class='ocrx_word' id='word_1_337' title='bbox 1596 3789 1626 3839; x_wconf 88' lang='lat' dir='ltr'>et</span> <span class='ocrx_word' id='word_1_338' title='bbox 1650 3779 1817 3840; x_wconf 77' lang='lat' dir='ltr'>sernestralir</span> 
     </span>
     <span class='ocr_line' id='line_1_35' title="bbox 471 3867 1817 3947; baseline -0.004 -19"><span class='ocrx_word' id='word_1_339' title='bbox 471 3869 608 3942; x_wconf 83' lang='lat' dir='ltr'>eflicitur,</span> <span class='ocrx_word' id='word_1_340' title='bbox 641 3867 677 3927; x_wconf 92' lang='lat' dir='ltr'>de</span> <span class='ocrx_word' id='word_1_341' title='bbox 711 3885 770 3944; x_wconf 88' lang='lat' dir='ltr'>qua</span> <span class='ocrx_word' id='word_1_342' title='bbox 804 3868 892 3942; x_wconf 86' lang='lat' dir='ltr'>inira;</span> <span class='ocrx_word' id='word_1_343' title='bbox 927 3871 956 3925; x_wconf 92' lang='lat' dir='ltr'>in</span> <span class='ocrx_word' id='word_1_344' title='bbox 987 3886 1044 3928; x_wconf 90' lang='lat' dir='ltr'>uno</span> <span class='ocrx_word' id='word_1_345' title='bbox 1079 3885 1148 3927; x_wconf 84' lang='lat' dir='ltr'>vero</span> <span class='ocrx_word' id='word_1_346' title='bbox 1180 3874 1327 3926; x_wconf 89' lang='lat' dir='ltr'>menstruo</span> <span class='ocrx_word' id='word_1_347' title='bbox 1359 3869 1480 3926; x_wconf 91' lang='lat' dir='ltr'>circuitu</span> <span class='ocrx_word' id='word_1_348' title='bbox 1514 3867 1615 3928; x_wconf 84' lang='lat' dir='ltr'>Lunae</span> <span class='ocrx_word' id='word_1_349' title='bbox 1647 3887 1742 3947; x_wconf 88' lang='lat' dir='ltr'>prope</span> <span class='ocrx_word' id='word_1_350' title='bbox 1770 3883 1817 3924; x_wconf 90' lang='lat' dir='ltr'>non</span> 
     </span>
     <span class='ocr_line' id='line_1_36' title="bbox 472 3958 604 4015; baseline -0.015 0"><span class='ocrx_word' id='word_1_351' title='bbox 472 3958 604 4015; x_wconf 89' lang='lat' dir='ltr'>sentitur.</span> 
     </span>
    </p>

    <p class='ocr_par' dir='ltr' id='par_1_6' title="bbox 471 4040 1818 4891">
     <span class='ocr_line' id='line_1_37' title="bbox 562 4040 1817 4120; baseline -0.004 -19"><span class='ocrx_word' id='word_1_352' title='bbox 562 4042 719 4120; x_wconf 82' lang='lat' dir='ltr'>Quomodo</span> <span class='ocrx_word' id='word_1_353' title='bbox 739 4043 936 4118; x_wconf 85' lang='lat' dir='ltr'>peculiariter</span> <span class='ocrx_word' id='word_1_354' title='bbox 958 4042 1157 4116; x_wconf 86' lang='lat' dir='ltr'>appellantur</span> <span class='ocrx_word' id='word_1_355' title='bbox 1180 4040 1290 4099; x_wconf 86' lang='lat' dir='ltr'>Lunae</span> <span class='ocrx_word' id='word_1_356' title='bbox 1312 4041 1385 4100; x_wconf 86' lang='lat' dir='ltr'>nodi</span> <span class='ocrx_word' id='word_1_357' title='bbox 1415 4041 1606 4117; x_wconf 82' lang='lat' dir='ltr'>limitesque?</span> <span class='ocrx_word' id='word_1_358' title='bbox 1637 4041 1764 4102; x_wconf 80' lang='lat' dir='ltr'>Nomina</span> <span class='ocrx_word' id='word_1_359' title='bbox 1790 4043 1817 4099; x_wconf 86' lang='lat' dir='ltr'>iis</span> 
     </span>
     <span class='ocr_line' id='line_1_38' title="bbox 471 4127 1818 4206; baseline -0.001 -16"><span class='ocrx_word' id='word_1_360' title='bbox 471 4129 660 4190; x_wconf 85' lang='lat' dir='ltr'>Ptolomaeus</span> <span class='ocrx_word' id='word_1_361' title='bbox 683 4128 786 4189; x_wconf 85' lang='lat' dir='ltr'>eadem</span> <span class='ocrx_word' id='word_1_362' title='bbox 809 4130 878 4188; x_wconf 86' lang='lat' dir='ltr'>iecit</span> <span class='ocrx_word' id='word_1_363' title='bbox 901 4130 928 4186; x_wconf 92' lang='lat' dir='ltr'>in</span> <span class='ocrx_word' id='word_1_364' title='bbox 953 4129 1053 4200; x_wconf 81' lang='lat' dir='ltr'>Luna,</span> <span class='ocrx_word' id='word_1_365' title='bbox 1088 4146 1164 4204; x_wconf 86' lang='lat' dir='ltr'>quac</span> <span class='ocrx_word' id='word_1_366' title='bbox 1189 4130 1215 4185; x_wconf 94' lang='lat' dir='ltr'>in</span> <span class='ocrx_word' id='word_1_367' title='bbox 1240 4127 1365 4206; x_wconf 88' lang='lat' dir='ltr'>planetis</span> <span class='ocrx_word' id='word_1_368' title='bbox 1389 4131 1492 4188; x_wconf 87' lang='lat' dir='ltr'>ceteris</span> <span class='ocrx_word' id='word_1_369' title='bbox 1513 4131 1670 4203; x_wconf 85' lang='lat' dir='ltr'>primariis.</span> <span class='ocrx_word' id='word_1_370' title='bbox 1721 4131 1818 4189; x_wconf 75' lang='lat' dir='ltr'>Arabes</span> 
     </span>
     <span class='ocr_line' id='line_1_39' title="bbox 473 4211 1818 4293; baseline -0.005 -17"><span class='ocrx_word' id='word_1_371' title='bbox 473 4236 541 4277; x_wconf 88' lang='lat' dir='ltr'>vero</span> <span class='ocrx_word' id='word_1_372' title='bbox 565 4224 738 4289; x_wconf 73' lang='lat' dir='ltr'>‹rororopnoe</span> <span class='ocrx_word' id='word_1_373' title='bbox 759 4217 871 4288; x_wconf 74' lang='lat' dir='ltr'>Lunae,</span> <span class='ocrx_word' id='word_1_374' title='bbox 895 4216 1099 4275; x_wconf 89' lang='lat' dir='ltr'>ascendentem</span> <span class='ocrx_word' id='word_1_375' title='bbox 1123 4215 1240 4291; x_wconf 85' lang='lat' dir='ltr'>quidem</span> <span class='ocrx_word' id='word_1_376' title='bbox 1263 4234 1314 4275; x_wconf 88' lang='lat' dir='ltr'>scu</span> <span class='ocrx_word' id='word_1_377' title='bbox 1338 4211 1550 4291; x_wconf 63' lang='grc' dir='ltr'>ιἰτιιβιβαζπτα</span> <span class='ocrx_word' id='word_1_378' title='bbox 1584 4225 1675 4293; x_wconf 85' lang='lat' dir='ltr'>caput</span> <span class='ocrx_word' id='word_1_379' title='bbox 1699 4218 1818 4279; x_wconf 81' lang='lat' dir='ltr'>draconis</span> 
     </span>
     <span class='ocr_line' id='line_1_40' title="bbox 472 4300 1817 4382; baseline -0.005 -17"><span class='ocrx_word' id='word_1_380' title='bbox 472 4306 638 4382; x_wconf 87' lang='lat' dir='ltr'>appellant,</span> <span class='ocrx_word' id='word_1_381' title='bbox 672 4304 896 4363; x_wconf 81' lang='lat' dir='ltr'>descendentem</span> <span class='ocrx_word' id='word_1_382' title='bbox 927 4321 979 4362; x_wconf 91' lang='lat' dir='ltr'>seu</span> <span class='ocrx_word' id='word_1_383' title='bbox 1008 4300 1240 4377; x_wconf 61' lang='grc' dir='ltr'><strong><em>καταβιβυζοττα</em></strong></span> <span class='ocrx_word' id='word_1_384' title='bbox 1276 4301 1414 4376; x_wconf 87' lang='lat' dir='ltr'>caudam,</span> <span class='ocrx_word' id='word_1_385' title='bbox 1447 4302 1568 4361; x_wconf 88' lang='lat' dir='ltr'>limitem</span> <span class='ocrx_word' id='word_1_386' title='bbox 1605 4321 1676 4362; x_wconf 79' lang='lat' dir='ltr'>vero</span> <span class='ocrx_word' id='word_1_387' title='bbox 1701 4317 1817 4365; x_wconf 75' lang='lat' dir='ltr'>ventrem</span> 
     </span>
     <span class='ocr_line' id='line_1_41' title="bbox 473 4390 1817 4469; baseline -0.004 -19"><span class='ocrx_word' id='word_1_388' title='bbox 473 4393 625 4466; x_wconf 81' lang='lat' dir='ltr'>draconis3</span> <span class='ocrx_word' id='word_1_389' title='bbox 649 4392 784 4450; x_wconf 86' lang='lat' dir='ltr'>ridentur</span> <span class='ocrx_word' id='word_1_390' title='bbox 808 4390 903 4449; x_wconf 89' lang='lat' dir='ltr'>dicere</span> <span class='ocrx_word' id='word_1_391' title='bbox 927 4390 1055 4449; x_wconf 88' lang='lat' dir='ltr'>voluisse</span> <span class='ocrx_word' id='word_1_392' title='bbox 1079 4394 1231 4466; x_wconf 87' lang='lat' dir='ltr'>serpentis,</span> <span class='ocrx_word' id='word_1_393' title='bbox 1255 4392 1510 4467; x_wconf 86' lang='lat' dir='ltr'>propterspccicnr</span> <span class='ocrx_word' id='word_1_394' title='bbox 1534 4409 1585 4450; x_wconf 92' lang='lat' dir='ltr'>seu</span> <span class='ocrx_word' id='word_1_395' title='bbox 1603 4390 1729 4466; x_wconf 78' lang='lat' dir='ltr'>liguram</span> <span class='ocrx_word' id='word_1_396' title='bbox 1743 4390 1817 4469; x_wconf 75' lang='lat' dir='ltr'>spatii</span> 
     </span>
     <span class='ocr_line' id='line_1_42' title="bbox 474 4477 1818 4555; baseline 0.001 -20"><span class='ocrx_word' id='word_1_397' title='bbox 474 4483 501 4537; x_wconf 87' lang='lat' dir='ltr'>in</span> <span class='ocrx_word' id='word_1_398' title='bbox 525 4479 677 4555; x_wconf 83' lang='lat' dir='ltr'>superficie</span> <span class='ocrx_word' id='word_1_399' title='bbox 700 4479 842 4555; x_wconf 87' lang='lat' dir='ltr'>sphaerae</span> <span class='ocrx_word' id='word_1_400' title='bbox 866 4478 1002 4550; x_wconf 83' lang='lat' dir='ltr'>lixarum,</span> <span class='ocrx_word' id='word_1_401' title='bbox 1036 4479 1188 4554; x_wconf 86' lang='lat' dir='ltr'>intercepti</span> <span class='ocrx_word' id='word_1_402' title='bbox 1218 4480 1292 4537; x_wconf 87' lang='lat' dir='ltr'>inter</span> <span class='ocrx_word' id='word_1_403' title='bbox 1314 4479 1477 4554; x_wconf 88' lang='lat' dir='ltr'>eclipticam</span> <span class='ocrx_word' id='word_1_404' title='bbox 1501 4485 1531 4536; x_wconf 90' lang='lat' dir='ltr'>et</span> <span class='ocrx_word' id='word_1_405' title='bbox 1554 4477 1696 4537; x_wconf 89' lang='lat' dir='ltr'>circulum</span> <span class='ocrx_word' id='word_1_406' title='bbox 1721 4479 1818 4539; x_wconf 78' lang='lat' dir='ltr'>arbitrr</span> 
     </span>
     <span class='ocr_line' id='line_1_43' title="bbox 475 4565 1816 4643; baseline -0.002 -20"><span class='ocrx_word' id='word_1_407' title='bbox 475 4566 581 4625; x_wconf 59' lang='lat' dir='ltr'>leonori</span> <span class='ocrx_word' id='word_1_408' title='bbox 613 4574 844 4642; x_wconf 66' lang='lat' dir='ltr'>superstantem</span> <span class='ocrx_word' id='word_1_409' title='bbox 875 4565 931 4624; x_wconf 87' lang='lat' dir='ltr'>hoe</span> <span class='ocrx_word' id='word_1_410' title='bbox 961 4566 1037 4623; x_wconf 92' lang='lat' dir='ltr'>enim</span> <span class='ocrx_word' id='word_1_411' title='bbox 1069 4568 1196 4641; x_wconf 89' lang='lat' dir='ltr'>spatium</span> <span class='ocrx_word' id='word_1_412' title='bbox 1221 4567 1321 4643; x_wconf 90' lang='lat' dir='ltr'>incipit</span> <span class='ocrx_word' id='word_1_413' title='bbox 1344 4567 1381 4624; x_wconf 90' lang='lat' dir='ltr'>ab</span> <span class='ocrx_word' id='word_1_414' title='bbox 1405 4566 1555 4636; x_wconf 85' lang='lat' dir='ltr'>acumine,</span> <span class='ocrx_word' id='word_1_415' title='bbox 1589 4565 1671 4624; x_wconf 85' lang='lat' dir='ltr'>reiut</span> <span class='ocrx_word' id='word_1_416' title='bbox 1696 4585 1716 4626; x_wconf 86' lang='lat' dir='ltr'>a</span> <span class='ocrx_word' id='word_1_417' title='bbox 1738 4579 1816 4625; x_wconf 78' lang='lat' dir='ltr'>rostro</span> 
     </span>
     <span class='ocr_line' id='line_1_44' title="bbox 474 4649 1817 4730; baseline -0.004 -18"><span class='ocrx_word' id='word_1_418' title='bbox 474 4656 616 4730; x_wconf 85' lang='lat' dir='ltr'>serpentis</span> <span class='ocrx_word' id='word_1_419' title='bbox 639 4672 692 4712; x_wconf 89' lang='lat' dir='ltr'>rrec</span> <span class='ocrx_word' id='word_1_420' title='bbox 722 4654 809 4712; x_wconf 88' lang='lat' dir='ltr'>latins</span> <span class='ocrx_word' id='word_1_421' title='bbox 831 4653 863 4711; x_wconf 81' lang='lat' dir='ltr'>tir</span> <span class='ocrx_word' id='word_1_422' title='bbox 885 4655 913 4710; x_wconf 89' lang='lat' dir='ltr'>in</span> <span class='ocrx_word' id='word_1_423' title='bbox 937 4652 1033 4712; x_wconf 89' lang='lat' dir='ltr'>medio</span> <span class='ocrx_word' id='word_1_424' title='bbox 1057 4671 1144 4728; x_wconf 85' lang='lat' dir='ltr'>quum</span> <span class='ocrx_word' id='word_1_425' title='bbox 1171 4649 1213 4726; x_wconf 82' lang='lat'>5⁰,</span> <span class='ocrx_word' id='word_1_426' title='bbox 1248 4670 1312 4712; x_wconf 89' lang='lat' dir='ltr'>cunr</span> <span class='ocrx_word' id='word_1_427' title='bbox 1337 4656 1374 4712; x_wconf 91' lang='lat' dir='ltr'>sit</span> <span class='ocrx_word' id='word_1_428' title='bbox 1397 4652 1515 4728; x_wconf 82' lang='lat' dir='ltr'>longum</span> <span class='ocrx_word' id='word_1_429' title='bbox 1541 4651 1631 4725; x_wconf 73' lang='lat'>180⁰,</span> <span class='ocrx_word' id='word_1_430' title='bbox 1666 4653 1817 4728; x_wconf 60' lang='lat' dir='ltr'>desinitque·</span> 
     </span>
     <span class='ocr_line' id='line_1_45' title="bbox 475 4738 1818 4817; baseline -0.004 -19"><span class='ocrx_word' id='word_1_431' title='bbox 475 4742 503 4798; x_wconf 89' lang='lat' dir='ltr'>in</span> <span class='ocrx_word' id='word_1_432' title='bbox 527 4739 606 4799; x_wconf 88' lang='lat' dir='ltr'>aliud</span> <span class='ocrx_word' id='word_1_433' title='bbox 630 4758 769 4812; x_wconf 79' lang='lat' dir='ltr'>acumen,</span> <span class='ocrx_word' id='word_1_434' title='bbox 793 4741 885 4799; x_wconf 89' lang='lat' dir='ltr'>veluti</span> <span class='ocrx_word' id='word_1_435' title='bbox 909 4741 937 4796; x_wconf 90' lang='lat' dir='ltr'>in</span> <span class='ocrx_word' id='word_1_436' title='bbox 962 4738 1084 4798; x_wconf 88' lang='lat' dir='ltr'>caudam</span> <span class='ocrx_word' id='word_1_437' title='bbox 1107 4743 1259 4817; x_wconf 86' lang='lat' dir='ltr'>serpentis.</span> <span class='ocrx_word' id='word_1_438' title='bbox 1306 4744 1413 4814; x_wconf 88' lang='lat' dir='ltr'>Inspice</span> <span class='ocrx_word' id='word_1_439' title='bbox 1437 4744 1547 4799; x_wconf 85' lang='lat' dir='ltr'>schema</span> <span class='ocrx_word' id='word_1_440' title='bbox 1571 4743 1642 4798; x_wconf 84' lang='lat' dir='ltr'>libro</span> <span class='ocrx_word' id='word_1_441' title='bbox 1665 4745 1714 4799; x_wconf 79' lang='lat' dir='ltr'>li&#39;.</span> <span class='ocrx_word' id='word_1_442' title='bbox 1733 4746 1764 4800; x_wconf 76' lang='lat' dir='ltr'>N.</span> <span class='ocrx_word' id='word_1_443' title='bbox 1784 4746 1818 4797; x_wconf 73' lang='lat' dir='ltr'>it.</span> 
     </span>
     <span class='ocr_line' id='line_1_46' title="bbox 473 4822 1113 4891; baseline -0.002 -13"><span class='ocrx_word' id='word_1_444' title='bbox 473 4822 522 4878; x_wconf 89' lang='lat' dir='ltr'>sed</span> <span class='ocrx_word' id='word_1_445' title='bbox 540 4823 613 4891; x_wconf 80' lang='lat' dir='ltr'>finge</span> <span class='ocrx_word' id='word_1_446' title='bbox 631 4823 658 4875; x_wconf 91' lang='lat' dir='ltr'>id</span> <span class='ocrx_word' id='word_1_447' title='bbox 677 4840 737 4878; x_wconf 86' lang='lat' dir='ltr'>csse</span> <span class='ocrx_word' id='word_1_448' title='bbox 756 4824 781 4876; x_wconf 89' lang='lat' dir='ltr'>in</span> <span class='ocrx_word' id='word_1_449' title='bbox 801 4822 944 4891; x_wconf 84' lang='lat' dir='ltr'>superficie</span> <span class='ocrx_word' id='word_1_450' title='bbox 963 4822 1113 4891; x_wconf 85' lang='lat' dir='ltr'>sphaerica.</span> 
     </span>
    </p>

    <p class='ocr_par' dir='ltr' id='par_1_7' title="bbox 473 4909 1817 5164">
     <span class='ocr_line' id='line_1_47' title="bbox 564 4909 1817 4991; baseline -0.006 -19"><span class='ocrx_word' id='word_1_451' title='bbox 564 4914 720 4991; x_wconf 80' lang='lat' dir='ltr'>Quomodo</span> <span class='ocrx_word' id='word_1_452' title='bbox 741 4918 791 4973; x_wconf 84' lang='lat' dir='ltr'>siti</span> <span class='ocrx_word' id='word_1_453' title='bbox 812 4921 884 4973; x_wconf 85' lang='lat' dir='ltr'>nrnt</span> <span class='ocrx_word' id='word_1_454' title='bbox 904 4913 979 4974; x_wconf 88' lang='lat' dir='ltr'>nodi</span> <span class='ocrx_word' id='word_1_455' title='bbox 1000 4918 1034 4972; x_wconf 88' lang='lat' dir='ltr'>in</span> <span class='ocrx_word' id='word_1_456' title='bbox 1057 4914 1173 4973; x_wconf 80' lang='lat' dir='ltr'>Luna?</span> <span class='ocrx_word' id='word_1_457' title='bbox 1194 4913 1277 4974; x_wconf 88' lang='lat' dir='ltr'>Sicut</span> <span class='ocrx_word' id='word_1_458' title='bbox 1293 4916 1320 4971; x_wconf 90' lang='lat' dir='ltr'>in</span> <span class='ocrx_word' id='word_1_459' title='bbox 1345 4914 1471 4991; x_wconf 88' lang='lat' dir='ltr'>planetis</span> <span class='ocrx_word' id='word_1_460' title='bbox 1495 4915 1598 4972; x_wconf 84' lang='lat' dir='ltr'>ceteris</span> <span class='ocrx_word' id='word_1_461' title='bbox 1622 4916 1766 4989; x_wconf 82' lang='lat' dir='ltr'>primariis</span> <span class='ocrx_word' id='word_1_462' title='bbox 1779 4909 1817 4967; x_wconf 80' lang='lat' dir='ltr'>riti</span> 
     </span>
     <span class='ocr_line' id='line_1_48' title="bbox 473 5000 1816 5074; baseline -0.007 -12"><span class='ocrx_word' id='word_1_463' title='bbox 473 5010 539 5062; x_wconf 87' lang='lat' dir='ltr'>sunt</span> <span class='ocrx_word' id='word_1_464' title='bbox 563 5001 632 5060; x_wconf 90' lang='lat' dir='ltr'>nodi</span> <span class='ocrx_word' id='word_1_465' title='bbox 656 5002 743 5060; x_wconf 85' lang='lat' dir='ltr'>ambo</span> <span class='ocrx_word' id='word_1_466' title='bbox 767 5020 832 5060; x_wconf 90' lang='lat' dir='ltr'>curn</span> <span class='ocrx_word' id='word_1_467' title='bbox 864 5010 961 5061; x_wconf 88' lang='lat' dir='ltr'>centro</span> <span class='ocrx_word' id='word_1_468' title='bbox 985 5001 1062 5060; x_wconf 87' lang='lat' dir='ltr'>Solis</span> <span class='ocrx_word' id='word_1_469' title='bbox 1093 5005 1121 5059; x_wconf 92' lang='lat' dir='ltr'>in</span> <span class='ocrx_word' id='word_1_470' title='bbox 1146 5001 1248 5061; x_wconf 88' lang='lat' dir='ltr'>eadcrn</span> <span class='ocrx_word' id='word_1_471' title='bbox 1272 5002 1350 5061; x_wconf 89' lang='lat' dir='ltr'>linea</span> <span class='ocrx_word' id='word_1_472' title='bbox 1373 5012 1466 5074; x_wconf 87' lang='lat' dir='ltr'>rocta,</span> <span class='ocrx_word' id='word_1_473' title='bbox 1498 5004 1540 5060; x_wconf 89' lang='lat' dir='ltr'>sic</span> <span class='ocrx_word' id='word_1_474' title='bbox 1563 5000 1652 5059; x_wconf 88' lang='lat' dir='ltr'>iidem</span> <span class='ocrx_word' id='word_1_475' title='bbox 1676 5005 1705 5058; x_wconf 90' lang='lat' dir='ltr'>in</span> <span class='ocrx_word' id='word_1_476' title='bbox 1730 5000 1816 5059; x_wconf 81' lang='lat' dir='ltr'>Leone</span> 
     </span>
     <span class='ocr_line' id='line_1_49' title="bbox 475 5088 1460 5164; baseline -0.002 -17"><span class='ocrx_word' id='word_1_477' title='bbox 475 5090 587 5150; x_wconf 86' lang='lat' dir='ltr'>theoria</span> <span class='ocrx_word' id='word_1_478' title='bbox 612 5105 676 5148; x_wconf 87' lang='lat' dir='ltr'>cunr</span> <span class='ocrx_word' id='word_1_479' title='bbox 700 5098 797 5147; x_wconf 89' lang='lat' dir='ltr'>centro</span> <span class='ocrx_word' id='word_1_480' title='bbox 821 5089 928 5148; x_wconf 85' lang='lat' dir='ltr'>Terrae</span> <span class='ocrx_word' id='word_1_481' title='bbox 952 5092 980 5147; x_wconf 90' lang='lat' dir='ltr'>in</span> <span class='ocrx_word' id='word_1_482' title='bbox 1004 5088 1125 5148; x_wconf 84' lang='lat' dir='ltr'>eandem</span> <span class='ocrx_word' id='word_1_483' title='bbox 1149 5098 1257 5149; x_wconf 85' lang='lat' dir='ltr'>rectam</span> <span class='ocrx_word' id='word_1_484' title='bbox 1283 5099 1460 5164; x_wconf 87' lang='lat' dir='ltr'>competunt.</span> 
     </span>
    </p>

    <p class='ocr_par' dir='ltr' id='par_1_8' title="bbox 474 5173 1817 5342">
     <span class='ocr_line' id='line_1_50' title="bbox 561 5173 1817 5252; baseline -0.006 -17"><span class='ocrx_word' id='word_1_485' title='bbox 561 5176 670 5252; x_wconf 85' lang='lat' dir='ltr'>Qualis</span> <span class='ocrx_word' id='word_1_486' title='bbox 701 5183 729 5233; x_wconf 88' lang='lat' dir='ltr'>et</span> <span class='ocrx_word' id='word_1_487' title='bbox 760 5185 895 5251; x_wconf 81' lang='lat' dir='ltr'>quantur</span> <span class='ocrx_word' id='word_1_488' title='bbox 923 5185 964 5235; x_wconf 82' lang='lat' dir='ltr'>est</span> <span class='ocrx_word' id='word_1_489' title='bbox 992 5186 1090 5235; x_wconf 76' lang='lat' dir='ltr'>motus</span> <span class='ocrx_word' id='word_1_490' title='bbox 1119 5178 1272 5236; x_wconf 86' lang='lat' dir='ltr'>nodorum</span> <span class='ocrx_word' id='word_1_491' title='bbox 1297 5178 1341 5235; x_wconf 81' lang='lat' dir='ltr'>cel</span> <span class='ocrx_word' id='word_1_492' title='bbox 1364 5175 1520 5235; x_wconf 79' lang='lat' dir='ltr'>limitum?</span> <span class='ocrx_word' id='word_1_493' title='bbox 1553 5173 1715 5232; x_wconf 75' lang='lat' dir='ltr'>Moventur</span> <span class='ocrx_word' id='word_1_494' title='bbox 1736 5175 1817 5233; x_wconf 78' lang='lat' dir='ltr'>lineae</span> 
     </span>
     <span class='ocr_line' id='line_1_51' title="bbox 474 5255 1817 5342; baseline 0.001 -22"><span class='ocrx_word' id='word_1_495' title='bbox 474 5262 617 5324; x_wconf 85' lang='lat' dir='ltr'>nodorum</span> <span class='ocrx_word' id='word_1_496' title='bbox 631 5264 688 5326; x_wconf 88' lang='lat' dir='ltr'>rob</span> <span class='ocrx_word' id='word_1_497' title='bbox 708 5261 853 5342; x_wconf 68' lang='lat' dir='ltr'>ecliptica,</span> <span class='ocrx_word' id='word_1_498' title='bbox 877 5263 924 5325; x_wconf 90' lang='lat' dir='ltr'>rel</span> <span class='ocrx_word' id='word_1_499' title='bbox 947 5265 1070 5324; x_wconf 89' lang='lat' dir='ltr'>limitum</span> <span class='ocrx_word' id='word_1_500' title='bbox 1093 5266 1149 5325; x_wconf 92' lang='lat' dir='ltr'>sub</span> <span class='ocrx_word' id='word_1_501' title='bbox 1173 5255 1326 5342; x_wconf 83' lang='lat' dir='ltr'>eclipticae</span> <span class='ocrx_word' id='word_1_502' title='bbox 1348 5262 1497 5342; x_wconf 86' lang='lat' dir='ltr'>parallelis</span> <span class='ocrx_word' id='word_1_503' title='bbox 1521 5264 1550 5319; x_wconf 90' lang='lat' dir='ltr'>in</span> <span class='ocrx_word' id='word_1_504' title='bbox 1573 5264 1725 5338; x_wconf 80' lang='lat' dir='ltr'>signorum</span> <span class='ocrx_word' id='word_1_505' title='bbox 1747 5271 1817 5322; x_wconf 77' lang='lat' dir='ltr'>urte-</span> 
     </span>
    </p>
   </div>
   <div class='ocr_carea' id='block_1_3' title="bbox 0 0 2246 6275">
    <p class='ocr_par' dir='ltr' id='par_1_9' title="bbox 0 0 2246 6275">
     <span class='ocr_line' id='line_1_52' title="bbox 0 0 2246 6275; baseline 0 0"><span class='ocrx_word' id='word_1_506' title='bbox 0 0 2246 6275; x_wconf 95' lang='lat' dir='ltr'> </span> 
     </span>
    </p>
   </div>
  </div>
 </body>
</html>
