4459 6275
445 765 509 826 370
551 737 556 745 ι
676 824 678 831 ,
943 755 1085 827 Epitomes
1103 754 1294 812 Muonomhe

436 920 564 1010 ¹allerat,
595 951 673 1012 quae
695 932 731 995 de
753 936 818 1011 ipso
840 951 912 994 vero
934 933 1071 1012 planetae
1095 933 1142 994 rel
1166 935 1278 994 orbium
1305 941 1388 994 motu
1410 936 1610 996 testimouium
1632 934 1799 1014 praebeant,

445 1025 524 1104 quod
545 1026 570 1082 is
592 1026 630 1082 sit
644 1021 888 1099 regularissimus,
912 1019 1137 1098 aequalissimus
1159 1030 1190 1082 et
1204 1024 1467 1096 constantissimus,
1489 1022 1601 1100 figurae
1617 1024 1709 1085 etlam
1730 1025 1800 1083 slm-

443 1113 635 1191 plioissiurao,
667 1110 779 1169 scilicet
801 1109 951 1169 circularis
973 1109 1176 1184 exactissime,
1205 1126 1301 1186 neque
1330 1109 1509 1172 audiendum
1536 1127 1602 1172 esse
1625 1120 1799 1171 censuerunt

444 1201 537 1274 illurn,
561 1199 611 1274 qui
634 1196 745 1273 aliquid
763 1195 983 1272 inaequalitatis
1006 1214 1036 1257 re
1059 1213 1131 1257 vera
1151 1203 1274 1273 poneret
1296 1199 1325 1257 iu
1349 1199 1421 1274 ipsis
1445 1215 1598 1276 oorpomm
1620 1197 1728 1258 lromm
1737 1214 1801 1259 rea·

443 1288 522 1348 libus
544 1286 682 1344 motibus.

532 1367 651 1435 Censen'
677 1380 710 1431 tu
726 1370 919 1431 retinendum
935 1388 995 1430 esse
1016 1370 1072 1429 lice
1086 1370 1235 1431 amomo?
1257 1369 1412 1431 Trileriam
1427 1371 1601 1451 respondeo.
1649 1368 1680 1453 1)
1701 1369 1800 1451 Regu·

443 1463 519 1523 lares
548 1478 612 1521 esse
635 1467 732 1519 motus
753 1451 953 1536 planetarum,
986 1457 1014 1516 id
1038 1466 1083 1517 ost
1105 1456 1256 1518 ordinatos
1286 1458 1383 1536 adque
1406 1470 1515 1521 certam
1538 1467 1568 1521 et
1590 1458 1801 1520 immutabilem

442 1549 538 1628 legem
561 1547 731 1622 descriptos,
756 1547 786 1604 id
801 1555 845 1607 est
865 1553 948 1607 extra
963 1546 1202 1605 controuersiam.
1246 1544 1313 1606 Hoc
1328 1550 1404 1606 euim
1427 1549 1484 1607 nisi
1498 1558 1585 1622 esset,
1608 1544 1693 1608 nulla
1707 1556 1801 1607 uuo-

443 1638 542 1697 nomie
564 1642 649 1707 esset,
674 1650 728 1693 nec
750 1631 879 1711 praedici
904 1642 1025 1710 possent
1046 1642 1144 1692 motus
1168 1633 1320 1694 coelestes.
1366 1633 1398 1714 ἢ)
1421 1634 1560 1712 Sequitur
1573 1636 1676 1713 igitur,
1697 1633 1801 1695 utsii·

445 1725 564 1801 quasit
587 1725 660 1781 inter
682 1721 820 1799 periodos
844 1724 972 1798 integras
996 1719 1194 1781 conformitas.
1239 1721 1315 1782 Nam
1337 1720 1385 1781 lex
1409 1722 1471 1794 ille,
1494 1722 1530 1783 de
1553 1741 1615 1800 que
1636 1722 1715 1796 dixi,
1744 1739 1801 1783 uua

446 1820 536 1888 atque
564 1818 707 1889 perpetua
735 1818 794 1881 est,
827 1811 907 1870 vices
938 1826 991 1869 seu
1019 1811 1203 1869 emensiones
1234 1808 1369 1869 curriculi
1397 1809 1532 1871 coelestis
1562 1809 1799 1870 innumerabilem

443 1898 557 1975 Quodsi
580 1898 716 1957 omnibus
739 1894 843 1956 eadem
865 1896 912 1956 lex
936 1895 1048 1971 regula,
1072 1903 1141 1955 suut
1162 1895 1251 1972 igitur
1274 1912 1376 1957 omnes
1399 1899 1478 1958 sices
1502 1901 1623 1959 interae
1645 1896 1801 1958 simlieset

442 1987 567 2048 decursu
597 1986 736 2061 temporis
765 1982 915 2059 aequales.
963 1980 993 2061 3)
1021 1983 1061 2041 At
1082 1981 1211 2042 nondum
1240 2000 1412 2044 concessum
1434 1994 1493 2060 est,
1525 1987 1615 2046 etiam
1643 1984 1675 2043 in
1697 1985 1799 2045 uolua

442 2075 585 2151 cujusque
609 2073 746 2132 circuitus
777 2071 910 2148 partibus
933 2069 1056 2129 diversis
1086 2078 1198 2129 motum
1221 2089 1251 2130 re
1275 2089 1345 2131 vera
1369 2089 1434 2133 esse
1456 2071 1621 2149 aequalem.
1666 2071 1802 2133 Testatur

441 2165 518 2222 enim
541 2160 729 2233 astronomia,
752 2161 777 2217 ei
801 2158 839 2217 ab
863 2157 915 2215 illa
937 2154 1107 2217 confusione
1131 2158 1287 2233 planetarii
1311 2168 1408 2218 motus
1430 2162 1584 2237 apparenti
1599 2176 1801 2222 removeamus

437 2258 535 2310 mente
558 2263 660 2307 omues
683 2250 763 2305 risus
785 2244 935 2318 iallacias,
967 2245 1094 2322 relinqui
1117 2244 1255 2324 planetae
1278 2248 1430 2306 circuitum
1453 2247 1556 2321 talem,
1587 2249 1617 2306 ln
1647 2248 1735 2324 eujus
1756 2246 1800 2306 di·

438 2338 531 2399 rerals
553 2334 697 2413 partibus,
720 2351 751 2393 re
775 2349 846 2393 uera
860 2332 1045 2410 aequalibus,
1068 2332 1235 2408 inaequalis
1249 2335 1290 2393 sit
1311 2333 1451 2410 planetae
1466 2334 1610 2409 celeritas,
1633 2350 1696 2396 uon
1709 2335 1799 2395 miuus

318 2446 325 2467 =
438 2442 526 2501 quam
549 2425 580 2482 in
603 2420 779 2498 angelised
802 2419 912 2495 Solem,
935 2436 1026 2481 causa
1048 2421 1189 2498 temporis
1212 2421 1396 2498 aequalibus,
1421 2429 1465 2482 est
1487 2439 1634 2500 apparens
1657 2425 1797 2500 inaeqm·

437 2513 518 2572 litas.
563 2511 601 2570 Et
623 2507 814 2569 Ptolemaeus
836 2509 916 2584 ipse,
949 2506 1074 2567 diversis
1104 2508 1210 2567 centris
1240 2524 1293 2585 pro
1322 2506 1424 2585 regula
1447 2520 1546 2570 motus
1576 2512 1799 2571 eeccntricortm

439 2609 469 2661 et
492 2594 692 2678 epicyclorum
715 2597 899 2668 constitutis,
930 2594 999 2654 lacit
1022 2592 1089 2653 illos
1112 2612 1182 2655 suos
1206 2595 1329 2656 circulos
1351 2614 1410 2659 uno
1433 2605 1564 2676 tempore
1594 2599 1709 2659 moveri
1731 2598 1798 2657 tre

307 2670 313 2677 ⁵
436 2688 536 2762 tatius,
559 2685 619 2745 alio
642 2685 803 2744 remissius.
849 2683 985 2758 Denique
1009 2688 1134 2741 testatur
1157 2690 1186 2742 et
1208 2681 1244 2743 de
1267 2683 1323 2742 boo
1345 2687 1535 2759 astronomia,
1559 2684 1728 2747 subtilitate
1748 2682 1796 2745 de·

437 2776 513 2835 couti
536 2780 671 2846 tractata,
695 2764 880 2848 planetarum
902 2772 1008 2829 itinera
1030 2786 1084 2829 seu
1098 2771 1284 2832 circuitiones
1300 2771 1433 2849 singulas
1448 2789 1508 2833 non
1523 2771 1653 2833 ordinari
1670 2772 1796 2850 preecbtt

437 2864 466 2919 iu
489 2861 649 2938 perlectum
672 2857 822 2930 circulum,
845 2855 899 2916 sed
921 2856 984 2917 fieri
1007 2856 1163 2933 ellipiicas.

528 2948 646 3027 Quibus
667 2964 740 3006 vero
763 2947 954 3021 orpumettts't
975 2951 1087 3005 veteres
1108 2962 1200 3005 ersom
1221 2949 1403 3006 &nimitum
1425 2946 1497 3007 lireio
1518 2955 1592 3007 bace
1612 2948 1798 3008 eoum

435 3034 652 3097 stabilierunt?
683 3032 818 3109 Quatuor
840 3032 1041 3110 potissimum:
1068 3032 1098 3109 l)
1123 3053 1141 3092 a
1163 3042 1270 3093 natura
1292 3050 1448 3111 corporum
1463 3033 1628 3105 mobilium,
1652 3036 1688 3110 d)
1710 3048 1798 3095 aas·

436 3123 642 3274 {gaudiam
665 3123 804 3196 metricis,
830 3120 862 3197 3)
885 3139 904 3182 a
926 3128 1033 3181 natura
1054 3118 1113 3182 loci
1135 3121 1164 3180 in
1189 3136 1248 3198 quo
1263 3121 1303 3182 sit
1324 3123 1381 3183 iste
1397 3130 1504 3200 motus,
1528 3119 1561 3202 t)
1583 3120 1722 3185 retranit
1736 3139 1798 3201 pet·

522 3315 582 3374 Dio
605 3322 823 3399 ornamentum
846 3329 953 3373 eoram
976 3331 997 3371 a
1017 3319 1138 3371 notura
1161 3329 1336 3388 corporum.
1381 3315 1431 3376 Sic
1445 3315 1712 3375 suntratloeinatla
1734 3329 1795 3374 cor·

435 3420 508 3479 pora
531 3403 582 3462 illa
604 3418 662 3459 non
685 3417 750 3460 esse
774 3403 936 3477 composita
960 3417 996 3459 ex
1019 3400 1181 3472 elementis,
1204 3398 1314 3459 nullam
1338 3403 1438 3478 ltaque
1461 3420 1557 3478 neque
1579 3404 1795 3478 generationem

434 3507 531 3567 nequa
554 3490 779 3564 corruptionem,
802 3487 915 3547 nullam
930 3487 1135 3546 alterationem
1153 3488 1310 3564 quicquam
1333 3492 1361 3547 in
1377 3489 1430 3549 illa
1448 3490 1523 3566 juris
1538 3489 1658 3551 babere.
1686 3489 1796 3550 Testari

435 3578 472 3638 de
496 3579 553 3636 boc
576 3575 741 3635 seculorum
765 3577 894 3634 omnium
911 3575 1136 3651 experientiamz
1161 3593 1277 3652 sempor
1294 3579 1371 3635 enim
1393 3577 1496 3638 eadem
1519 3579 1648 3654 spectari
1671 3591 1796 3655 corpora,

434 3665 507 3725 nibil
530 3663 665 3732 tumulo,
687 3663 760 3721 nihil
785 3666 814 3721 in
828 3680 960 3737 numero,
983 3660 1056 3720 nibil
1080 3665 1108 3720 in
1124 3664 1222 3738 specie
1240 3671 1382 3724 mutatum
1403 3664 1592 3743 deprehendi.
1638 3664 1709 3725 Jam
1734 3679 1796 3724 rere

433 3760 531 3814 motus
550 3768 705 3827 corporum
728 3749 983 3811 elementariorum
998 3749 1037 3808 ob
1060 3747 1117 3808 hoc
1132 3752 1228 3827 ipsum
1250 3769 1315 3811 esse
1331 3755 1430 3813 varios
1453 3763 1483 3814 et
1497 3755 1710 3825 inconstantes,
1733 3753 1797 3827 qrrls

434 3842 580 3903 elementa
604 3840 685 3898 varic
709 3841 885 3899 misceantur
908 3838 946 3897 ad
970 3853 1070 3896 eorum
1094 3839 1332 3898 constitutionem
1355 3848 1385 3900 et
1406 3842 1436 3899 in
1460 3843 1559 3900 mixtis
1580 3841 1658 3900 luter
1671 3858 1704 3900 se
1727 3855 1797 3915 pug-

434 3939 513 3990 nent
558 3928 594 3987 In
618 3927 797 3986 coelestibus
821 3928 919 4002 igitur,
944 3926 994 3985 ubi
1018 3924 1100 3984 nulla
1123 3924 1189 3983 talis
1212 3927 1329 4000 mixtio,
1360 3928 1441 3986 nulla
1462 3931 1492 3987 ln
1514 3929 1616 3987 mistis
1637 3928 1797 3988 elemento·

433 4036 497 4077 rum
520 4033 631 4093 pugna,
654 4014 768 4073 nullum
792 4016 881 4074 etlam
903 4013 1001 4073 locum
1025 4029 1091 4072 esso
1113 4012 1320 4088 turbulentiae,
1344 4013 1457 4075 nullum
1480 4014 1698 4093 inaequalitati.

524 4120 608 4199 Quid
628 4118 873 4197 respondendam
897 4135 995 4178 censes
1017 4117 1059 4176 cd
1079 4118 1135 4177 boe
1144 4119 1387 4195 ornamentum?
1409 4117 1492 4179 Side
1515 4117 1684 4180 inordinata
1698 4119 1796 4179 turbu·

433 4208 526 4269 lentie
548 4217 680 4267 motuum
704 4205 833 4283 loquitur
855 4215 1075 4284 argumentum,
1106 4204 1176 4264 talis
1209 4204 1345 4283 equidem
1369 4208 1400 4266 in
1422 4206 1506 4267 coelo
1529 4203 1612 4267 nulla
1636 4216 1700 4284 est3
1729 4203 1796 4266 nuti

435 4294 579 4356 tumultus
603 4296 755 4368 coelestes,
779 4294 883 4369 quales
906 4296 934 4352 in
958 4293 1125 4353 tonitrubus

686 4408 890 4484 Pupaorrtum
914 4410 994 4465 inter
1015 4425 1045 4465 se
1065 4406 1213 4484 flammae
1234 4415 1262 4466 et
1283 4408 1428 4468 natantis
1450 4410 1561 4484 aquai:

436 4525 506 4598 qula
530 4523 705 4599 compositio
737 4535 892 4595 corporum
919 4517 1134 4578 mundanorum
1163 4519 1280 4594 generis
1303 4525 1348 4578 est
1378 4517 1580 4578 diversissimi.
1625 4516 1681 4578 sn
1702 4525 1795 4579 aste·

437 4613 516 4670 omni
540 4611 628 4669 etiarn
652 4605 779 4684 regulari
802 4605 1006 4683 inaequalitati
1029 4609 1203 4683 opponitur,
1234 4605 1296 4681 jam
1319 4623 1376 4666 nou
1400 4607 1505 4677 omnis,
1529 4621 1587 4664 uon
1611 4616 1691 4666 certe
1712 4623 1796 4684 ημ-

435 4696 506 4758 laris
529 4699 586 4754 ista
607 4705 739 4755 motuum
762 4696 888 4754 intensio
911 4696 1104 4770 remissioque
1128 4702 1173 4753 est
1195 4710 1232 4753 ex
1254 4693 1463 4755 elementorum
1483 4709 1584 4770 pugna
1606 4702 1636 4753 et
1659 4697 1795 4754 misticus
1833 4725 1840 4748 .

437 4786 468 4844 ln
496 4785 666 4860 corporibus
697 4785 785 4842 motis
816 4799 870 4842 nec
901 4801 937 4841 ex
960 4799 1012 4855 eo,
1044 4781 1123 4856 qnod
1147 4781 1198 4839 illa
1221 4790 1289 4840 sunt
1312 4782 1478 4843 mutabilia.
1524 4778 1625 4840 Oritur
1655 4783 1734 4841 euim
1753 4783 1795 4840 is-

439 4872 607 4947 aequalitas
629 4870 729 4945 aliqua
751 4877 884 4929 motuum
907 4889 943 4930 ex
967 4870 1023 4928 boc
1047 4871 1121 4945 ipsc,
1146 4871 1217 4943 quia
1239 4886 1364 4946 corpora
1386 4882 1469 4942 sunt,
1495 4877 1554 4928 mm
1577 4885 1655 4944 quae
1678 4885 1795 4929 moseu-

439 4968 494 5033 tnr,
517 4976 607 5034 quam
630 4975 707 5033 quae
730 4966 841 5017 motum
864 4957 999 5028 inierunt,
1023 4967 1052 5013 et
1075 4958 1145 5031 quia
1168 4973 1222 5014 sua
1245 4959 1527 5030 materiaeonstant,
1550 4974 1606 5016 sua
1626 4959 1793 5033 quantitate,

438 5062 492 5105 sua
513 5046 621 5122 figure,
654 5055 714 5103 tam
737 5048 815 5104 intus
837 5062 927 5121 quam
950 5052 1045 5116 extra,
1075 5051 1104 5101 et
1133 5043 1294 5103 secundum
1318 5046 1497 5121 quantitates
1527 5052 1556 5103 et
1578 5043 1689 5120 ligures
1713 5045 1794 5105 eoam

437 5148 491 5190 aua
513 5135 645 5209 potentia
667 5133 792 5190 naturali
815 5142 884 5191 sunt
905 5130 1053 5208 praedita,
1083 5148 1160 5205 quae
1182 5132 1279 5191 minus
1301 5140 1401 5208 potest
1422 5135 1452 5191 ic
1474 5131 1585 5190 mobile
1601 5130 1791 5209 longinquum

438 5236 526 5294 quam
547 5222 578 5280 in
598 5222 812 5298 propinquum:
837 5221 888 5280 ubi
909 5218 1066 5280 laenitates
1088 5219 1162 5280 iuter
1183 5237 1216 5281 se
1239 5222 1387 5283 merentia
1407 5230 1437 5281 et
1458 5220 1534 5280 moti
1555 5219 1724 5282 concedunt
1741 5234 1791 5296 pt·
