4459 6275
921 734 1006 790 Liber
1023 734 1132 791 sutus.
1168 735 1236 791 Pars
1255 733 1362 803 Qatnu
1536 755 1538 759 ·
1757 737 1820 800 487
1870 775 1872 779 ·

460 912 614 974 horicum·
637 912 742 983 urtice,
767 919 904 990 caretque
928 915 1090 976 emersione
1112 916 1258 974 matutine
1280 921 1310 974 et
1332 913 1528 976 occultatione
1544 907 1721 994 vespertina.
1766 915 1820 974 In·

461 1003 583 1062 ieriores
607 1017 687 1073 vero,
709 999 814 1060 Venus
837 1010 866 1060 et
880 1000 1052 1077 Mercurius,
1077 1019 1144 1062 eum
1165 1011 1320 1080 pernoctes
1342 1003 1404 1061 lieri
1426 1019 1484 1062 non
1508 1005 1629 1082 possint,
1653 1021 1707 1063 nee
1730 999 1818 1080 ἀκρο-

462 1111 550 1168 ννχις
570 1095 651 1146 ortus
675 1104 856 1164 occasusque
880 1088 1020 1163 habeant,
1045 1099 1078 1150 ut
1099 1092 1265 1168 superiores
1288 1098 1317 1150 et
1339 1090 1441 1163 Luna,
1465 1093 1596 1150 vicissim
1619 1108 1720 1150 omnes
1742 1109 1819 1166 qua-

463 1186 530 1236 tuor
552 1177 748 1234 emersionum
776 1183 806 1234 et
827 1175 1058 1237 occultationnm
1079 1181 1194 1254 species
1217 1176 1382 1250 cumulant,
1410 1193 1603 1250 cumeorum
1632 1179 1716 1237 binas
1739 1178 1819 1238 solas

461 1260 644 1341 superiores,
674 1263 757 1322 binas
788 1263 867 1323 solas
895 1272 926 1323 et
947 1263 1204 1324 Luna‘habuerit.
1249 1264 1405 1325 Interiores
1433 1267 1509 1323 onim
1537 1282 1650 1324 numum
1672 1275 1705 1324 ut
1726 1269 1816 1342 prins,

461 1369 528 1411 cum
543 1367 633 1427 supra
647 1349 749 1409 Solem
770 1359 848 1424 sunt,
872 1353 997 1428 primum
1012 1351 1195 1412 occultantur
1217 1368 1302 1412 mane
1318 1342 1507 1426 oriunturque
1531 1355 1653 1431 vesperi,
1676 1360 1709 1411 ut
1723 1352 1818 1426 Luna,

460 1457 499 1499 ex
528 1437 719 1497 orientalibus
742 1437 939 1498 occidentales
961 1440 1041 1499 iacti.
1086 1439 1125 1498 Et
1146 1448 1216 1498 tunc
1237 1439 1355 1516 quidem
1378 1439 1480 1498 Venus
1506 1457 1543 1498 ex
1565 1439 1700 1499 Lucifero
1722 1435 1820 1520 ’(φωσ-

462 1526 564 1604 qupqr)
586 1525 620 1584 fit
642 1524 791 1602 Vesperus
813 1521 973 1606 (iensque),
997 1528 1161 1603 retinetque
1183 1526 1240 1586 hoc
1262 1543 1383 1599 nomen,
1414 1526 1506 1587 donec
1528 1534 1561 1585 ut
1582 1529 1763 1605 superiores,
1786 1534 1820 1585 ut
1902 1588 1904 1592 Α

461 1622 493 1672 et
517 1612 696 1684 Mercurius,
722 1611 837 1671 occidat
861 1616 976 1690 vesperi
1001 1613 1127 1689 haliaee3
1158 1599 1224 1672 inde
1249 1617 1379 1674 oriuntur
1405 1631 1490 1673 mane
1515 1613 1646 1692 heliace,
1669 1615 1698 1671 in
1721 1613 1818 1672 rnedio

462 1698 622 1760 orientales
644 1700 729 1773 iacti3
753 1708 783 1758 et
804 1702 847 1759 sic
864 1700 1056 1777 Venussjam
1080 1702 1247 1779 conspicua,
1269 1701 1302 1760 tit
1325 1701 1448 1763 Lucifer.
1494 1700 1644 1760 Interdum
1667 1708 1765 1760 tamen
1790 1703 1818 1758 in

460 1787 558 1847 Marte
581 1789 710 1862 itemque
734 1786 848 1847 Venere
870 1788 1040 1864 retrograda
1062 1796 1242 1866 permutatur
1264 1787 1335 1847 ordo
1359 1791 1582 1866 apparitionum.
1877 1847 1882 1861 ,

553 1874 712 1951 Quomodo
737 1875 881 1949 planctae
910 1876 1062 1952 bypnupr’,
1094 1893 1148 1935 sau
1174 1876 1230 1934 sub
1257 1875 1354 1934 radiis
1383 1893 1442 1934 csse
1471 1875 1640 1936 dicuntur?
1672 1875 1818 1952 Tempora

460 1965 538 2021 inter
560 1961 773 2020 occultationes
796 1970 826 2020 et
848 1965 1024 2022 emersiones
1046 1962 1233 2034 intermedio,
1269 1965 1339 2039 quia
1361 1970 1430 2021 tunc
1453 1962 1526 2021 radii
1549 1960 1656 2042 (calyce)
1677 1980 1730 2023 seu
1753 1962 1816 2021 cla-

462 2051 536 2107 ritas
558 2051 636 2108 a'e'ris
658 2067 677 2107 a
699 2048 777 2108 Solis
800 2047 868 2107 licet
896 2050 1024 2109 nondum
1053 2053 1106 2109 orti
1136 2050 1225 2108 radiis
1255 2049 1392 2108 illustrati
1420 2059 1564 2128 occupant
1593 2052 1710 2122 oculos,
1741 2057 1775 2108 ut
1796 2049 1816 2106 ii
1905 2105 1910 2112 .

460 2135 564 2195 stellas
586 2129 667 2212 ipsas
688 2153 746 2195 nun
769 2138 904 2195 sentiant.
951 2136 1001 2196 Sic
1023 2146 1052 2196 et
1065 2137 1161 2216 Luna,
1183 2140 1226 2196 sic
1241 2137 1350 2211 Venus,
1375 2139 1417 2196 sic
1431 2136 1548 2214 Jupiter
1570 2141 1816 2215 praesentiusue

460 2225 679 2302 praestringunt
701 2220 812 2295 oeulos,
836 2233 868 2282 nt
891 2226 909 2281 ii
933 2241 991 2283 nun
1015 2235 1135 2284 cernant
1157 2225 1230 2283 fixas
1252 2226 1432 2302 propinquas
1455 2227 1591 2285 minores.

554 2309 623 2388 Quo
651 2328 741 2370 unsa
769 2310 916 2370 dicuntur
942 2313 1087 2386 planetae
1109 2315 1193 2371 aucti
1215 2313 1262 2370 cci
1283 2316 1393 2370 minuti
1415 2313 1551 2371 lumine?
1583 2312 1648 2370 Non
1673 2328 1691 2368 a
1713 2310 1816 2388 phasis

462 2398 515 2458 illo
538 2398 646 2457 lumine
671 2395 741 2455 reali
764 2407 911 2457 crescente
936 2398 982 2458 val
1005 2401 1173 2458 imminuto:
1202 2415 1269 2456 nam
1292 2396 1492 2474 planetarum,
1524 2401 1574 2474 qui
1604 2416 1694 2475 supra
1717 2397 1817 2456 Solem

428 2504 434 2521 ·
460 2494 550 2559 stam,
575 2485 674 2544 vultus
696 2486 847 2561 conspicui
871 2487 949 2546 eirea
970 2495 1089 2546 exortus
1119 2494 1148 2544 ct
1171 2486 1383 2544 occultationes
1411 2484 1496 2563 plene
1520 2486 1734 2555 illuminantur,
1765 2483 1817 2542 scd

462 2575 501 2633 ab
525 2571 699 2632 accidentali
730 2575 843 2631 visione
875 2572 974 2632 vultus
999 2573 1086 2650 hujus
1115 2573 1280 2631 illuminati.
1328 2572 1414 2632 Aucti
1437 2567 1514 2632 enim
1537 2572 1646 2633 lumine
1669 2571 1813 2646 dicuntur,

462 2661 582 2738 qnando
605 2661 698 2736 magis
720 2663 874 2736 magisque
896 2660 969 2719 hunt
984 2661 1145 2737 conspicui,
1168 2657 1217 2719 vel
1240 2659 1369 2718 discessu
1385 2658 1463 2718 Solis
1488 2661 1526 2718 ab
1542 2663 1623 2738 ipsis,
1647 2667 1680 2718 ut
1702 2658 1735 2716 fit
1749 2665 1817 2735 pust

463 2750 646 2825 superiorum
668 2756 698 2806 et
720 2747 842 2806 fixarum
864 2750 1062 2825 apparitiones
1084 2749 1253 2817 matutinas,
1278 2747 1325 2805 vel
1342 2745 1471 2806 discessu
1495 2748 1623 2823 ipsorum
1648 2744 1761 2823 aSolc,
1784 2752 1819 2804 ut

461 2838 496 2896 tu
519 2843 588 2912 post
611 2842 729 2893 exortus
751 2837 934 2911 vespertinos
949 2835 1051 2895 Lunae
1075 2842 1105 2894 ct
1128 2834 1308 2905 interiorum,
1332 2832 1379 2893 vel
1402 2841 1526 2910 utroque
1545 2835 1680 2911 junctim,
1704 2840 1736 2892 nt
1751 2841 1818 2910 post

439 2933 584 2991 ¹exortus
608 2924 766 2981 matutinos
789 2923 968 2995 inferiorum,
998 2923 1105 2981 lumine
1129 2922 1245 2991 minuti,
1269 2920 1387 2995 quando
1411 2921 1448 2980 ad
1472 2923 1570 2981 Solem
1593 2927 1756 2987 recurrunt,
1786 2927 1819 2977 ut

461 3012 548 3071 Luna
570 3016 600 3068 et
620 3011 771 3068 interiores
793 3026 895 3068 sersus
919 3009 1130 3069 occultationes
1153 3008 1329 3080 matutinas,
1361 3007 1409 3068 vei
1433 3009 1551 3084 quando
1575 3008 1626 3068 Sol
1651 3011 1686 3067 iis
1708 3024 1819 3085 appro-

462 3101 597 3179 pinquat,
620 3106 653 3156 ut
674 3096 707 3156 tit
730 3114 831 3155 versus
846 3098 1027 3174 superiorum
1050 3094 1259 3155 occultationes
1275 3097 1467 3173 vespertinas,
1491 3097 1538 3156 vel
1562 3095 1680 3173 quando
1696 3096 1818 3155 obviant
1911 3159 1915 3166 ,

462 3188 521 3248 sibi
545 3194 676 3257 mutuo,
692 3192 724 3244 ut
748 3185 896 3244 inferiores
922 3203 1022 3243 versus
1045 3183 1163 3243 easdem
1187 3183 1397 3241 occultationes
1421 3187 1617 3262 vespertinas,
1641 3185 1691 3243 ubi
1713 3182 1746 3241 fit
1767 3199 1819 3259 per

463 3272 616 3344 accidens,
649 3279 683 3329 ut
709 3271 795 3330 Mna
826 3271 983 3347 Venusque
1010 3270 1118 3329 lumino
1152 3272 1282 3329 minutae
1315 3280 1385 3329 tunc
1418 3270 1564 3344 dicantur,
1597 3270 1714 3347 quando
1750 3286 1819 3329 vere

459 3364 550 3422 ctiam
573 3377 673 3419 earum
695 3358 785 3417 iacies
808 3361 990 3432 minuuntur,
1014 3367 1129 3433 auctae,
1153 3356 1271 3434 quando
1288 3375 1355 3417 ecre
1369 3368 1523 3434 augentur.
1568 3360 1657 3419 Forte
1680 3359 1769 3434 igitur
1791 3376 1810 3415 a
1874 3360 1876 3365 ’

460 3449 549 3510 Luna
572 3449 626 3506 iste
649 3445 752 3504 modus
774 3442 912 3521 loquendi
934 3448 1056 3522 primam
1080 3448 1168 3505 traxit
1191 3447 1342 3521 originem.

553 3534 712 3612 Quantum
734 3534 849 3592 distant
868 3538 1046 3593 conationes
1066 3550 1163 3610 supra
1178 3532 1275 3591 dinae
1298 3533 1336 3591 ub
1358 3533 1609 3593 mndwtionibus
1629 3534 1743 3604 alania
1769 3532 1814 3590 oet

459 3632 609 3698 meaeque
631 3640 652 3679 u
674 3623 885 3691 coniunctione
909 3620 1009 3680 Solia?
1042 3621 1153 3697 Magna
1175 3626 1219 3679 est
1242 3623 1384 3692 varietas,
1413 3628 1443 3678 ct
1474 3620 1608 3679 differant
1636 3636 1694 3678 non
1718 3619 1814 3677 solum

461 3711 645 3769 diversorum
668 3708 850 3784 planetarum
873 3709 947 3765 inter
962 3724 1003 3780 se,
1027 3707 1078 3767 sed
1102 3709 1191 3767 etiam
1206 3709 1293 3764 nnius
1316 3707 1507 3783 ejusdemque
1522 3707 1658 3783 planetae
1683 3706 1815 3766 diversae
1901 3702 1907 3711 ’

461 3801 561 3865 vices,
586 3800 655 3872 quin
680 3796 767 3855 etiam
790 3797 855 3872 ipsa
875 3797 1047 3854 emersionis
1071 3795 1209 3852 distantia
1231 3812 1250 3852 a
1273 3795 1478 3869 conjunctione
1500 3802 1531 3853 et
1554 3795 1693 3853 distantia
1716 3793 1816 3853 occul·
1898 3819 1903 3830 ·

460 3887 583 3945 tationis
606 3885 644 3942 ab
667 3882 769 3951 cadem
793 3884 867 3940 inter
890 3899 922 3941 se
946 3882 1080 3941 differunt
1102 3882 1277 3956 frequenter.

551 3972 609 4030 Dic
630 3987 737 4029 cousus
758 3969 851 4043 hujus
874 3968 1053 4027 occidatis?
1076 3966 1190 4026 Causae
1214 3969 1398 4044 potissimum
1422 3976 1491 4026 sunt
1505 3985 1565 4041 sex,
1590 3984 1714 4043 quarum
1730 3961 1816 4042 duae,

462 4077 542 4136 quae
565 4069 594 4118 et
610 4061 786 4135 potissimae,
811 4057 956 4135 pertinent
969 4055 1007 4115 ad
1022 4056 1130 4114 librum
1144 4057 1260 4113 tertium
1277 4063 1306 4113 et
1326 4054 1487 4114 doctrinam
1504 4055 1696 4132 sphaericam.
1720 4055 1821 4113 Prima

462 4156 509 4207 est
533 4147 693 4221 obliquitas
716 4146 843 4218 zodiaci,
876 4143 951 4204 unde
974 4151 1043 4203 sunt
1066 4142 1204 4217 obliquae
1227 4144 1414 4201 ascensiones
1436 4151 1466 4201 et
1490 4143 1695 4202 descensiones
1719 4144 1818 4201 variae

462 4235 646 4294 diversorum
668 4236 815 4307 signorum
831 4231 953 4304 zodiaci,
977 4235 1005 4289 in
1029 4231 1137 4306 quibus
1153 4227 1204 4288 Sol
1229 4236 1258 4288 et
1273 4228 1408 4306 planetae
1432 4236 1593 4289 versantur.
1639 4230 1714 4288 Nam
1733 4228 1819 4288 stella

462 4321 568 4382 eadem
591 4323 618 4377 in
643 4320 760 4394 aequali
784 4320 944 4377 remotione
967 4338 985 4376 a
1007 4317 1077 4378 Sole
1099 4318 1269 4392 lumineque
1292 4319 1381 4375 etiam
1404 4317 1530 4393 aequali,
1553 4319 1578 4376 si
1602 4334 1686 4375 manc
1710 4320 1819 4376 oriatur

461 4417 532 4469 ante
555 4407 652 4467 Solem
675 4408 704 4462 in
728 4408 819 4480 signis
841 4413 919 4463 reete
942 4406 1184 4476 ascendentibus,
1218 4403 1310 4462 multo
1338 4403 1426 4462 altius
1455 4421 1546 4481 supra
1569 4405 1748 4463 horizontem
1771 4404 1820 4463 vel

461 4498 553 4572 supra
576 4492 714 4553 circulum
737 4494 890 4570 positionis
913 4491 991 4550 Solis
1021 4495 1147 4552 eminere
1175 4498 1287 4569 potest,
1320 4508 1407 4565 quam
1438 4494 1464 4549 si
1487 4492 1544 4552 hoc
1566 4493 1652 4550 suerit
1675 4493 1703 4548 in
1727 4493 1820 4566 signis

463 4584 601 4656 obliquis.
651 4580 731 4640 Idem
764 4578 944 4654 intelligatur
977 4578 1012 4636 de
1045 4580 1219 4655 vespertinis
1251 4578 1484 4654 apparitionibus
1519 4587 1548 4639 et
1581 4578 1819 4638 descensionibus

462 4673 549 4730 rectis
573 4668 619 4728 vel
642 4667 778 4743 obliquis.
824 4664 959 4725 Secundo
990 4665 1063 4725 haec
1091 4668 1190 4726 omnia
1217 4664 1376 4725 redduntur
1406 4665 1588 4725 evidentiora
1612 4683 1665 4741 per
1686 4664 1819 4726 diversas

463 4755 653 4834 obliquitates
675 4755 867 4814 horizontum.
913 4752 988 4812 Nam
1011 4754 1060 4812 ubi
1083 4754 1178 4830 maj0r
1202 4754 1258 4812 ista
1282 4752 1453 4828 obliquitas,
1478 4754 1519 4812 ibi
1542 4752 1636 4829 anor
1658 4762 1701 4812 est
1730 4754 1819 4811 etiam

465 4847 591 4904 venemo
622 4842 685 4918 ejus
716 4842 844 4901 effectus.
890 4838 927 4898 Et
956 4840 1100 4899 accedunt
1128 4858 1234 4900 causas
1257 4842 1351 4916 magis
1374 4840 1529 4919 physicae,
1562 4839 1678 4900 diversa
1706 4838 1821 4899 scilicet

465 4935 541 4996 airis
565 4932 721 5000 crassitiea
744 4928 780 4987 dc
803 4945 862 5003 qna
885 4927 951 4986 side
973 4926 1022 4985 iol.
1048 4928 1120 4985 ι385.
1144 4936 1173 4986 st
1196 4928 1272 4987 libro
1292 4929 1316 4986 Ι.
1340 4928 1389 4986 iol.
1418 4931 1488 4987 146.

551 5017 652 5076 Tertia
673 5017 805 5075 consistit
829 5017 858 5075 in
880 5016 1062 5091 propriorum
1078 5022 1210 5073 motuum
1233 5015 1423 5089 longitudinis
1440 5015 1618 5074 diversitate.
1651 5012 1727 5071 Nam
1744 5012 1820 5071 lixa-

466 5123 529 5164 rum
559 5104 768 5164 occultationes
798 5109 828 5161 et
858 5104 1034 5162 emersiuncs
1063 5103 1168 5162 cetaria
1197 5104 1317 5178 paribus
1346 5101 1394 5182 (do
1425 5103 1533 5179 quibus
1564 5099 1631 5159 vide
1660 5100 1710 5159 iol.
1735 5096 1822 5181 286.)

466 5193 585 5255 brevius
611 5190 719 5251 distem
741 5190 780 5250 sb
803 5206 902 5251 earum
926 5190 1133 5267 conjunctione
1156 5206 1222 5253 arm
1245 5187 1330 5264 Sale,
1354 5207 1444 5266 quam
1466 5191 1667 5272 planetarum
1696 5203 1820 5278 quorum
