4459 6275
498 789 558 850 tos
671 876 675 891 Ι
998 791 1139 862 Epitorses
1156 790 1346 849 masmana

493 969 522 1023 ct
544 965 797 1027 constellationum
819 986 872 1028 seu
894 971 1110 1031 asterismorum
1132 971 1294 1050 amplitudo
1315 971 1451 1029 immanis
1479 969 1595 1031 videtur
1613 969 1701 1046 juxta
1723 974 1852 1035 norrtss,

494 1050 568 1109 adeo
599 1060 631 1110 ot
660 1057 709 1112 vis
732 1066 943 1133 agnoscantur,
975 1069 1132 1136 postquam
1163 1063 1191 1118 iu
1221 1059 1313 1119 altum
1345 1059 1525 1131 emanarint,
1554 1074 1625 1134 praa
1656 1054 1854 1116 corrtcsrrtibili

494 1143 641 1214 angustia.

581 1227 627 1286 De
651 1225 759 1288 Orione
782 1230 923 1307 Virgilius
968 1275 975 1290 .
1020 1275 1028 1291 .
1073 1275 1080 1290 .
1127 1275 1135 1291 .
1180 1251 1277 1308 quom
1298 1249 1431 1309 ruopaus
1456 1234 1561 1305 orsos,

705 1315 781 1375 Crem
800 1318 890 1392 pedes
912 1319 1136 1380 incedit‘medis'
1156 1339 1211 1397 per
1232 1323 1371 1381 maxim
1396 1320 1487 1379 Nerei

703 1404 822 1480 Stagna
844 1410 928 1465 viam
949 1407 1095 1481 scindes,
1117 1409 1243 1468 humero
1264 1411 1467 1483 supereminet
1486 1405 1596 1466 modos.

580 1488 738 1550 Stellarum
761 1510 829 1551 vero
851 1495 1032 1570 singularum
1055 1495 1229 1571 corpuscula
1251 1505 1423 1573 punctorum
1438 1498 1527 1553 instar
1549 1493 1705 1552 habentur.
1750 1490 1853 1550 Drue-

494 1587 559 1634 runt
581 1586 677 1637 umen
701 1578 833 1640 claritate
855 1595 884 1640 et
907 1581 1098 1657 amplitudine
1122 1583 1219 1642 diffusi
1242 1582 1358 1641 luminis
1380 1585 1454 1641 inter
1475 1601 1507 1641 sa
1530 1589 1561 1639 et
1581 1582 1610 1638 iu
1634 1578 1854 1638 mutationibus

493 1681 581 1723 aurae
603 1682 623 1724 a
644 1683 676 1725 se
699 1667 771 1742 ipsis
788 1669 937 1745 singulae,
959 1669 1104 1744 quaedam
1127 1679 1157 1730 et
1179 1670 1329 1730 celerrime
1351 1670 1484 1745 trajicere
1505 1670 1594 1745 inqua
1616 1676 1722 1726 terram
1745 1663 1854 1726 cadere

493 1751 636 1811 videntur.

583 1840 644 1915 Qui
668 1859 737 1901 sero
758 1841 932 1917 diligentius
954 1862 1048 1918 quum
1077 1846 1187 1921 vulgus
1208 1845 1368 1904 homiuum
1389 1845 1447 1900 ista
1469 1843 1638 1912 maneant,
1662 1838 1739 1917 quid
1753 1856 1855 1914 proe-

492 1932 573 1985 tereo
594 1929 689 1986 oeulis
710 1929 938 2003 deprehendunt
957 1934 990 1988 in
1011 1931 1159 1990 sideribus
1180 1932 1332 1992 rrotobils?
1366 1930 1493 1989 Primum
1516 1928 1601 1988 laeile
1618 1936 1662 1988 est
1685 1928 1853 1986 discernere

492 2014 566 2072 inter
588 2015 689 2073 stellas
712 2016 891 2075 adulterinas
913 2025 942 2076 et
965 2036 1058 2077 verus.
1105 2018 1176 2078 illue
1198 2022 1275 2079 enim
1298 2024 1364 2075 sunt
1387 2025 1608 2076 momentaneae
1637 2033 1691 2074 nec
1715 2012 1856 2072 videntur

493 2100 543 2160 illo
568 2103 596 2158 in
619 2102 684 2161 loco
707 2101 783 2161 unde
805 2111 910 2177 ruunt,
946 2113 1104 2180 antequam
1128 2108 1269 2182 incipiant
1291 2105 1437 2179 trajicere,
1461 2121 1514 2163 nec
1537 2110 1695 2179 postquam
1717 2100 1856 2176 uujactio

494 2187 588 2259 desiit,
618 2188 668 2249 illo
697 2188 764 2248 loco
788 2189 921 2250 videntur
943 2192 1082 2269 amplius,
1106 2193 1145 2251 ad
1168 2211 1256 2268 quens
1277 2202 1484 2268 pervenerunt,
1511 2208 1576 2250 eum
1599 2210 1615 2248 e
1638 2200 1743 2248 contra
1765 2202 1856 2246 serae

494 2274 597 2334 stellae
619 2277 678 2335 sint
700 2294 850 2352 perennes.
895 2279 948 2337 Est
970 2282 1058 2338 etiam
1080 2290 1177 2338 motus
1200 2279 1249 2339 illa
1271 2279 1451 2355 traiectionis
1477 2277 1644 2338 celerrimus
1668 2292 1766 2352 eoque
1788 2273 1854 2333 ois-

494 2361 597 2421 simllis
629 2370 772 2423 motuum·
792 2374 969 2439 ceterorum,
998 2370 1048 2441 qui
1071 2384 1129 2425 nou
1153 2369 1195 2425 ita
1218 2369 1246 2425 in
1271 2364 1373 2425 oculos
1394 2368 1551 2424 incurrunt.
1596 2364 1640 2423 Ex
1668 2381 1729 2438 qna
1752 2369 1854 2423 motos

494 2449 641 2511 celeritate
664 2459 742 2512 recte
765 2451 944 2527 colligimus,
969 2453 1036 2511 illas
1057 2471 1114 2512 nou
1137 2456 1213 2514 inter
1235 2471 1319 2512 veras
1340 2452 1441 2512 stellas
1465 2454 1494 2509 in
1516 2452 1652 2523 aethere,
1675 2449 1729 2510 scd
1753 2451 1783 2507 in
1807 2452 1856 2506 in·

494 2538 561 2596 tima
583 2538 682 2597 mundi
704 2541 824 2614 regione
847 2540 960 2600 incendi
984 2544 1204 2618 exstinguiqne3
1236 2544 1334 2616 itaque
1363 2557 1468 2598 nornen
1496 2540 1556 2597 illis
1579 2540 1681 2597 damus
1704 2534 1855 2598 stellas

493 2625 751 2700 trajicientes
773 2635 825 2687 aut
847 2627 992 2688 stellae
1016 2627 1217 2699 cudentes,
1242 2629 1434 2703 exclususque
1456 2627 1694 2698 abustrooomia,
1720 2633 1752 2683 ut
1774 2638 1855 2699 qaae

493 2711 588 2789 legem
611 2722 708 2772 motus
730 2713 841 2774 nullam
863 2716 981 2788 babent,
1003 2714 1041 2774 ad
1065 2715 1217 2793 physicam
1240 2717 1470 2775 transmittimus.

578 2801 692 2860 Deinde
706 2802 779 2862 inter
802 2802 868 2862 illas
891 2806 988 2873 edam,
1012 2820 1089 2878 quae
1111 2803 1282 2862 adsensum
1304 2801 1451 2861 durabiles
1469 2815 1547 2872 surra,
1571 2796 1786 2880 deprehensum
1810 2809 1857 2857 est

493 2887 549 2946 lroe
572 2887 744 2961 discrimen,
771 2889 850 2964 quod
874 2908 973 2949 earum
995 2891 1148 2967 potissima
1171 2907 1239 2967 pars
1261 2889 1384 2949 eundem
1406 2895 1548 2966 perpetuo
1570 2886 1700 2945 ordinem
1724 2887 1803 2945 luter
1823 2902 1858 2944 ss

493 2985 594 3035 rrrutno
617 2983 735 3038 tuentur
756 2994 850 3053 eoque
875 2979 918 3037 sic
940 2984 1057 3037 servato
1081 2981 1212 3035 oriuntur
1234 2986 1264 3036 et
1285 2976 1420 3035 occidunt
1443 2974 1574 3051 quotidie
1597 2972 1701 3033 iisdem
1725 2975 1757 3031 in
1779 2972 1857 3031 locis

494 3065 568 3120 intra
588 3066 672 3121 nnius
695 3063 785 3123 seculi
809 3067 953 3143 spatium,
977 3082 1088 3143 paucae
1112 3080 1182 3123 vero
1205 3065 1291 3134 oliae,
1315 3064 1370 3122 boe
1392 3072 1437 3121 est
1459 3064 1590 3138 quinque
1612 3068 1643 3119 et
1663 3068 1749 3119 sexto
1769 3059 1857 3119 Luna

494 3152 615 3225 ipseque
639 3149 691 3210 Sol
712 3155 868 3230 septimus,
900 3155 955 3212 etsi
977 3160 1008 3212 et
1030 3154 1112 3228 ipsae
1136 3169 1201 3211 enm
1230 3152 1374 3229 prioribus
1396 3149 1526 3226 qnotidie
1559 3150 1691 3207 oriuntur
1719 3154 1752 3207 et
1774 3149 1857 3207 oeci·

494 3235 581 3308 dunt,
619 3242 835 3316 comparatione
864 3250 961 3299 tamen
992 3238 1117 3317 plurium
1146 3240 1256 3298 dierum
1288 3236 1541 3315 deprehenduntur
1567 3253 1626 3294 uon
1656 3235 1732 3294 tucri
1765 3237 1858 3294 situm

494 3323 618 3383 eundem
647 3343 742 3401 noqrre
773 3328 847 3386 inter
875 3345 924 3399 se,
954 3326 1111 3401 nequead
1135 3330 1243 3404 priores
1266 3324 1350 3402 illas,
1381 3342 1435 3385 nee
1464 3324 1566 3383 iisdem
1589 3340 1703 3399 semper
1726 3323 1756 3378 in
1781 3321 1859 3380 locis

494 3411 654 3470 borisontis
676 3415 807 3471 oriuntur
828 3422 858 3473 et
880 3413 1024 3475 occidunt.
1070 3414 1175 3489 ltaque
1196 3412 1264 3472 illae
1287 3412 1391 3472 lixae
1414 3411 1556 3482 dicuntur,
1581 3410 1635 3468 lrae
1659 3411 1859 3469 erraticae

416 3539 425 3552 .
494 3500 557 3558 sire
581 3496 778 3576 planctae.

581 3587 615 3643 lo
639 3596 761 3663 utroque
784 3605 890 3663 genere
913 3606 944 3647 se
968 3605 1081 3646 rursum
1105 3587 1266 3646 admiscent
1288 3585 1469 3644 adulterinae
1492 3581 1664 3654 nonnullae,
1689 3584 1767 3642 iuter
1789 3580 1858 3660 pla·

494 3683 577 3731 netas
599 3673 704 3734 stellae
727 3677 855 3749 crinitae,
879 3675 968 3752 vulgo
992 3684 1174 3745 cometae,
1197 3678 1270 3733 iuter
1293 3674 1365 3730 lixas
1387 3671 1490 3732 stellae
1514 3670 1589 3730 adeo
1611 3668 1723 3728 similes
1740 3672 1859 3738 ceteris,

494 3769 526 3818 ut
550 3763 599 3817 vis
623 3781 641 3819 s
665 3764 845 3839 peritissimis
867 3766 1042 3822 astronomis
1067 3765 1305 3819 internoscantur.
1351 3760 1562 3818 Diseemnntur
1583 3765 1682 3816 tumen
1706 3774 1752 3827 eo,
1777 3756 1861 3831 quod

495 3848 611 3906 tandem
635 3858 662 3907 et
686 3851 766 3925 ipsae
790 3850 939 3927 disparent
963 3860 1000 3918 ot,
1025 3865 1060 3907 nc
1085 3847 1238 3906 videantur
1259 3846 1344 3906 condi
1356 3848 1520 3920 revertique
1544 3852 1577 3903 ut
1594 3850 1719 3916 ceterae,
1742 3844 1860 3902 nullum

494 3936 601 3994 liabent
627 3939 817 4013 apparitionis
840 3954 911 3996 suae
935 3935 1075 4010 regulum,
1099 3933 1210 3993 nullum
1226 3933 1365 4005 ordinem,
1389 3942 1418 3992 at
1439 3932 1585 3991 rarissime
1607 3941 1674 4008 post
1698 3930 1861 3991 maltorum

494 4040 635 4081 asinorum
662 4022 796 4099 adeoque
819 4022 982 4082 seculorum
1012 4022 1165 4081 intervallo
1189 4023 1414 4099 corispieiuntur.
1460 4019 1525 4079 Hae
1548 4021 1617 4094 quia
1637 4018 1862 4093 regularitatem

494 4111 623 4186 aliquam
647 4120 742 4169 motus
771 4129 841 4186 proc
864 4129 896 4170 se
919 4111 1012 4168 ierunt
1035 4120 1066 4169 et
1087 4110 1255 4184 regionibns
1283 4124 1340 4165 non
1365 4106 1582 4182 distinguuntur
1604 4124 1623 4164 a
1645 4109 1724 4165 veris
1752 4104 1861 4174 stallis,

495 4206 524 4255 et
546 4209 642 4255 tamen
666 4200 811 4257 intereunt
834 4200 1034 4271 oriunturque,
1058 4205 1090 4254 ot
1113 4197 1308 4271 trajectiones,
1332 4210 1427 4268 aequo
1446 4193 1512 4268 jore
1534 4192 1572 4252 ad
1589 4192 1744 4270 physicam
1768 4202 1799 4253 et
1820 4193 1861 4252 ad

495 4285 704 4342 astronomiam
727 4288 881 4361 pertinent.

582 4370 682 4430 Tertio
705 4372 742 4430 ad
771 4374 826 4430 boc
857 4372 1009 4429 discrimen
1040 4369 1189 4429 stellarum
1213 4370 1241 4425 in
1270 4376 1352 4425 motu
1375 4369 1563 4441 consequitur
1586 4367 1676 4426 etiarn
1699 4366 1861 4426 discrimen

496 4460 523 4513 in
546 4455 664 4516 luminis
687 4458 829 4518 claritate.
874 4457 926 4517 Sol
950 4460 1025 4516 enirn
1042 4457 1128 4528 diem,
1152 4456 1237 4515 Luna
1257 4465 1372 4513 noctem
1394 4452 1504 4512 lumine
1526 4471 1579 4512 suo
1602 4462 1768 4531 temperant
1792 4471 1862 4514 um·

494 4545 620 4618 brasqoe
635 4555 801 4604 causamur.
848 4547 942 4605 Ceteri
967 4554 1093 4603 errantes
1110 4546 1198 4602 otium
1221 4541 1331 4601 clarum
1347 4551 1376 4599 ot
1397 4540 1542 4616 turgidum
1557 4551 1586 4599 et
1609 4540 1728 4618 plenum
1744 4542 1861 4602 babent

495 4631 592 4688 lumen
620 4642 650 4690 ot
675 4632 840 4709 plurimum,
864 4642 893 4691 et
916 4631 1050 4700 evidens,
1074 4630 1213 4706 qnodque
1236 4632 1324 4688 etiam
1347 4630 1375 4686 io
1400 4628 1478 4686 clara
1501 4644 1606 4688 aurora
1627 4639 1770 4705 apparet,
1794 4629 1865 4688 llals

496 4733 565 4775 tune
588 4718 756 4778 latentibus.
803 4722 942 4777 (fonretao
969 4736 1035 4777 voro
1058 4737 1112 4776 sun
1136 4717 1235 4784 barba,
1261 4718 1338 4774 crine
1360 4732 1412 4774 seu
1436 4714 1540 4786 cauda,
1564 4714 1640 4773 lixae
1661 4733 1758 4776 novae
1783 4734 1864 4777 nors·

499 4804 597 4865 nudae
621 4809 695 4864 inter
718 4809 801 4864 initia
824 4805 940 4863 luminis
963 4805 1097 4865 insolenti
1123 4804 1295 4864 claritates
1318 4803 1494 4877 perennibus
1516 4803 1763 4863 internoscantur.

581 4893 693 4967 Quarto
717 4904 746 4952 et
769 4893 968 4967 magnitudine
992 4901 1129 4969 soporant
1151 4891 1287 4969 planetae
1310 4891 1382 4947 lixas
1404 4888 1585 4964 plerumque.

580 4984 690 5055 Quinto
713 4999 768 5040 nec
784 4982 826 5037 ita
846 4979 1005 5039 scintillant
1022 4979 1156 5055 planetae
1180 4991 1211 5037 nt
1227 4978 1311 5048 lirae,
1334 4975 1448 5034 sedvel
1471 4975 1557 5050 plano
1573 4975 1655 5047 nibil,
1680 4975 1728 5035 rel
1743 4994 1865 5053 parum,

497 5068 543 5126 rel
567 5069 626 5127 alio
649 5078 680 5127 et
702 5067 846 5125 dlilereoti
869 5067 966 5137 modo,
990 5069 1039 5142 qui
1064 5067 1149 5124 facile
1171 5066 1295 5124 discerni
1319 5065 1420 5139 possit.

583 5157 673 5216 Sesto
696 5171 751 5215 nec
773 5153 942 5212 custodiunt
963 5153 1097 5230 planctae
1120 5151 1242 5211 eaodem
1264 5167 1378 5226 semper
1401 5148 1547 5208 visibile·
1570 5149 1808 5226 magnitudinem
1832 5161 1867 5213 at

497 5241 581 5303 usse
626 5241 706 5306 solis
728 5238 847 5317 quidem
870 5250 900 5300 et
914 5240 1017 5302 Lunae
1039 5240 1174 5299 diametri
1187 5236 1442 5317 deprehenduntur
1458 5253 1510 5313 per
1531 5236 1653 5299 subtilia
1666 5239 1869 5304 nocumenta
