4459 6275
872 792 957 851 Irlber
974 793 1103 866 Qutrtue.
1139 793 1208 851 Por
1225 793 1326 851 Tertio.
1559 742 1563 747 ‘
1710 800 1775 864 m
1880 798 1883 805 '

419 974 543 1050 timum,
577 978 683 1053 purtim
712 976 800 1037 etium
823 976 854 1034 in
875 976 940 1052 ipae
962 974 1135 1036 Ptolemaeo
1157 991 1248 1052 cupre
1275 974 1427 1049 neutum,
1456 973 1538 1036 eliud
1560 977 1663 1051 etiem,
1693 977 1776 1054 princ
1909 1009 1917 1023 ·

420 1063 521 1125 ornulu
543 1060 686 1141 dlepicere
709 1065 739 1121 in
762 1063 932 1141 corporibus
954 1069 1057 1140 uptote
1078 1060 1117 1123 erl
1138 1068 1261 1136 motum,
1283 1069 1317 1122 ut
1338 1067 1482 1140 apparent
1499 1063 1682 1141 poeeibilitee
1708 1079 1776 1123 mo·

420 1158 504 1211 tuum
533 1152 677 1230 exemplis
706 1152 795 1211 etium
823 1149 1031 1228 popularibus,
1063 1155 1169 1228 pentec
1191 1148 1309 1211 demum
1330 1150 1395 1211 letio
1418 1150 1572 1225 omnious,
1601 1150 1694 1212 veluti
1716 1150 1775 1211 hu·

419 1255 509 1299 muno
538 1241 653 1315 corpori
675 1255 711 1299 ex
734 1238 870 1298 omnibue
891 1239 954 1298 euie
976 1238 1116 1299 roueculie
1139 1243 1169 1297 et
1189 1239 1288 1298 nereio
1310 1238 1534 1315 compaginato,
1565 1236 1777 1316 superfundere

418 1326 571 1388 metricum
595 1326 737 1402 animum,
761 1343 838 1406 quae
861 1326 887 1384 ei
909 1342 970 1401 que
990 1326 1091 1385 munio
1113 1325 1262 1404 corporeie
1284 1325 1484 1385 instrumentis
1507 1323 1644 1403 expedire
1666 1332 1776 1403 potent,

418 1410 459 1475 etl
486 1430 523 1474 eu
553 1429 612 1475 uon
642 1430 717 1492 opue
747 1411 869 1473 hebebit
898 1410 1021 1473 coneilio
1049 1420 1079 1473 et
1101 1411 1250 1487 diecunu,
1284 1412 1422 1490 operibus
1444 1410 1636 1490 intelligentie
1658 1415 1776 1475 unimee

418 1501 560 1580 propriis:
590 1499 838 1578 quemadmodum
859 1518 877 1564 c
899 1501 1058 1574 conuerte,
1088 1502 1113 1560 ei
1138 1503 1236 1561 omniu
1259 1499 1381 1560 coneilio
1406 1506 1436 1561 et
1457 1500 1590 1561 ‹liecurut
1613 1500 1773 1578 perliceret,

420 1590 569 1667 corporeie
592 1590 656 1648 ietie
678 1589 877 1649 instrumentis
899 1603 958 1647 nen
982 1586 1134 1665 indigeret
1415 1632 1421 1639 .

509 1676 659 1750 Breviter,
686 1675 856 1753 philoeophi
885 1677 1042 1736 commenti
1064 1681 1134 1736 eunt
1157 1673 1378 1753 intelligentiae,
1409 1691 1486 1751 quae
1508 1680 1606 1735 mutue
1628 1673 1777 1736 coelorum

422 1780 459 1823 ex
480 1779 514 1823 ee
528 1765 611 1840 ipeie,
635 1762 716 1824 velut
731 1781 768 1823 ex
783 1764 991 1823 commentario
1007 1762 1189 1840 depromunt,
1213 1779 1290 1839 quae
1305 1774 1459 1838 conteneo,
1484 1762 1645 1837 voluntate,
1668 1779 1777 1839 umore,

423 1848 623 1911 intellectione
645 1852 704 1932 eui,
728 1849 854 1927 (lenique
872 1850 959 1926 jueeu
982 1857 1118 1925 utuntur,
1141 1849 1213 1910 mihi
1235 1851 1335 1910 enimc
1356 1849 1405 1910 vel
1429 1851 1545 1911 animno
1558 1851 1695 1911 notrices
1710 1858 1779 1910 eunt
1896 1924 1899 1929 ¹

422 1955 458 1999 cx
487 1938 618 1998 interiori
645 1954 768 2015 genere,
796 1954 873 2015 queo
899 1936 995 1997 eolum
1026 1939 1168 2015 impeturn
1198 1936 1302 2013 (veluti
1326 1935 1474 2014 quendum
1497 1944 1594 1997 metue
1614 1935 1778 2017 murium)

419 2025 543 2086 uilernnt
571 2025 706 2085 uuiiornri
734 2025 920 2085 contentione
947 2026 1070 2099 virium,
1100 2027 1162 2086 eine
1190 2027 1297 2086 mentio
1325 2019 1399 2102 ope,
1428 2023 1510 2103 legen
1533 2041 1603 2087 vero
1625 2022 1688 2106 (eeu
1712 2026 1774 2084 ior·

421 2108 513 2191 meur)
534 2119 673 2174 moinum·
695 2114 723 2171 in
748 2113 819 2190 ipeie
841 2113 993 2173 inveniunt
1015 2114 1202 2192 corporibus,
1234 2118 1331 2174 mente
1354 2110 1488 2189 quidem,
1516 2121 1548 2173 ct
1579 2129 1616 2173 ee
1644 2128 1703 2173 nou
1725 2130 1780 2172 eun
1806 2151 1809 2162 ·

421 2197 474 2261 red
498 2199 662 2273 Creatorie,
690 2205 721 2260 in
742 2201 809 2278 ipeo
840 2198 941 2260 mnudi
970 2201 1113 2283 principio
1143 2198 1235 2261 eenrel
1258 2200 1447 2263 conformetis
1469 2206 1500 2261 ct
1520 2198 1559 2260 ud
1582 2199 1657 2261 tolet
1677 2207 1779 2261 mutue

422 2285 591 2349 efficiendos
613 2288 822 2367 attemperttie.

464 2461 576 2523 nroru
600 2460 762 2540 concur,
788 2428 1028 2524 oocrurnnn·
1043 2460 1277 2527 uunomcen
1300 2459 1426 2535 emur,
1448 2456 1523 2523 eoo
1548 2459 1747 2524 eure1oee

919 2564 1137 2629 coenosus
1159 2565 1277 2629 erere.
