4459 6275
579 1920 996 2075 utilonis
1051 1919 1628 2073 retinueritis
1716 1958 1721 1969 ’

729 2348 731 2355 Ι
795 2112 1420 2266 cornioletum

942 2383 1064 2447 orsae
1086 2380 1273 2462 comune.

706 2585 955 2659 'theoricae
992 2583 1237 2658 Doctrinae
1270 2583 1512 2657 secundus.

470 2798 527 2871 llll
555 2795 752 2899 mucuns
782 2793 1076 2880 nocturnium,
1105 2793 1186 2865 SEU
1213 2792 1415 2865 insontis
1443 2792 1748 2867 Ptsnstnttbs.

520 3121 556 3183 Si
576 3123 676 3186 nuHos
696 3126 804 3185 statuis
826 3125 862 3184 iss
884 3123 963 3186 coelo
984 3121 1094 3184 solidos
1114 3121 1213 3194 orbes,
1244 3129 1273 3180 et
1293 3123 1320 3180 si
1340 3139 1445 3183 omues
1462 3122 1670 3199 plasmemus
1691 3128 1783 3184 orout

432 3209 693 3272 odmbtiurontssr
714 3212 915 3290 facultatibus
937 3209 1150 3278 aerummis,
1172 3226 1252 3284 orsae
1272 3216 1346 3268 sunt
1366 3211 1440 3285 ipsis
1457 3211 1664 3285 plomtosusm
1685 3227 1783 3285 sospo-

323 3347 328 3366 ,
432 3297 518 3356 ribus
545 3300 673 3358 insitos:
701 3318 817 3375 quaero
845 3301 954 3375 iyitur,
986 3315 1065 3374 quae
1094 3297 1208 3373 futura
1237 3297 1277 3354 sit
1304 3300 1512 3357 astronomiae
1538 3298 1647 3359 ratio?
1674 3297 1786 3358 omen

433 3387 515 3443 enim
543 3385 598 3444 illo
629 3387 815 3446 oraclorum
846 3394 875 3445 st
903 3386 1026 3445 orbium
1048 3386 1271 3459 imoqiootione
1293 3401 1397 3443 carere
1418 3403 1484 3445 nors
1504 3403 1597 3461 posse.
1644 3385 1785 3446 Pictorum

434 3470 486 3532 illa
514 3471 687 3532 circulorum
717 3483 746 3533 ot
777 3474 890 3533 orbium
913 3472 1009 3532 inutili
1033 3469 1208 3548 supellectili
1232 3488 1329 3531 carere
1352 3470 1439 3532 facile
1461 3480 1572 3550 potest,
1603 3481 1637 3532 at
1661 3489 1786 3534 verarum

434 3557 607 3637 figurarum,
636 3563 664 3618 in
688 3578 762 3637 ques
786 3560 956 3620 ordinantur
978 3562 1083 3619 itinera
1105 3558 1306 3634 planetarum,
1329 3560 1540 3635 imaginatione
1563 3568 1679 3620 tantum
1700 3560 1787 3630 abest,

436 3657 467 3707 ut
494 3649 643 3725 privemus
674 3650 896 3719 astronomiam,
928 3656 960 3708 ut
989 3648 1049 3706 veri
1078 3648 1239 3709 astronomi
1266 3648 1458 3723 praecipuum
1488 3663 1563 3723 opus
1587 3655 1618 3708 et
1640 3647 1726 3708 labor
1745 3648 1788 3716 sit,

435 3733 633 3795 demonstrare
664 3752 698 3795 err
729 3735 1004 3810 observationibus,
1036 3751 1110 3810 quas
1139 3723 1248 3810 ligures
1280 3734 1433 3794 obtineant
1462 3734 1574 3794 orbitae
1603 3733 1788 3811 planetariss,

435 3822 567 3898 talesqrm
598 3823 777 3883 comminisci
801 3822 980 3901 hypotheses
1009 3840 1061 3882 seu
1089 3822 1233 3898 principia
1261 3820 1400 3898 physica,
1432 3830 1466 3881 ut
1488 3823 1582 3881 exiis
1605 3821 1719 3899 tigurss
1739 3819 1789 3881 tls·

435 3909 591 3971 monstrari
612 3911 735 3987 possint,
759 3913 974 3970 consentientes
998 3927 1062 3969 cum
1085 3907 1219 3969 deductis
1234 3925 1270 3967 ex
1286 3909 1550 3969 obseruationibus.
1590 3908 1691 3971 Semel
1707 3911 1790 3984 igitar

440 3996 571 4058 stabilita
593 3995 688 4073 figura
711 3999 823 4058 orbitae
845 3997 1044 4075 planetarios,
1068 3998 1097 4053 in
1120 4001 1269 4072 posterum
1293 3995 1422 4055 secunda
1440 3996 1503 4072 jum
1527 4005 1556 4056 et
1579 3999 1677 4073 magis
1698 4011 1790 4074 pops·

436 4085 506 4146 laris
537 4084 591 4144 erit
618 4087 779 4145 astronomi
809 4086 996 4157 exercitatio,
1025 4084 1170 4144 calculum
1200 4084 1427 4143 astronomicum
1459 4101 1511 4160 per
1537 4083 1615 4145 banc
1636 4087 1790 4161 genuus!

436 4173 560 4250 ligurem
584 4171 739 4232 informare
761 4180 791 4233 et
811 4190 920 4249 regere,
945 4170 994 4231 vel
1017 4174 1105 4232 enam
1129 4171 1181 4230 illa
1202 4170 1296 4247 figura
1319 4172 1347 4229 in
1371 4169 1572 4231 materialibus
1595 4172 1790 4233 instrumentb

437 4276 575 4338 expressa
595 4276 654 4318 non
677 4277 762 4320 secus
784 4277 872 4336 quam
894 4258 998 4320 solidis
1019 4262 1205 4335 antiquorum
1228 4259 1349 4319 orbibus
1364 4261 1406 4318 uti
1433 4257 1679 4336 planetarumque
1695 4273 1791 4321 cumas

438 4365 489 4424 per
511 4348 565 4407 bas
587 4346 696 4423 ligurus
720 4345 812 4407 oculis
835 4347 988 4424 subjicere.

527 4434 629 4512 Ουαηι
658 4437 754 4511 ipisus·
776 4434 872 4494 modu
894 4437 1057 4495 maurium
1080 4433 1151 4493 libri
1173 4436 1288 4509 quinti,
1319 4449 1372 4492 seu
1395 4434 1543 4494 tlreoricee
1565 4434 1727 4495 ὼοῡήηαι
1746 4449 1790 4492 ss·

438 4517 547 4594 mendi,
578 4529 605 4581 et
633 4540 695 4598 qno
725 4521 899 4582 discrimine
929 4524 1016 4581 illem
1042 4538 1167 4597 separes
1198 4540 1219 4580 a
1238 4519 1447 4596 praecedentis
1469 4526 1575 4597 quarti
1596 4531 1625 4582 et
1647 4523 1791 4599 mass·

438 4608 513 4666 sexti
534 4609 694 4668 materiis?
715 4609 866 4669 Hactenus
888 4610 963 4669 libro
988 4617 1091 4686 quarto
1115 4610 1259 4686 principia
1280 4607 1405 4685 physica
1425 4618 1558 4669 motuum
1582 4613 1672 4687 (inter
1688 4609 1790 4670 cetsrsl

439 4701 508 4752 sunt
531 4691 728 4756 demonstrata
749 4696 912 4756 rationibus
935 4706 965 4757 et
987 4696 1206 4772 experimentis,
1238 4698 1357 4771 quintus
1380 4714 1416 4754 ex
1439 4696 1521 4756 hisco
1543 4698 1698 4774 principiis
1719 4695 1791 4774 plty·

439 4782 508 4839 sicis
538 4779 675 4839 formabit
704 4783 811 4860 figuras
835 4786 995 4844 orbitarum
1018 4784 1245 4860 planetariarnm
1269 4798 1428 4857 earumque
1452 4784 1610 4859 figurarum
1633 4793 1792 4861 potestates

440 4865 616 4944 explicabit3
639 4868 688 4926 ubi
712 4880 796 4928 enrnt
818 4870 985 4931 excutiendi
1009 4870 1233 4931 reconditissimi
1254 4871 1432 4945 geometriae
1455 4888 1555 4947 penus.
1595 4870 1705 4931 Sextus
1728 4885 1791 4928 sero

441 4972 526 5013 usum
553 4954 655 5014 barum
685 4954 841 5031 figurarum
866 4962 895 5016 in
919 4959 1040 5017 theoriis
1062 4957 1243 5033 singulorum
1267 4955 1452 5032 planetarum
1476 4957 1594 5018 docebit
1617 4969 1647 5017 et
1670 4961 1700 5017 in
1722 4971 1791 5033 opas

441 5040 591 5115 producet.
637 5039 765 5116 Quartus
796 5046 883 5120 igitur
905 5046 1049 5105 theoriam
1077 5044 1182 5116 hebet,
1214 5045 1333 5120 quintus
1358 5061 1519 5120 organum,
1550 5053 1654 5105 sextus
1676 5046 1789 5123 praxim

442 5138 562 5230 quartus
591 5129 731 5208 physicus
761 5144 835 5208 erat,
871 5135 991 5208 quintus
1021 5143 1064 5194 cst
1093 5134 1304 5211 geometricus,
1341 5141 1441 5193 sextus
1472 5135 1525 5193 erit
1555 5135 1673 5210 proprie
1701 5139 1788 5192 sobo·

443 5227 582 5276 uomrcus.
