4459 6275
855 791 898 849 Dc
914 789 1025 862 Kepleri
1042 790 1223 848 mucronis.
1660 795 1720 856 111

370 965 476 1029 dubito
507 972 578 1048 quin
607 967 711 1031 exinde
735 968 980 1046 jucundissimum
1010 968 1124 1031 solidas
1152 969 1357 1049 philosophiae
1381 967 1549 1031 thesaurum
1577 969 1721 1046 captaturi

370 1058 450 1130 sint,
480 1073 539 1118 non
562 1059 645 1119 illum
668 1055 784 1136 quidem
802 1059 892 1131 ,vanis
914 1057 1129 1119 subtilitatibus
1157 1064 1187 1118 ct
1213 1066 1246 1118 ut
1275 1061 1319 1118 ita
1340 1056 1435 1117 dicam
1465 1056 1588 1117 literatis
1612 1054 1721 1115 delirils

370 1142 518 1219 suenum,
540 1155 574 1206 ut
595 1144 674 1224 apud
696 1145 832 1222 vulgares
853 1142 1059 1223 philosophos,
1086 1143 1140 1206 sed
1163 1144 1346 1206 divinissima
1368 1163 1456 1206 verae
1478 1145 1641 1221 sapientise
1665 1161 1722 1202 ra-

369 1232 477 1292 rietate
499 1232 664 1302 torentem,
695 1243 793 1292 nectar
816 1239 846 1292 ct
868 1232 1044 1292 ambrosiam
1070 1235 1246 1293 suavissima
1277 1234 1445 1310 spirantem.
1490 1232 1595 1292 Discea
1617 1228 1722 1291 exinde

372 1316 575 1381 admirabilem
597 1329 727 1382 motuum
751 1322 978 1397 magneticorum
1000 1327 1135 1380 naturam
1162 1328 1192 1380 et
1214 1319 1362 1399 quomodo
1385 1322 1406 1378 ii
1439 1322 1469 1378 iu
1491 1319 1620 1380 motibus
1642 1316 1722 1377 eide·

369 1421 436 1465 rum
458 1410 639 1484 apertissime
661 1409 830 1468 sentiantur.
875 1407 980 1467 Disces
1003 1405 1125 1483 exinde,
1149 1409 1256 1483 quibua
1278 1407 1394 1485 legibus
1416 1405 1482 1481 Sol,
1505 1404 1555 1467 ille
1578 1413 1723 1466 astrorum

370 1501 465 1570 pater,
487 1494 623 1573 planetas
646 1491 785 1573 tanquam
800 1496 972 1555 'carusimoe
993 1494 1101 1555 liberos
1125 1497 1154 1553 in
1178 1497 1244 1554 sinu
1267 1513 1320 1555 suo
1348 1497 1572 1571 circumgestiat.
1617 1493 1722 1552 Dirces

373 1578 521 1642 &catoris
550 1584 595 1643 tui
622 1581 823 1644 inexhaustam
850 1583 1026 1660 sapientiam
1054 1580 1235 1643 doctioribus
1263 1581 1353 1644 labris
1376 1581 1532 1661 degustare
1563 1588 1593 1642 ct
1622 1597 1723 1643 eorum

371 1683 466 1745 nugas
489 1667 638 1749 despicere
660 1678 690 1730 et
711 1672 847 1744 misereri,
871 1671 921 1745 qui
943 1671 974 1728 in
997 1670 1113 1729 circulis
1136 1679 1167 1730 et
1188 1669 1273 1730 lineis
1297 1677 1516 1730 consenescunt.

459 1756 578 1835 Disput
595 1757 664 1818 Vll.
689 1759 748 1834 „in
760 1776 820 1835 qua
841 1756 1033 1835 respondetur
1047 1756 1166 1816 Martini
1182 1757 1331 1819 Hortensii
1348 1756 1462 1818 cavillis
1488 1767 1589 1817 contra
1602 1754 1723 1835 Tycha·
1832 1733 1838 1748 ⁸

372 1859 460 1926 nem,
485 1847 532 1920 (in
552 1845 733 1924 praelatione
756 1844 794 1906 ad
817 1844 979 1905 Commeat
1002 1841 1190 1926 Lausbergii)
1214 1847 1257 1905 sic
1280 1845 1428 1922 praefatur
1442 1843 1637 1904 Horroccios:
1661 1842 1721 1903 us·

372 1928 458 1989 licius
482 1942 561 1994 esset
575 1934 761 2008 astronomia,
778 1935 803 1992 ai
819 1940 932 1992 tantum
947 1940 1053 2007 essem,
1077 1935 1127 2008 qul
1144 1949 1210 2012 cam
1225 1933 1415 2010 negligerent,
1439 1949 1493 1993 nec
1508 1933 1590 2009 ipsos
1606 1924 1722 1990 interim

371 2015 509 2092 haberet,
540 2019 620 2098 qnod
650 2021 687 2081 ab
717 2037 781 2081 eam
810 2019 974 2081 colentibus
1001 2028 1158 2096 pateretur.
1204 2018 1262 2081 Sed
1291 2037 1326 2080 sa
1354 2037 1468 2096 semper
1496 2019 1551 2079 luit
1580 2019 1723 2079 bonarum

372 2106 478 2165 artium
500 2107 626 2182 miseria,
649 2115 682 2168 ut
702 2123 761 2167 nou
783 2106 878 2167 solum
900 2106 1025 2168 rudioris
1039 2109 1223 2184 ignorantias
1246 2106 1370 2184 pedibus
1387 2105 1574 2184 proculcatae
1593 2105 1723 2182 jaceant,

371 2191 423 2251 sed
447 2200 478 2253 et
499 2196 537 2256 ab
560 2195 650 2256 illotis
671 2196 867 2273 imperitorum
889 2197 1024 2255 manibus
1050 2194 1222 2271 profanatae
1254 2195 1412 2255 miserrimc
1434 2195 1615 2272 ungentibus
1638 2191 1724 2254 dira·

371 2287 484 2340 rentur.
529 2282 658 2344 'lantum
686 2281 897 2342 immortalitati
924 2281 1122 2360 qualicunque
1150 2281 1264 2342 inhiant
1293 2281 1476 2360 Heroetrati,
1517 2289 1550 2342 ut
1582 2299 1647 2343 sam
1675 2278 1724 2340 val

372 2366 476 2446 templi
498 2369 638 2449 Ephesiui
660 2369 794 2432 incendio
817 2372 918 2430 merari
940 2369 1041 2431 velint.

459 2457 519 2517 Diu
542 2459 605 2533 luit,
628 2457 708 2534 quod
721 2456 862 2518 sideralis
883 2458 1016 2536 scientia,
1038 2457 1165 2516 ruinosis
1181 2462 1310 2516 veterum
1325 2463 1557 2518 astronomorum
1579 2455 1724 2516 columnis

372 2539 485 2604 dudum
505 2544 720 2618 vacillantibus,
743 2545 892 2606 Atlantem
914 2545 1042 2622 aliquem
1065 2542 1252 2618 desiderarit,
1276 2544 1359 2620 cujus
1380 2544 1513 2605 tortiores
1528 2543 1641 2604 humeri
1660 2545 1744 2620 iam·

373 2628 452 2690 nacla
473 2650 531 2694 sua
553 2640 732 2693 corruentem
753 2633 938 2693 smtlnerent.
981 2632 1071 2692 Ferit
1100 2628 1219 2690 taudem
1245 2627 1324 2691 illius
1346 2634 1424 2693 votis
1447 2632 1530 2692 Deus
1552 2629 1632 2691 ΟΜ.
1656 2639 1724 2691 tau·

375 2716 502 2796 demque
523 2722 638 2799 peperit
658 2717 768 2781 Urania
787 2718 966 2798 Tychoncm,
991 2721 1100 2792 rhum,
1132 2718 1216 2793 cujus
1238 2716 1479 2795 diligentissimae
1504 2719 1725 2779 observationes

373 2814 403 2866 et
425 2805 529 2868 divina
550 2807 637 2887 pisus
659 2809 778 2868 inventa
803 2806 890 2885 longe
912 2808 979 2885 plus
1006 2807 1203 2867 astronomiae
1226 2805 1426 2882 contuleruut,
1460 2824 1550 2884 quarn
1579 2805 1627 2867 vel
1650 2805 1724 2866 vidit

373 2897 454 2971 prior
475 2903 558 2956 actae
578 2903 632 2956 aut
652 2897 782 2973 sperabit
801 2895 907 2955 lutura.
951 2893 1007 2954 Ille
1030 2896 1106 2954 enim
1137 2909 1196 2952 non
1218 2891 1314 2954 solum
1339 2892 1491 2955 stellarum
1512 2893 1635 2954 fixarum
1657 2892 1723 2954 locs

374 2982 434 3043 iere
457 2984 556 3044 omnia
577 2982 676 3045 labore
697 2984 814 3060 penitus
835 2980 981 3042 Herculeo
1004 2981 1189 3042 exactissime
1210 2983 1345 3054 restituit,
1368 3000 1428 3058 quo
1450 2984 1512 3042 eiua
1534 2980 1724 3042 fundamento

375 3069 481 3131 irustra
503 3069 632 3133 instabili
654 3077 784 3131 vetemm
806 3086 896 3132 arena
917 3067 1134 3145 deluderemur,
1158 3067 1209 3129 sed
1232 3076 1261 3129 et
1283 3070 1313 3127 in
1335 3067 1405 3130 Sole
1427 3077 1457 3129 ct
1478 3070 1563 3130 Luna
1584 3068 1722 3146 reliquis·

376 3176 433 3236 que
454 3159 581 3238 planatis
602 3166 662 3219 tam
684 3159 828 3220 continuis
851 3158 1119 3233 observationibus,
1142 3174 1232 3234 quam
1253 3156 1400 3220 indefesso
1422 3156 1520 3219 studio
1544 3175 1632 3235 quam
1654 3157 1723 3234 plu·

375 3249 451 3307 rima
471 3255 594 3308 naturae
615 3249 754 3324 mysteria
774 3248 804 3305 iu
825 3244 920 3307 lucem
942 3246 1053 3322 primus
1074 3246 1226 3324 protraxit

463 3334 613 3396 Successit
640 3333 709 3395 huic
738 3333 951 3393 divinissimum
978 3332 1099 3411 chleri
1128 3334 1290 3409 ingenium,
1321 3332 1377 3390 riri
1405 3332 1443 3392 ad
1474 3330 1575 3393 abdita
1605 3337 1725 3392 naturae

379 3420 563 3483 enucleanda
583 3423 654 3493 nati,
678 3422 727 3498 qui
750 3419 948 3499 ea'l'ychouis
972 3420 1227 3483 observationibus
1249 3422 1456 3481 astronomiam
1471 3437 1579 3480 novam
1602 3417 1726 3480 condere

380 3527 538 3587 aggresm
560 3517 606 3571 est
628 3526 764 3586 eamque,
795 3508 952 3586 praeclaris
973 3507 1165 3585 pluribusque
1194 3507 1261 3567 aliis
1282 3509 1398 3585 scriptis
1424 3510 1505 3586 prius
1532 3506 1725 3586 praeclusam,

379 3596 506 3659 ialiciter
526 3596 645 3658 taudem
667 3596 795 3658 absolvit
816 3594 901 3656 editis
916 3594 1038 3656 Tabulis
1053 3593 1256 3672 Rudolphinis,
1279 3595 1386 3671 quihus
1407 3612 1557 3677 nunquam
1576 3593 1729 3672 parasset

378 3684 476 3746 adhuc
497 3684 581 3745 sidit.
614 3685 653 3744 Et
666 3683 783 3763 quidem
798 3685 828 3741 in
843 3683 977 3743 omnibus
993 3682 1068 3744 adeo
1084 3681 1196 3743 erudite
1211 3684 1409 3744 astronomica
1423 3686 1569 3756 tractavit,
1593 3690 1625 3742 ut
1647 3700 1725 3743 aena·

377 3789 429 3848 per
450 3772 524 3833 mihi
545 3789 719 3850 persuasum
741 3772 835 3847 luerit,
858 3789 929 3833 cum
951 3774 1057 3833 omnio
1077 3770 1203 3847 babere,
1227 3772 1280 3847 qui
1302 3770 1391 3831 babet
1413 3769 1590 3848 Kepicrum.
