4459 6275
434 782 498 845 tat
936 778 1078 847 Epitomes
1095 777 1286 833 astronomiae

432 974 528 1036 usque
556 955 594 1018 ud
616 958 775 1017 sectionem
797 955 1022 1032 aequinoctialis
1047 963 1076 1016 et
1100 958 1165 1017 vise
1188 958 1304 1033 regiae,
1336 956 1425 1034 idque
1447 959 1477 1017 in
1500 956 1710 1019 antecedentis
1728 959 1781 1035 siq-

432 1063 544 1107 norum.
591 1047 653 1105 Etsi
675 1044 714 1104 ad
737 1052 869 1122 tempora
891 1044 957 1118 illa,
987 1047 1168 1123 cumprime
1193 1045 1298 1104 Arietis
1321 1049 1482 1106 sectionem
1504 1048 1682 1119 antecessit,
1712 1062 1782 1105 com·

432 1132 533 1212 peudii
554 1150 644 1192 causa
666 1134 755 1191 ctiam
777 1133 806 1189 in
829 1133 1040 1207 consequentia
1062 1134 1206 1192 numerari
1230 1139 1335 1211 potest.

525 1220 607 1298 Quid
621 1219 844 1279 obseruandum
867 1223 948 1279 eirca
962 1219 1018 1279 boc
1037 1220 1174 1296 morum
1188 1219 1404 1297 principium?
1425 1220 1531 1299 'l'ycbo
1547 1221 1650 1281 Brabe
1663 1230 1787 1280 numerat

351 1360 353 1365 .
434 1328 454 1368 a
475 1307 575 1367 lucida
596 1307 719 1381 Arietis,
743 1323 819 1383 quae
841 1323 900 1365 uon
923 1315 968 1366 eet
989 1308 1097 1383 primo3
1132 1305 1311 1384 Copemicus
1334 1325 1352 1366 a
1375 1315 1501 1384 puncto,
1533 1308 1616 1385 quod
1643 1304 1721 1368 115⁰
1742 1308 1786 1366 ὅθ’

434 1395 522 1455 distat
546 1393 673 1455 acarde
698 1402 731 1470 εξ,
756 1394 914 1453 ueletiam
938 1393 1015 1470 quoe
1043 1390 1117 1453 170⁰
1141 1396 1172 1453 0¹
1194 1413 1212 1454 a
1235 1397 1318 1472 spica
1340 1393 1470 1471 Virginis
1493 1404 1572 1456 retro
1595 1394 1704 1469 distet,
1726 1397 1787 1471 quis

434 1485 560 1561 putavit,
584 1485 707 1560 primam
723 1480 831 1540 hrictis
855 1499 922 1543 vere
945 1489 1057 1541 tantum
1081 1481 1189 1551 distare
1208 1482 1306 1541 ulixis
1331 1488 1416 1542 retro.
1442 1482 1518 1544 Vide
1535 1482 1680 1562 Progym.
1703 1481 1787 1561 'l'ych

436 1571 520 1631 Tum.
543 1569 567 1628 l.
591 1570 642 1629 iul.
667 1572 718 1629 42.
776 1598 781 1609 ·

527 1656 611 1736 Quid
632 1665 674 1716 est
696 1655 855 1717 anomalia
878 1655 1064 1737 obliquitatis
1073 1657 1244 1734 eclipticas,
1269 1659 1317 1717 uel
1338 1661 1430 1717 etiam
1447 1660 1670 1734 praecessionis
1692 1658 1791 1735 aequi

435 1745 629 1807 mausum?
662 1745 716 1803 Est
746 1760 831 1804 arcus
854 1741 980 1817 circelli,
1014 1762 1100 1820 quem
1131 1745 1217 1822 polus
1240 1744 1348 1805 Terrae
1376 1744 1424 1805 rel
1453 1743 1555 1804 mundi
1586 1747 1669 1807 cirea
1697 1742 1789 1822 polum

436 1835 548 1910 regium
571 1831 717 1906 describit,
740 1849 758 1890 a
781 1829 888 1891 circulo
903 1847 956 1907 per
976 1832 1070 1908 polos,
1092 1834 1205 1910 regium
1228 1839 1257 1893 st
1271 1832 1460 1904 mundanum,
1483 1850 1579 1910 usque
1594 1832 1635 1893 ad
1660 1830 1791 1893 abculm

434 1920 600 1981 latitudiuis
620 1938 674 1998 pur
695 1919 780 1996 polus
803 1918 955 1994 eclipticas
978 1927 1007 1979 et
1029 1922 1137 1996 regies,
1162 1928 1331 2005 numeratus
1355 1923 1384 1979 in
1406 1920 1624 1981 antecedentis.

523 2020 561 2076 lli
578 2020 602 2074 si
619 2019 643 2073 F
661 2018 740 2089 polus
759 2019 860 2081 muudi,
879 2018 904 2072 A
922 2017 1022 2088 regius,
1049 2020 1071 2074 P
1091 2020 1231 2089 eclipticas
1249 2018 1438 2091 temporariae,
1458 2018 1510 2075 erit
1527 2018 1600 2074 FAP
1618 2018 1737 2089 angulus
1753 2018 1792 2074 rel

438 2099 487 2156 NP
505 2113 584 2154 arcus
602 2097 737 2154 anomalia
755 2097 924 2166 obliquitatis
942 2099 985 2153 vel
1004 2100 1084 2154 stiam
1104 2100 1310 2169 praecessionis.

529 2190 616 2269 Quae
643 2193 801 2268 proportio
832 2198 874 2249 est
894 2191 988 2265 hujus
1017 2200 1117 2252 motus
1137 2192 1202 2268 poli
1224 2193 1375 2268 eclipticas
1396 2193 1440 2251 nd
1460 2198 1578 2253 cnutum
1599 2190 1791 2270 polimartii

438 2296 492 2339 seu
512 2282 775 2354 aequinoctiorum
795 2279 1031 2356 praeoessiouis?
1060 2278 1183 2339 Videtur
1206 2279 1255 2340 ills
1284 2297 1348 2339 esse
1370 2280 1408 2340 ad
1441 2279 1519 2339 huuc
1542 2288 1577 2339 ut
1599 2282 1620 2337 4
1645 2276 1686 2339 ad
1710 2282 1729 2339 3
1751 2288 1792 2338 ssi

441 2367 581 2443 praecise.

531 2453 623 2531 Quid·
642 2462 684 2513 est
705 2454 866 2532 obliquitas
888 2456 1039 2530 eclipticas
1060 2453 1175 2527 media,
1206 2456 1282 2531 quid
1306 2473 1395 2528 vera,
1427 2462 1455 2514 et
1483 2453 1560 2531 quid
1577 2452 1793 2531 prmthaphae·

441 2544 514 2600 resis
535 2541 744 2617 obliquitatis?
775 2541 875 2602 Media
898 2549 944 2602 est
965 2558 1049 2601 arcus
1072 2540 1172 2600 cir'culi
1194 2542 1294 2619 magni
1316 2543 1390 2601 iuter
1412 2541 1507 2619 polos,
1530 2543 1647 2618 regium
1670 2549 1700 2601 et
1715 2557 1793 2598 muu-

443 2628 567 2702 dsnum,
601 2634 634 2687 ut
658 2628 723 2700 hc,
757 2628 825 2702 ΑΕ,
861 2629 913 2688 Ali
944 2636 999 2691 etc.
1058 2627 1139 2688 Vera
1168 2637 1212 2688 est
1243 2645 1327 2690 arcem
1356 2630 1448 2689 coluri
1481 2629 1696 2701 solstitiorum,
1728 2628 1794 2687 luter

442 2716 527 2794 polos
550 2713 702 2793 eclipticas
723 2723 752 2776 st
773 2717 891 2792 muudi,
922 2724 955 2776 ut
978 2714 1043 2791 cQ,
1075 2712 1142 2788 EO,
1173 2714 1232 2776 rP.
1277 2715 1553 2794 Prostbapbaerssis
1581 2723 1628 2775 est
1650 2716 1795 2792 utriusqus

444 2804 614 2864 differentia.

533 2890 617 2969 Quid
644 2908 681 2950 es
709 2891 766 2950 hac
797 2894 968 2952 somatum
998 2892 1184 2968 obliquitatis
1210 2894 1348 2967 sequitur
1376 2894 1410 2949 iu
1430 2892 1671 2968 praecessionem
1693 2890 1794 2967 aequi·

443 2978 640 3041 noctiorum?
670 2977 812 3038 Redditur
841 2979 893 3039 illa
920 2980 1098 3055 inaequalis,
1131 2978 1184 3039 sed
1212 2976 1378 3038 tardissima
1409 2975 1634 3055 inaequalitate,
1666 2994 1794 3055 quaeque

446 3085 511 3128 cum
534 3068 627 3145 ipsios
649 3067 738 3125 etlam
761 3066 942 3143 obliquitatis
966 3066 1114 3127 anomalia
1136 3067 1306 3126 restituitur.
1352 3066 1456 3145 ltaque
1486 3067 1576 3125 etism
1604 3071 1706 3125 motus
1726 3063 1794 3125 tu·

444 3174 522 3229 runs,
552 3156 608 3215 etsi
630 3172 682 3233 per
704 3172 736 3214 se
759 3154 924 3232 aequabilis
947 3173 965 3215 a
988 3154 1085 3215 medio
1107 3156 1293 3232 aequinoctio
1316 3153 1414 3229 luerit,
1446 3171 1498 3233 per
1527 3152 1667 3214 accidens
1688 3171 1709 3213 a
1734 3169 1796 3214 rese

445 3243 556 3303 scilicet
579 3243 764 3318 aequinoctio
788 3245 952 3302 invenietur
974 3241 1107 3302 nonnihil
1129 3240 1301 3318 inaequalis.

536 3330 619 3407 Quid
639 3337 681 3388 est
702 3333 736 3387 iu
766 3331 823 3389 hac
844 3331 996 3407 hypothesi
1023 3330 1298 3408 prostbapbneresis
1320 3328 1605 3406 aequinoctiorum?
1639 3327 1694 3388 Est
1720 3345 1797 3387 arcus

447 3417 495 3476 vel
518 3419 615 3492 regiae
637 3420 704 3477 viae
728 3418 775 3477 vel
799 3417 960 3495 eclipticas,
985 3422 1162 3496 interceptus
1184 3420 1257 3476 iuter
1273 3416 1347 3476 duos
1371 3417 1492 3477 circulos
1508 3432 1644 3494 maguus,
1669 3433 1721 3492 per
1736 3415 1797 3474 ills·

448 3523 511 3564 rum
534 3505 618 3581 polos
642 3513 671 3563 et
694 3507 838 3564 sectiones
862 3524 926 3564 cum
950 3506 1157 3584 aequinoctiali
1182 3505 1339 3565 traductos.

538 3591 619 3670 Quid
641 3611 714 3651 vera
735 3595 925 3669 praecessio?
954 3596 1005 3652 Est
1028 3611 1111 3653 arcus
1136 3593 1305 3670 eclipticas,
1336 3597 1504 3651 numeratus
1527 3609 1545 3649 a
1569 3590 1680 3649 circulo
1704 3590 1799 3649 latitu-

449 3679 524 3738 dinis
556 3698 607 3756 per
638 3682 760 3757 primam
785 3681 891 3740 hrietis
921 3684 950 3739 iu
972 3682 1176 3741 antecedentia
1200 3698 1294 3757 usque
1326 3679 1363 3738 ad
1387 3678 1517 3739 colurum
1541 3681 1799 3755 aequinoctiorum.

450 3767 505 3827 Vel
528 3770 615 3827 etiam
638 3770 666 3825 in
691 3771 899 3845 consequentia
921 3772 1064 3829 uermerari
1089 3776 1195 3845 potest,
1219 3777 1251 3827 ut
1274 3767 1370 3827 media
1393 3769 1567 3844 praecessio.

536 3870 648 3940 Quanta
668 3878 706 3925 cst
724 3874 845 3925 musima
863 3871 929 3923 baec
942 3869 1201 3939 prosthopltacresis
1219 3875 1243 3923 et
1256 3870 1391 3938 qscortroelu
1405 3869 1608 3938 computanda?
1629 3867 1660 3920 lu
1671 3865 1802 3919 schemate

451 3950 486 4005 sit
503 3949 549 4004 Ac
568 3948 617 4002 ‘24⁰
637 3951 677 4002 ll‘
695 3949 755 4015 ⁴itl',
775 3950 823 4017 hQ
849 3953 876 4003 1υ
893 3950 934 4003 li*
954 3951 1015 4014 40¹¹,
1041 3949 1092 4002 erit
1115 3965 1179 4016 ergo
1204 3949 1274 4015 Qct
1295 3949 1325 4002 4⁰
1342 3949 1383 4002 2³2·
1409 3957 1436 3999 et
1459 3946 1609 4000 continuati
1626 3947 1687 4012 QG,
1712 3942 1802 3997 scu

450 4027 602 4095 eclipticam
618 4028 790 4096 intercipiunt
807 4028 1037 4096 paulo-minorem
1057 4045 1158 4095 arctim,
1178 4027 1282 4082 scilieet
1301 4028 1331 4081 3⁰
1349 4028 1392 4082 es‘
1410 4027 1469 4080 lb‘¹¹
1507 4026 1596 4080 Tanta
1622 4033 1666 4079 est
1690 4024 1800 4076 omnium

451 4105 567 4160 maxima
584 4106 847 4175 prosthapbaeresis,
867 4107 915 4161 sed
934 4122 1004 4175 quae
1023 4107 1049 4159 in
1067 4107 1142 4160 brevi
1162 4104 1315 4161 seculorum
1333 4122 1443 4161 numero
1462 4106 1572 4160 minima
1586 4105 1629 4159 eui
1648 4112 1728 4173 parte
1739 4116 1803 4158 cour·

453 4200 543 4262 paret,
563 4200 613 4238 nec
631 4184 711 4238 facile
731 4186 856 4239 sentitus.

767 4283 811 4340 ΑΟ
850 4281 879 4329 1⁰
897 4282 940 4330 47‘
959 4283 1009 4329 40¹⁴
1029 4279 1089 4338 lug.
1110 4279 1214 4327 348370

766 4350 809 4401 ΑΟ
830 4354 874 4401 at.
897 4353 938 4401 17.
958 4353 1001 4401 40.
1028 4349 1088 4407 cog.
1126 4351 1214 4399 88813

946 4422 1283 4487 usuamtn‘le'see‘s‘est
1301 4433 1332 4486 4⁰
1350 4436 1401 4486 es‘.

814 4509 855 4559 AC
875 4508 1092 4569 entilugarithutus
1147 4510 1214 4558 suti

996 4578 1233 4647 Summa-‘fffl-iil-
1242 4596 1286 4644 (lat
1304 4593 1334 4644 3⁰
1352 4593 1394 4645 58¹
1413 4593 1472 4644 45⁰·
1486 4588 1518 4648 03)

545 4709 678 4767 Nullane
707 4709 808 4771 maior
838 4711 878 4762 est
908 4704 1113 4777 inaequalitas
1140 4702 1359 4777 praecessionis
1385 4704 1571 4774 planetarum
1600 4701 1807 4772 usqueinoetia·

455 4798 556 4857 lium?
579 4796 621 4853 Ex
644 4794 802 4871 hypothesi
826 4789 944 4867 quidem
967 4788 1048 4849 nulla
1071 4798 1221 4864 praeterea
1245 4790 1376 4861 sequitur
1399 4795 1571 4860 punctorum
1595 4787 1736 4859 ipsorum,
1759 4800 1807 4843 eeu

457 4888 619 4946 sectionum
646 4880 926 4959 proetbaphaercsis.
975 4878 1013 4934 At
1043 4894 1098 4935 nec
1129 4894 1164 4934 ex
1195 4876 1450 4933 observationibus
1482 4873 1551 4930 certi
1576 4874 1736 4947 quiequam
1758 4871 1807 4930 ele·

457 4974 549 5050 promi
573 4978 687 5048 potest,
718 4972 773 5026 nisi
804 4966 850 5026 uel
882 4964 1087 5023 miraculosum
1120 4963 1168 5022 vel
1191 4964 1307 5039 penitus
1340 4958 1496 5034 irregulare
1527 4969 1556 5019 et
1580 4962 1662 5017 casui
1691 4960 1808 5037 physica

457 5062 561 5119 simile.
607 5058 681 5117 Nam
704 5073 722 5115 a
745 5056 849 5114 l'roelo
873 5053 909 5112 ad
932 5069 986 5111 nos
1009 5069 1102 5128 usque
1125 5069 1177 5127 per
1203 5055 1235 5108 il
1265 5050 1312 5108 rcl
1339 5053 1376 5107 12
1400 5047 1499 5106 eecsrla
1521 5055 1632 5122 puuetu
1653 5050 1808 5123 aequinoc-

458 5148 539 5207 tialia
566 5154 644 5206 certo
672 5150 876 5221 processerunt
906 5140 1053 5217 aequabili
1082 5158 1189 5215 passu,
1219 5140 1247 5195 iu
1277 5155 1365 5213 quam
1392 5135 1524 5211 regulam
1557 5136 1647 5192 etiam
1671 5135 1808 5212 quadrant

459 5234 620 5312 Hipparchi
643 5240 673 5293 et
694 5230 877 5292 'l'imocberis
900 5229 1059 5289 observata
1081 5229 1119 5287 ab
1146 5229 1184 5287 18
1205 5226 1322 5301 seculis,
1345 5226 1370 5284 si
1392 5240 1485 5283 unum
1500 5220 1706 5283 Ptolemaeum
1728 5222 1808 5281 (lissi-
