4459 6275
680 788 823 860 Epitomes
840 789 1031 845 Aemonomiae
1052 788 1136 844 Liber
1153 790 1265 846 Sextus.
1300 790 1369 846 Pars
1383 788 1495 861 Quinta.
1564 862 1568 868 ι
1669 853 1671 856 ,
1707 794 1769 854 481

506 971 589 1043 Quas
610 967 683 1026 dicis
705 985 878 1028 commanos
896 969 1097 1045 planetarum
1121 971 1317 1048 affectiones?
1360 969 1444 1045 Quae
1467 968 1602 1030 accidunt
1636 951 1690 1029 tel'
1707 987 1772 1028 om·
1881 995 1886 1001 ·

415 1057 505 1115 nibus
529 1062 561 1114 et·
580 1056 703 1130 singulis
722 1064 840 1132 propter
863 1072 967 1116 causas
991 1065 1087 1117 taruen
1112 1059 1252 1132 diversas,
1276 1057 1324 1118 vel
1347 1058 1474 1136 planetis
1493 1076 1545 1117 sen
1560 1058 1691 1130 seorsim,
1714 1074 1773 1116 non

416 1150 534 1222 propter
558 1152 684 1215 motum,
715 1142 767 1204 scd
792 1153 909 1220 propter
932 1146 1019 1203 situm
1044 1164 1144 1206 eorum
1168 1146 1206 1205 ad
1229 1145 1341 1218 Solem,
1378 1143 1423 1205 rel
1448 1145 1573 1222 denique
1597 1147 1773 1222 comparatis
1849 1213 1853 1221 q

416 1233 492 1290 lutet
514 1247 578 1289 sese
603 1231 678 1288 binis
702 1234 730 1289 et
754 1231 829 1288 binis
853 1232 1085 1309 quibuscunque.
1150 1270 1153 1274 ›

506 1317 593 1392 Quod
613 1335 725 1376 nomen
747 1319 792 1376 itis
814 1319 1023 1395 affectionibus
1051 1328 1093 1380 cst
1113 1320 1269 1396 positam?
1313 1313 1443 1388 Veniunt
1471 1326 1499 1377 et
1526 1321 1600 1379 istae
1631 1325 1661 1378 et
1683 1337 1773 1395 supe-

415 1407 475 1465 rias
498 1403 668 1464 traditarum
691 1407 783 1481 ipsius
804 1415 902 1464 motus
925 1407 1112 1467 affectionum
1134 1407 1293 1468 nonnullae
1315 1408 1370 1466 sub
1393 1408 1510 1466 nomine
1532 1408 1684 1481 passiones
1706 1406 1773 1483 pla-

415 1502 559 1563 netarum,
583 1510 642 1567 qua
664 1509 736 1551 voca
759 1492 850 1551 latina
872 1493 1002 1552 redditur
1023 1512 1139 1570 graeca,
1163 1501 1266 1572 antiq,
1288 1492 1378 1571 paulo
1395 1494 1499 1570 aptior.
1542 1493 1618 1551 Nam
1634 1501 1679 1552 est
1694 1492 1772 1552 fictio

416 1580 604 1656 asbologica,
629 1582 712 1655 quari
736 1581 871 1656 planetae
896 1584 949 1656 ipsi
974 1598 1042 1642 rere
1064 1583 1250 1642 allicerentur
1273 1583 1407 1640 omnibus
1430 1583 1481 1654 iis,
1512 1598 1589 1656 quae
1612 1582 1694 1640 risus
1717 1581 1774 1641 sibi

416 1668 454 1728 de
477 1668 535 1725 illis
557 1669 746 1742 imaginatur,
777 1667 855 1743 quod
878 1675 974 1728 tamen
1000 1668 1035 1729 de
1057 1669 1467 1747 paucissimis-accidentibus
1491 1685 1591 1727 veruur
1616 1676 1669 1727 est.

505 1758 590 1828 Quae
616 1763 688 1812 sunt
718 1756 788 1822 illa,
821 1773 900 1831 qaae
929 1762 1132 1816 communiter
1160 1757 1301 1818 omnibus
1332 1756 1488 1829 accidant,
1518 1764 1645 1830 propter
1666 1772 1774 1814 causas

416 1848 521 1902 tamen
543 1841 699 1901 diuersas?
742 1840 829 1916 Quod
853 1843 927 1901 tardi
951 1844 998 1903 vel
1022 1844 1156 1918 voloces,
1181 1846 1259 1904 aucti
1285 1844 1332 1904 vel
1355 1846 1457 1902 minuti
1480 1860 1600 1902 numero
1624 1843 1705 1901 liunt.

507 1929 636 2004 Quando
667 1929 775 1988 tardas
805 1930 918 1989 dicitas·
939 1932 1080 2007 planeta,
1111 1921 1247 2009 quarrdo'
1261 1932 1370 1991 aclas?
1414 1930 1574 1990 Sumuntur
1599 1931 1672 1990 haee
1696 1930 1775 1988 acci-

415 2014 517 2075 dentia
539 2016 698 2075 seeundum
722 2026 885 2092 respectum
907 2019 945 2077 ad
969 2029 1080 2079 motum
1103 2021 1246 2096 cujusque
1269 2019 1414 2092 medium,
1444 2027 1583 2094 tauquam
1607 2019 1644 2076 ab
1670 2019 1775 2092 aequi-

415 2106 515 2162 noctio
540 2104 765 2176 consideratum,
788 2106 852 2164 sire
874 2109 993 2183 propria
1016 2111 1121 2184 cuique
1144 2109 1183 2166 sit
1205 2125 1296 2168 causa
1317 2107 1463 2165 tarditatis
1488 2105 1534 2164 vel
1549 2104 1715 2164 velocitatis
1739 2123 1775 2164 ex

415 2193 586 2263 eceentrlco,
611 2193 674 2261 sive
697 2191 860 2251 adventitia
883 2211 918 2252 ex
942 2196 1011 2253 orbe
1034 2212 1152 2269 magno.
1198 2192 1256 2254 Ubi
1280 2193 1491 2270 retrogradatio
1515 2201 1544 2252 et
1558 2196 1700 2251 stationes
1723 2209 1775 2252 ae-

415 2288 570 2338 censentur
593 2282 681 2338 etiam
704 2281 759 2338 sub
783 2279 928 2353 accidens,
953 2282 1109 2341 tarditatis.
1156 2282 1219 2339 Etsi
1245 2282 1302 2341 liae
1324 2282 1494 2341 affectiones
1517 2279 1776 2357 retrogradationis

415 2376 446 2425 et
469 2369 628 2424 stationum
651 2368 739 2426 etiam
762 2370 882 2426 seorsim
905 2372 1021 2443 privato
1041 2370 1106 2445 jure
1139 2372 1213 2428 iuter
1235 2375 1319 2445 παθη
1341 2369 1389 2428 vel
1413 2371 1564 2446 passiones
1592 2367 1775 2444 planetarum

415 2454 591 2525 reseruntur,
621 2454 673 2513 sed
702 2471 767 2514 cum
791 2472 849 2513 nen
871 2457 931 2514 siut
953 2458 1082 2515 omnium
1105 2455 1290 2532 planetarum
1321 2465 1350 2515 et
1372 2459 1431 2515 sint
1453 2459 1539 2515 uarius
1567 2457 1646 2514 orbis
1670 2452 1773 2531 plane·
1869 2472 1876 2485 ·

415 2543 492 2614 tatii,
515 2544 614 2616 magni
638 2541 717 2615 dicti,
740 2543 874 2617 allectus,
905 2543 971 2603 ideo
994 2552 1135 2620 tanquam
1159 2543 1197 2603 ad
1221 2546 1316 2619 ipsam
1340 2543 1432 2603 veluti
1455 2546 1611 2603 essentiam
1642 2551 1774 2600 motuum

416 2633 621 2707 apparentium
645 2632 874 2704 compositorum
895 2633 1090 2708 pertinentes,
1112 2632 1174 2707 jam
1198 2646 1288 2708 supra
1309 2631 1388 2708 apud
1411 2630 1539 2690 theorias
1562 2646 1677 2704 eorum,
1701 2646 1776 2706 quos

415 2719 556 2789 attinent,
581 2724 649 2775 sunt
671 2719 842 2792 explicatae.
1798 2776 1800 2781 ,

507 2804 638 2878 Quando
659 2822 731 2865 vcro
753 2805 899 2864 dicantur
922 2807 1006 2864 aucti
1028 2823 1174 2877 numero,
1197 2805 1322 2881 quando
1344 2805 1514 2863 diminuti?
1557 2803 1630 2863 Cum
1654 2806 1683 2862 in
1705 2803 1775 2881 plu-

415 2892 497 2951 ribus
527 2890 575 2951 rel
597 2893 783 2968 paucioribus
812 2892 953 2968 gradibus
976 2892 1128 2969 eclipticas
1153 2892 1423 2969 deprehenduntur,
1453 2910 1541 2968 quam
1568 2892 1622 2950 lert
1645 2886 1775 2950 calculus

415 2986 514 3039 motus
530 2979 626 3052 medii,
650 2978 707 3038 hoc
726 2988 770 3039 est
785 2997 851 3038 cum
873 2980 920 3039 vel
945 2980 1223 3057 prostbapbaereses
1239 2982 1344 3040 ambae
1367 2982 1520 3040 eceentrici
1538 2986 1568 3038 et
1582 2980 1661 3038 orbis
1677 2981 1776 3054 magni

415 3063 477 3148 (rol
502 3069 530 3123 in
553 3066 637 3126 Luna
660 3066 775 3127 solutae
798 3077 827 3126 et
849 3077 1061 3127 menstruarum
1083 3071 1148 3127 sive
1171 3066 1301 3148 luminis)
1331 3067 1376 3127 vel
1405 3067 1510 3126 saltem
1534 3068 1628 3144 major
1651 3065 1776 3141 illarum,

416 3153 479 3214 illic
503 3155 665 3229 adjectoria
686 3156 781 3229 luerit,
804 3155 852 3215 hic
874 3158 1077 3230 subtractoris,
1101 3157 1131 3215 id
1155 3156 1233 3233 quod
1256 3160 1420 3232 promiscue
1436 3155 1527 3215 tardis
1550 3154 1598 3215 vel
1613 3155 1776 3229 velocibus,

416 3241 464 3303 vel
490 3245 578 3301 etiam
601 3246 780 3302 stationariis
803 3251 832 3303 et
854 3242 1030 3318 retrogradis
1053 3243 1186 3304 accidere
1209 3253 1316 3320 potest.

507 3332 667 3402 Quaenam
690 3332 832 3390 accidant
851 3333 984 3406 planctis
1005 3349 1057 3390 sca
1077 3339 1203 3407 propter
1225 3336 1317 3391 situm
1339 3350 1445 3390 carran
1475 3331 1517 3390 ad
1539 3330 1662 3390 Solem?
1703 3328 1776 3387 Pla-

418 3424 506 3476 netae
536 3426 606 3476 sunt
634 3436 651 3476 a
675 3418 744 3478 Sole
777 3420 805 3488 l)
829 3418 877 3477 vel
902 3419 1057 3478 orientales
1087 3418 1135 3478 vel
1165 3417 1375 3491 occidentales,
1411 3417 1444 3497 2)
1468 3427 1497 3477 at
1525 3435 1577 3495 pro
1607 3416 1775 3476 diversitate

424 3507 536 3563 situum
558 3504 661 3564 horum
684 3504 751 3565 aliis
775 3506 820 3565 vel
845 3505 911 3565 aliis
934 3506 1065 3565 vultibus
1089 3510 1321 3584 conspiciuntur,
1357 3504 1388 3576 3)
1411 3505 1536 3582 denique
1564 3514 1682 3583 propter
1703 3504 1777 3563 lraec

418 3595 518 3651 omnia
542 3592 673 3652 diversos
696 3603 777 3652 ortus
805 3610 985 3669 occasusque
1007 3598 1169 3653 sortiuntur
1197 3604 1226 3654 et
1249 3598 1277 3652 in
1301 3594 1534 3671 apparitionibus
1557 3593 1605 3652 rel
1627 3594 1707 3653 aucti
1729 3590 1778 3651 rel

416 3681 523 3739 miumi
546 3679 655 3740 lumine
679 3689 845 3755 censentur,
869 3698 927 3740 non
951 3699 1020 3741 vero
1043 3690 1235 3759 apparentes,
1261 3682 1405 3759 hypaugi,
1430 3682 1485 3742 sub
1508 3680 1632 3740 radiis‘

1086 3821 1110 3883 1.

508 3942 638 4018 Quando
659 3942 801 4017 planetas
818 3951 976 4002 censentur
995 3944 1156 4002 orientales
1170 3961 1228 4003 case
1243 3963 1263 4003 a
1280 3943 1348 4004 Sola
1362 3946 1409 4003 vel
1423 3941 1639 4002 occidentales?
1671 3939 1778 4000 Orien·

418 4030 495 4091 tales
519 4031 712 4107 appellantur,
736 4047 793 4088 non
817 4029 895 4105 quod
918 4030 1022 4098 aSole
1045 4029 1155 4090 distent
1177 4034 1205 4088 in
1222 4039 1315 4089 ortum
1340 4038 1368 4090 et
1388 4031 1597 4106 consequentia
1620 4031 1777 4103 signorum,

418 4118 474 4179 sed
496 4135 514 4176 s
537 4120 691 4190 contrario,
715 4117 833 4191 quando
857 4117 1035 4177 antecedunt
1056 4135 1123 4178 eum
1147 4121 1175 4176 in
1200 4117 1300 4178 ordine
1315 4121 1473 4193 signoruni,
1496 4134 1601 4194 graeco
1618 4115 1684 4174 idco
1708 4114 1778 4174 dicti

419 4227 642 4283 npoqyavparot,
674 4205 743 4281 quia
767 4214 836 4264 tunc
860 4214 953 4265 ortum
976 4205 1087 4266 babent
1118 4221 1209 4283 supra
1232 4206 1413 4266 horizontem
1437 4206 1473 4265 de
1496 4213 1596 4278 nocte,
1629 4221 1682 4262 seu
1705 4204 1779 4261 inter

420 4309 559 4353 oceasum
581 4292 659 4352 Solis
687 4301 716 4352 et
739 4303 832 4351 ortum
863 4292 941 4368 ejus,
974 4310 1108 4352 occasum
1140 4311 1210 4354 vero
1238 4293 1355 4353 illorum
1385 4293 1447 4362 dics
1470 4295 1549 4369 tegit.
1597 4291 1671 4350 Cum
1702 4293 1778 4349 enim

419 4399 521 4453 mane,
553 4379 682 4439 nondum
707 4389 768 4438 orto
792 4380 877 4454 Sole,
909 4380 1079 4457 plerumque
1101 4384 1217 4459 possint
1239 4384 1381 4459 conspici,
1411 4398 1515 4456 graece
1538 4378 1604 4440 laroc
1626 4376 1675 4437 vel
1698 4374 1778 4455 ἦωοι,

421 4469 513 4530 latine
535 4470 671 4526 matutini
694 4466 886 4544 appellantur.
922 4469 972 4527 Sic
994 4473 1178 4543 econtrario,
1203 4472 1253 4545 qui
1276 4468 1378 4528 aSole
1394 4468 1503 4527 distant
1526 4471 1554 4526 in
1569 4467 1780 4543 consequentia

420 4560 518 4615 minus
542 4554 731 4627 semicirculo,
754 4572 857 4631 graece
881 4552 1026 4629 ἐπομενοι,
1061 4557 1258 4617 occidentales
1281 4557 1425 4622 dicuntur,
1449 4558 1519 4634 quia
1541 4563 1611 4614 tunc
1633 4553 1669 4613 de
1692 4560 1779 4612 noete

423 4644 575 4717 occidunt,
608 4660 674 4701 curn
698 4651 790 4700 ortrrrn
815 4659 914 4702 eorum
942 4643 1003 4702 dies
1026 4644 1203 4716 abscondat,
1233 4645 1283 4719 qui
1306 4646 1377 4719 quia
1401 4660 1521 4719 uespere
1547 4643 1609 4702 sub'
1626 4640 1703 4700 Solis
1727 4656 1779 4699 oc-

421 4733 554 4792 cubitum
584 4748 673 4807 eupra
701 4729 880 4790 horizontem
916 4737 945 4790 et
977 4731 1148 4808 plerumque
1186 4734 1214 4789 in
1245 4738 1403 4808 conspeetu
1434 4734 1506 4802 siut,
1543 4748 1579 4790 ex
1608 4747 1643 4790 eo
1673 4744 1778 4803 graece

423 4816 567 4895 scarpam,
592 4817 681 4877 latine
705 4819 864 4894 vespertini
887 4816 1031 4880 dicuntur.

513 4909 579 4980 Quo
601 4909 716 4964 aicium
739 4906 845 4965 ordine
867 4905 1029 4964 succedant
1050 4908 1179 4965 inuicem
1203 4905 1373 4982 affectiones
1387 4904 1485 4963 istac?
1527 4904 1600 4963 Tres
1615 4903 1779 4978 superiores

424 5000 455 5056 at
485 4992 589 5053 stellae
619 4993 694 5053 fixae
724 4995 752 5049 in
784 4995 906 5053 articulo
935 4994 1149 5068 conjunctionis
1178 5010 1243 5051 cum
1277 4991 1347 5052 Solo
1379 4992 1452 5050 flunt
1481 5009 1517 5051 ex
1550 4987 1779 5050 occidentalibus

425 5081 600 5155 orientalem
624 5083 798 5140 eontrarium
823 5083 851 5138 iu
876 5080 999 5141 articulo
1023 5083 1225 5158 oppositionis.
1272 5080 1357 5139 launa
1381 5080 1509 5138 vicissim
1531 5078 1693 5154 conjuncta
1717 5076 1779 5135 Soli

425 5189 464 5232 cx
488 5170 622 5229 orientali
654 5168 687 5228 lit
717 5168 923 5241 occidentalis,
959 5171 1095 5246 opposita
1125 5167 1169 5226 illi
1193 5170 1369 5228 contrarium
1398 5174 1486 5226 tenet.
1531 5166 1687 5224 Interiores
1711 5163 1779 5237 duo,

427 5257 532 5319 Vanus
556 5266 586 5316 et
607 5256 779 5332 Mercurius,
802 5256 850 5318 bic
871 5257 1021 5317 associant
1042 5273 1075 5317 ss
1098 5256 1146 5316 rel
1169 5256 1378 5334 superioribus,
1403 5271 1469 5314 cum
1491 5255 1547 5330 ipsi
1570 5251 1632 5313 Soli
1655 5252 1780 5328 coujun·
1819 5305 1821 5310 .

478 5376 576 5429 Ksplsrl
590 5375 674 5427 opera.
701 5375 743 5419 rt.
1532 5358 1569 5418 ³1
