4459 6275
852 792 854 797 ·
896 772 980 831 urna
997 772 1105 830 saxon
1140 774 1208 837 ru·
1226 772 1336 845 oona.
1728 758 1822 845 loe'
1908 721 1912 743 ξ

437 949 525 1011 Duos
555 953 585 1010 in
612 968 649 1013 eo
676 950 831 1028 distinguit
860 951 1039 1053 quadrantes
1070 953 1109 1013 ab
1137 955 1279 1029 invicem,
1309 952 1481 1014 orientalem
1510 953 1622 1014 scilicet
1647 956 1687 1015 ab
1714 957 1795 1016 occi-
1870 1026 1872 1030 ¹
1908 942 1922 950 ”

438 1037 684 1199 ἀθηωὸηοηηοάο
704 1130 825 1186 utimur
844 1126 1058 1202 porclloeibue
1068 1126 1179 1187 Lunae
1199 1146 1219 1187 o
1243 1127 1311 1187 Sole
1331 1128 1531 1207 lonpltudinia
1550 1135 1579 1189 ct
1600 1090 1794 1189 latitudinis?
1910 1162 1914 1179 ·

439 1211 648 1290 Longitudinis
671 1212 843 1292 paralluis,
875 1211 961 1273 Ituna
992 1222 1127 1274 romanie
1155 1217 1184 1273 iu
1215 1215 1378 1291 quadrante
1401 1215 1550 1290 orientali,
1583 1215 1699 1276 additur
1728 1212 1795 1277 ioco
1921 1280 1925 1285 ,

438 1298 544 1361 Lunae
566 1318 636 1363 vero
659 1301 696 1362 ad
720 1300 883 1380 eclipticam
906 1299 1040 1371 reducto,
1068 1305 1098 1360 in
1122 1300 1296 1363 occidentali
1320 1304 1461 1377 anterior,
1494 1311 1524 1363 oi
1544 1304 1588 1363 sic
1609 1305 1795 1364 constituitur

437 1404 585 1467 apparens
612 1406 665 1450 sen
693 1390 759 1449 visa
789 1386 952 1464 longitudo.
999 1388 1177 1449 Latitudinis
1206 1389 1365 1469 parallaxis
1395 1393 1425 1449 in
1457 1390 1672 1469 lrcmispiraorio
1693 1398 1794 1451 arostro

437 1476 570 1536 animur
591 1494 610 1536 a
628 1477 849 1552 septentrionali
865 1475 969 1535 itunae
990 1476 1154 1550 latitudine,
1179 1480 1205 1536 sl
1227 1477 1301 1537 haec
1315 1478 1417 1555 major,
1439 1477 1587 1538 residuum
1603 1486 1648 1540 ost
1670 1477 1794 1539 latitudo

436 1565 505 1622 viss
527 1563 781 1642 septentrionalis3
810 1566 855 1622 sin
883 1564 970 1622 inerit
992 1565 1086 1623 minor
1115 1580 1187 1625 nera
1208 1566 1444 1643 septentrionalis
1466 1564 1605 1638 latitudo,
1633 1573 1703 1626 ωηο
1729 1567 1795 1645 ipsa

435 1650 567 1711 wiartur
589 1652 719 1711 vicissim
740 1649 914 1729 aparallaxi
937 1649 1101 1711 latitudinis
1121 1654 1234 1729 eritque
1248 1651 1396 1713 residuum
1419 1652 1543 1713 latitudo
1558 1655 1625 1713 rlsa
1647 1652 1794 1714 australia.
1913 1672 1916 1677 ·

437 1735 554 1812 Quodsi
577 1740 666 1799 etism
684 1738 810 1799 latitudo
832 1755 904 1798 vara
925 1738 1011 1797 luerit
1026 1740 1172 1815 ausnaiia,
1196 1738 1314 1800 additur
1336 1743 1362 1800 ei
1379 1740 1537 1818 parallaxis
1560 1738 1715 1820 proditque
1729 1757 1794 1800 rur-

436 1842 504 1885 sum
527 1826 664 1885 amalis
686 1828 752 1886 visa
773 1824 907 1900 latitudo,
930 1825 1070 1903 intelligo,
1093 1836 1126 1887 ut
1148 1844 1246 1906 supra,
1269 1836 1403 1907 respectu
1417 1827 1506 1903 Solis,
1529 1846 1565 1888 ac
1580 1830 1606 1888 ai
1628 1830 1692 1907 lpse
1706 1829 1795 1908 plane

438 1911 553 1974 nullam
576 1912 739 1992 parallaxin
761 1914 878 1974 iaceret.
1418 1960 1423 1970 .
1728 1948 1732 1956 ·

528 2004 669 2076 ρηοηωη
695 2003 750 2062 boc
779 2010 869 2078 poeto
897 2001 1055 2077 conficitur
1076 2003 1220 2062 horariam
1242 2002 1368 2062 visibilis
1387 2018 1441 2061 een
1469 2001 1753 2079 opponenshmoe
1774 2020 1794 2061 o
1852 2012 1856 2019 '

435 2086 535 2147 Sole?
564 2088 684 2166 Semper
709 2089 769 2150 lere
791 2088 923 2148 horarius
946 2088 1138 2166 longitudinis
1161 2090 1287 2150 visibilis
1309 2088 1438 2150 redditur
1456 2091 1573 2149 brevior
1595 2105 1675 2163 vero,
1698 2091 1793 2166 magu
1855 2138 1860 2147 .
1888 2114 1892 2121 ·

437 2182 537 2235 tamen
561 2173 591 2234 id
613 2178 691 2236 circa
712 2177 949 2256 nonagesimum,
973 2194 1040 2235 nam
1062 2194 1155 2255 prope
1176 2177 1356 2237 horizontem
1378 2194 1437 2237 non
1453 2177 1588 2236 differunt
1608 2176 1793 2252 sensibiliter,

435 2262 575 2339 adeoqoe
603 2263 637 2323 iii
670 2265 758 2323 etiam
781 2264 958 2340 quandoque
980 2266 1173 2338 contrarium,
1203 2263 1255 2325 sed
1278 2272 1308 2324 et
1329 2266 1385 2324 boc
1407 2262 1624 2326 insensibiliter.
1668 2263 1797 2324 Rursum
1920 2278 1924 2285 ·

436 2350 592 2411 discrimen
615 2349 673 2411 hoc
695 2352 860 2412 evidentius
883 2359 927 2411 est
950 2353 978 2408 in
1002 2369 1110 2428 magna
1131 2354 1314 2428 nonagesimi
1345 2352 1515 2426 altitudine,
1543 2353 1608 2411 slve
1630 2352 1708 2428 signi
1729 2353 1793 2413 sire

438 2437 569 2497 elimatis
593 2454 691 2512 causa,
715 2442 811 2498 minua
834 2439 955 2498 evidens
982 2441 1010 2496 in
1033 2456 1134 2516 parva.

528 2529 594 2601 Quo
615 2526 724 2586 ordine
744 2526 905 2587 moselant
924 2529 1054 2585 invicem
1076 2543 1152 2586 vero
1172 2534 1202 2585 ct
1222 2527 1346 2586 visibilis
1376 2526 1573 2601 conjunctio?
1603 2524 1638 2583 lo
1670 2524 1792 2585 occiduo

436 2610 605 2689 quadranos
626 2616 759 2690 seqnitur
783 2612 906 2673 visibilia
929 2613 1044 2690 copula,
1067 2616 1097 2671 in
1122 2616 1218 2673 ortivo
1240 2613 1398 2691 praecedit.
1444 2612 1600 2689 Quantitas
1623 2613 1710 2688 bnjus
1732 2612 1794 2685 dis-

436 2700 570 2760 criminie
592 2706 637 2760 est
657 2718 677 2760 a
698 2699 893 2777 parallexium
917 2703 1059 2761 varietate
1081 2700 1216 2779 petenda

528 2788 611 2863 Quid
632 2789 722 2866 efficit
740 2790 916 2865 perolioaia
935 2790 971 2847 in
991 2796 1078 2849 moen
1099 2788 1211 2848 visibili
1233 2788 1426 2847 latitudinis?
1454 2788 1537 2847 Luna
1568 2803 1743 2867 quocunque
1765 2788 1794 2844 in

436 2874 524 2951 signo
544 2876 702 2950 incesserit,
726 2876 885 2936 orientibus
908 2875 1185 2954 septentrionalibus
1200 2876 1292 2953 signis
1315 2876 1344 2932 in
1367 2876 1579 2953 septentriones
1594 2874 1687 2934 attolli
1711 2872 1795 2934 vide·
1913 2921 1916 2925 .

436 2970 500 3037 tur,
524 2962 702 3023 assuminus
726 2980 795 3024 vero
818 2964 991 3039 orientibus,
1023 2961 1087 3042 ipsa
1108 2982 1161 3024 ssu
1185 2964 1280 3023 oriens
1302 2980 1354 3022 seu
1377 2961 1513 3023 occidens
1535 2962 1657 3038 deprimi
1682 2960 1810 3021 videtur·

437 3052 469 3109 in
490 3056 643 3126 anstrum3
665 3057 822 3128 unumque
845 3058 925 3111 tanto
949 3050 1080 3126 celerius,
1105 3060 1216 3128 quanto
1239 3050 1394 3111 viciniores
1416 3051 1533 3128 tropicis
1548 3051 1664 3127 punctis
1685 3046 1794 3125 gratim

439 3140 582 3199 oriantur.

527 3230 629 3302 ρηοηι
650 3227 783 3302 ‹requieii
803 3229 930 3303 speciem
954 3229 1007 3294 oio
1029 3226 1154 3286 widilia
1175 3228 1271 3284 cenni
1294 3224 1405 3285 Lanos
1426 3227 1461 3283 in
1483 3211 1563 3285 diem
1587 3224 1682 3294 Solia,
1713 3242 1793 3301 quoe
1913 3211 1917 3241 ³

436 3315 505 3388 cirta
525 3314 686 3374 meiano
708 3311 751 3372 od
771 3315 963 3391 eclipticam?
994 3313 1059 3373 Non
1082 3313 1170 3390 plane
1192 3321 1272 3371 recia
1292 3312 1371 3372 linea
1394 3320 1531 3390 apparet,
1561 3328 1616 3371 nec
1637 3310 1792 3372 inclinatur

435 3401 476 3461 ad
500 3401 665 3480 eclipticam
688 3401 798 3478 angulo
820 3395 964 3461 'constanti
988 3397 1023 3460 5⁰
1042 3400 1106 3474 -18‘,
1133 3400 1187 3460 scd
1210 3399 1353 3460 interdum
1376 3402 1404 3460 ci
1425 3398 1566 3478 parallelo
1593 3397 1715 3472 incedit,
1743 3405 1795 3458 eut

436 3490 532 3549 οωωη
553 3489 583 3547 in
605 3489 781 3548 conborlum
803 3492 871 3550 viae
893 3505 980 3552 rerao
1005 3488 1136 3548 inclinari
1160 3487 1284 3562 videtur,
1308 3487 1386 3563 quod
1408 3487 1455 3561 iit,
1479 3485 1563 3545 Luna
1586 3484 1705 3562 quidem
1725 3494 1794 3545 ante

436 3575 488 3636 rel
513 3583 581 3655 post
601 3574 711 3635 nodum
734 3576 939 3637 ascendentem
962 3591 1032 3637 roro
1047 3583 1130 3636 motu
1152 3583 1323 3651 assurgente
1346 3577 1374 3632 in
1392 3576 1519 3643 boream,
1542 3574 1703 3633 orientibus
1724 3589 1793 3633 vero

434 3666 531 3746 signis
555 3663 680 3723 brumali
700 3662 828 3723 solstitio
851 3666 972 3740 ricinls3
994 3670 1047 3723 aut
1068 3664 1212 3736 vicissim,
1243 3663 1326 3722 Luna
1350 3662 1467 3738 quidem
1493 3669 1561 3721 aute
1583 3660 1630 3720 vei
1654 3668 1722 3737 post
1738 3677 1793 3718 no-

436 3750 511 3810 dum
533 3749 759 3812 descendentem
782 3760 928 3826 versante,
952 3750 1113 3814 orientibus
1135 3767 1206 3810 vero
1228 3752 1320 3826 signis
1342 3751 1467 3828 solstitio
1491 3749 1604 3807 aestivo
1628 3748 1739 3806 vicinis.

526 3839 562 3898 In
583 3839 733 3900 schemate
757 3841 807 3899 et.
831 3841 870 3898 eit
892 3838 913 3897 S
936 3838 997 3912 Sol,
1021 3837 1095 3912 ESQ
1111 3837 1254 3914 ecliptica,
1278 3836 1331 3894 RN
1354 3838 1404 3894 via
1419 3835 1521 3902 Lunae
1544 3851 1622 3907 vera,
1647 3833 1725 3892 CLD
1743 3834 1792 3892 via

436 3927 566 3987 dicibilis
589 3928 617 3985 in
641 3928 814 3986 contrarium
836 3925 984 3985 inclinata.

413 4005 418 4012 ’
526 4009 675 4073 Interdum
698 4030 768 4074 voro
791 4011 917 4089 angelus
939 4010 1136 4071 inclinationis
1157 4006 1391 4084 valdemagnus
1413 4015 1466 4080 ost,
1491 4014 1520 4066 ot
1542 4005 1609 4083 plus
1624 4021 1712 4080 quam
1735 4003 1792 4063 du·

434 4101 516 4181 pius,
538 4100 643 4179 triplus
665 4107 718 4160 ant
739 4100 919 4178 quadruplus
941 4098 1088 4170 ordinarii,
1111 4095 1254 4172 graduum
1277 4096 1305 4153 5.
1334 4096 1393 4167 18¹,
1416 4102 1449 4154 ut
1471 4094 1496 4151 ai
1520 4094 1596 4151 circa
1611 4091 1719 4150 nodum
1742 4107 1792 4149 ss-

435 4188 611 4250 oeodentem
634 4187 719 4248 Luna
742 4196 884 4261 versante,
908 4188 1037 4258 oriantur
1058 4193 1156 4264 partos
1170 4185 1285 4241 vicinae
1307 4180 1435 4240 solstitio
1454 4181 1577 4253 aestivo,
1602 4185 1654 4238 aut
1675 4179 1700 4236 si
1715 4179 1792 4246 circa

434 4277 550 4337 nodum
580 4275 803 4336 descendentem
826 4276 877 4334 illa
899 4273 1068 4345 incedente,
1101 4271 1277 4348 Sagittarius
1303 4267 1354 4327 vel
1373 4267 1567 4345 Capricornus
1596 4273 1650 4326 stc.
1681 4266 1791 4324 sintin
1910 4298 1914 4330 ;

436 4371 515 4424 ortu.
561 4362 638 4424 Vide
660 4361 729 4440 Opi
753 4362 832 4424 Astr.
849 4363 965 4422 Partem
989 4380 1007 4422 a
1029 4360 1081 4421 iol.
1105 4359 1178 4418 408.
1202 4364 1231 4418 et
1245 4355 1296 4416 iol.
1319 4357 1391 4414 410.
1411 4353 1531 4414 schema
1546 4369 1619 4413 ¹cum
1641 4349 1791 4428 exemplis.

436 4451 510 4508 (Vol.
530 4450 562 4499 ll.
580 4464 607 4513 p.
626 4450 677 4500 882
696 4447 739 4513 ss.)
846 4469 850 4478 ·

527 4538 690 4613 Quodnam
718 4540 815 4613 icitur
841 4545 883 4597 est
908 4537 1043 4596 medium
1072 4535 1202 4609 eclipsis,
1233 4547 1313 4607 quoe
1339 4530 1479 4588 munima
1499 4525 1695 4586 obscuratio?
1718 4524 1791 4588 ,llon
1819 4555 1822 4559 .

436 4644 556 4704 semper
586 4625 755 4685 coincidunt
782 4628 854 4698 ista,
883 4623 934 4683 scd
959 4631 1003 4685 est
1030 4625 1157 4682 maximo
1188 4620 1370 4690 obscuratio,
1399 4614 1516 4690 quando
1546 4621 1644 4675 centra
1664 4613 1792 4672 lumina-

436 4717 513 4774 rlmn
543 4711 679 4772 sidentur
706 4714 831 4772 invicem
859 4712 1114 4789 propinquissima.
1159 4707 1226 4767 Hoc
1254 4703 1385 4765 vero-iit
1407 4701 1550 4762 interdum
1576 4702 1707 4778 proximo
1735 4701 1792 4758 oir-

437 4800 537 4862 cnlurn
560 4800 740 4874 latitudinis,
767 4817 820 4877 per
842 4808 970 4859 centrum
994 4798 1072 4858 Solis
1095 4795 1231 4869 ductum,
1262 4802 1331 4852 tunc
1352 4787 1505 4867 nimirum,
1527 4805 1592 4847 curn
1616 4786 1663 4847 rol
1685 4802 1793 4860 magna

437 4897 485 4949 eat
517 4889 701 4962 obscuratio,
731 4887 780 4948 rei
811 4887 936 4946 visibilis
965 4888 1014 4944 vio
1042 4883 1144 4943 Lunae
1166 4883 1221 4942 Oi)
1249 4896 1325 4957 pene
1353 4875 1496 4954 parallelo
1523 4877 1611 4936 luerit
1638 4872 1790 4947 eclipticas

438 4975 503 5052 ΕΟ.
536 4971 600 5036 'Sin
623 4974 749 5051 angulus
771 4976 969 5034 inclinationis
991 4971 1078 5033 valde
1092 4987 1225 5046 mamus,
1248 4965 1364 5048 eclipsis
1387 4981 1456 5023 vero
1472 4981 1578 5043 parra,
1600 4971 1670 5021 tunc
1683 4973 1792 5033 appro-

438 5066 596 5141 pinquatio
632 5065 764 5142 proximo
799 5071 962 5123 centrorum
999 5057 1168 5136 quaerenda
1197 5063 1241 5116 est
1275 5056 1304 5110 in
1333 5051 1455 5124 circulo,
1495 5055 1544 5129 qni
1573 5054 1618 5109 est
1647 5061 1666 5103 a
1692 5051 1790 5103 cmtro

438 5152 520 5212 Solia
542 5167 647 5211 versos
669 5149 776 5210 nodum
805 5149 951 5210 visibilem
980 5146 1145 5206 inclinatus
1189 5143 1251 5202 Nec
1274 5142 1347 5200 bene
1374 5139 1430 5200 lert
1459 5142 1516 5200 ista
1547 5137 1672 5197 uarietas
1693 5128 1791 5206 plnres

438 5239 566 5319 mna
