4459 6275
747 727 940 844 remex
960 770 1284 843 naeniamuupune
1647 746 1737 847 oro

349 943 420 999 nlioe
434 944 530 1016 Jueeit,
549 963 601 1005 uec
618 949 642 1004 ri
659 946 770 1005 ddecet
786 947 981 1018 problemaque
999 946 1139 1008 aoluiuet,
1156 945 1318 1002 aetrouomia
1335 960 1370 1002 ea
1386 961 1417 1002 re
1439 944 1626 1003 mamaeae
1639 941 1646 956 ⁴
1660 945 1712 1003 Ilia

350 1020 423 1077 enim
442 1040 476 1078 ex
494 1025 586 1082 multia
605 1026 704 1096 cauam,
723 1042 794 1094 quaa
812 1027 970 1082 vadentem
988 1027 1120 1082 inducunt
1139 1024 1285 1081 stationum
1302 1021 1434 1092 terminia,
1453 1038 1542 1093 pauca
1559 1025 1712 1095 auppoeuit,

348 1101 482 1172 pleraque
499 1103 602 1163 dimieit
613 1106 725 1162 intacta.
762 1104 820 1161 Noe
838 1105 1021 1174 neapolioni
1037 1118 1154 1163 acumen
1170 1117 1226 1170 qua
1243 1100 1309 1158 licet
1319 1101 1496 1172 aemulemur,
1513 1103 1637 1171 proxima
1648 1120 1711 1173 geo-
1739 1130 1742 1135 ·

347 1180 477 1238 metricae
493 1185 626 1255 ἀκριβιιας
642 1184 800 1241 incedentes
819 1183 859 1238 ric
877 1198 998 1250 memus.

457 1263 539 1320 Initio
558 1264 751 1320 constituenda
768 1263 821 1318 erit
831 1262 973 1331 proportio
991 1259 1197 1317 intervallorum
1213 1273 1262 1313 eeu
1274 1256 1463 1314 distantiarum
1475 1263 1712 1329 temporaneaeuru

348 1337 422 1395 Solia
440 1348 468 1397 et
485 1358 502 1398 a
519 1343 630 1412 planeta
647 1341 762 1413 (cunuti
779 1339 924 1409 intervalli)
943 1345 972 1395 et
988 1355 1005 1395 a
1024 1340 1117 1395 Terra.
1154 1335 1279 1393 Secundo
1293 1337 1711 1411 conutitueudnetiameatpro·
1801 1382 1804 1387 -
1872 1304 1876 1314 Ι

348 1420 442 1487 portio
460 1436 572 1478 arcuum
592 1423 750 1478 diurnorum
770 1418 898 1475 eccentri.
932 1417 1067 1473 Plauetae
1085 1415 1196 1484 quidem
1214 1430 1309 1470 arcum
1332 1415 1458 1471 diurnum
1477 1416 1595 1473 eccentri
1617 1432 1710 1475 eccum

345 1494 436 1573 trahit
452 1499 588 1556 anomalia
605 1498 783 1570 praescripta,
803 1497 875 1553 Solia
893 1512 957 1551 vero
975 1494 1151 1565 anomaliam,
1169 1509 1241 1563 quae
1259 1494 1318 1563 cjue
1336 1510 1430 1551 arcum
1447 1493 1575 1551 diurnum
1592 1493 1712 1555 cocentri

347 1584 549 1644 repraesentet,
572 1583 682 1649 oportet
706 1579 811 1649 eminae
835 1574 1004 1645 conjectare,
1028 1579 1132 1642 quanta
1156 1580 1266 1642 praeter
1284 1580 1397 1643 propter
1415 1573 1509 1628 tutum
1532 1573 1580 1643 ait,
1603 1575 1639 1631 ad
1655 1576 1710 1631 ior·

347 1652 478 1709 mundun
495 1657 715 1714 commutationis
733 1654 871 1725 angulum.
908 1654 1001 1709 Tertio
1019 1668 1123 1722 ponere
1141 1660 1263 1723 oportet,
1287 1653 1377 1708 radica
1392 1666 1428 1707 ex
1447 1651 1511 1707 Sole
1527 1652 1557 1707 iu
1572 1653 1711 1723 planetam

306 1730 312 1735 ’
334 1729 432 1801 'inquo
450 1731 563 1791 Terram
581 1754 643 1792 curu
661 1736 799 1793 eubtensia
817 1735 975 1790 diurnorum
993 1747 1105 1787 auorum
1122 1732 1243 1787 eccentri
1260 1748 1372 1788 arcuum
1395 1731 1513 1787 tumere
1530 1730 1646 1801 auguloa
1664 1746 1711 1788 ex·

346 1814 468 1867 boreum
490 1814 607 1884 majorca
628 1822 718 1884 moto,
744 1813 897 1884 quantitate
915 1828 1027 1867 monum
1045 1812 1182 1882 cujusque
1196 1811 1441 1881 remidiumocum5
1463 1808 1518 1864 etei
1540 1807 1594 1865 boc
1614 1818 1711 1868 exacte

348 1904 443 1945 cerrum
459 1907 515 1947 uon
535 1902 585 1960 est,
603 1901 796 1964 praeterquam
813 1893 842 1946 iu
860 1891 1047 1961 opsidibua,'*)
1107 1945 1113 1957 ,

454 1970 505 2027 Hie
533 1973 705 2045 praeparatio
733 1981 761 2028 et
790 1972 940 2044 euppoeitia
968 1976 1042 2038 (eum
1067 1969 1193 2025 etctionie
1220 1967 1342 2024 definitio
1364 1968 1548 2024 astronomica
1569 1969 1605 2025 eit
1626 1967 1710 2023 haec:

347 2047 462 2117 quaudo
482 2051 606 2108 nimirum
624 2050 698 2109 linea
715 2051 827 2109 visionis
845 2050 973 2122 planetae
991 2058 1056 2121 post
1073 2049 1145 2105 diem
1169 2041 1297 2105 exactum
1314 2044 1342 2102 in
1366 2044 1438 2102 idem
1454 2045 1561 2103 zodiaci
1577 2054 1710 2118 punctum
1810 2050 1814 2059 ’

347 2125 498 2182 eccundnm
514 2127 713 2200 longitudinem
731 2130 834 2198 incidit,
853 2130 881 2184 in
900 2129 973 2198 quod
990 2126 1078 2200 pridie
1096 2127 1243 2196 inciderat,
1266 2126 1323 2181 eive
1347 2124 1375 2180 id
1398 2121 1449 2178 fiat
1471 2139 1521 2195 per
1538 2122 1710 2181 identitatem

346 2201 469 2261 ciconiae
484 2207 574 2278 unius,
593 2215 624 2264 ut
641 2207 715 2278 apud
734 2208 900 2286 hebonem,
919 2208 976 2264 aive
994 2223 1045 2278 per
1061 2205 1272 2277 parallelitatem
1293 2204 1423 2271 duarum,
1440 2209 1471 2259 ut
1489 2203 1563 2275 apud
1582 2203 1710 2275 ceperat·

347 2284 419 2351 cum)
442 2281 604 2342 formabitur
620 2287 700 2343 uobis
718 2286 817 2358 ligura,
841 2286 870 2341 in
893 2286 983 2356 quuS
1004 2284 1096 2341 Solem
1114 2281 1316 2354 repraesentat,
1340 2282 1508 2354 Marcam,
1531 2283 1556 2343 A
1573 2283 1709 2355 planetam

348 2376 433 2416 unum
452 2379 488 2418 ex
506 2365 708 2436 superioribus,
725 2364 769 2421 rel
788 2382 803 2422 e
823 2367 957 2423 contrario
975 2364 1000 2421 A
1018 2366 1143 2432 Terram,
1161 2364 1183 2421 0

346 2438 486 2508 planetam
503 2460 588 2500 uuum
606 2462 641 2509 ex
658 2444 841 2502 interioribus.
877 2446 926 2499 AD
940 2452 983 2500 eat
994 2459 1074 2500 urcua
1087 2460 1182 2500 eccen-

345 2520 408 2576 trici
426 2520 541 2579 diurnus
560 2525 716 2596 auperiorie,
736 2525 781 2581 ΟΡ
799 2525 936 2581 interioria
948 2525 1043 2596 major,
1063 2533 1182 2593 euntque

344 2598 492 2673 intercepti
515 2602 588 2660 luter
609 2604 722 2661 risoriaa
746 2604 810 2674 ou,
835 2602 880 2660 ΡΟ
904 2602 1061 2673 parallelae.
1095 2603 1185 2673 Igitur

347 2674 430 2735 datur
452 2683 594 2751 proportio
619 2681 663 2739 Aa
688 2684 723 2739 ad
750 2682 809 2748 SO,
833 2684 944 2738 inventa
967 2698 1032 2738 cero
1054 2689 1097 2738 eet
1120 2698 1184 2754 pro·
1252 2701 1261 2714 ·

346 2759 438 2827 portio
456 2760 506 2817 AD
525 2760 560 2818 ad
580 2762 641 2833 ΟΡ,
663 2766 752 2818 minor
769 2763 867 2817 altera:
896 2775 980 2830 quare
999 2763 1089 2818 ductio
1107 2763 1185 2817 exli
1249 2818 1252 2823 ,
1329 2816 1332 2823 ,
1390 2799 1395 2820 .

347 2836 501 2908 parallelis,
527 2840 578 2897 Au
597 2841 649 2912 ipci
668 2841 724 2910 80,
742 2842 790 2898 AB
808 2841 862 2911 ipai
880 2838 935 2908 ΟΡ,
953 2849 1033 2898 eruut
1049 2842 1095 2898 AS
1114 2859 1122 2896 τ
1140 2840 1183 2897 SO

347 2932 383 2961 ==
402 2914 449 2971 ΟΔ
467 2936 474 2972 :
492 2916 542 2973 Are
567 2917 721 2989 (aequalem
744 2922 797 2991 ipei
817 2922 864 2989 01)
889 2927 917 2976 et
940 2920 980 2976 aie
1003 2929 1069 2977 nota
1091 2936 1185 2977 earum

348 2996 501 3063 proportio.
538 2997 583 3053 Sic
601 2999 682 3054 etiam
694 3000 743 3054 AB
762 3023 798 3049 =
816 2998 872 3066 ΟΡ,
890 3004 957 3056 nota
967 2999 1052 3070 igitur
1064 3005 1107 3054 eat
1124 3014 1187 3069 pro·

349 3073 442 3140 portio
464 3074 514 3129 DA
541 3075 576 3130 ad
598 3078 655 3133 ΑΒ.
699 3077 825 3150 Denique
853 3077 918 3148 quia
948 3074 1085 3149 triangula
1108 3076 1187 3145 ASD,

348 3151 418 3207 081²
444 3162 584 3222 ponuntur
617 3169 678 3216 eree
709 3160 870 3229 aequiorum
900 3167 929 3214 et
952 3158 1041 3229 major
1065 3157 1187 3232 ¹eugulua

351 3227 419 3286 081²
436 3241 523 3301 'quarn
545 3233 630 3307 ASD,
655 3237 744 3292 minor
768 3239 853 3310 igitur
875 3236 992 3309 angulus
1015 3236 1081 3294 SOP
1106 3253 1189 3307 quam

348 3307 433 3381 Sall:
452 3309 540 3379 major
556 3312 641 3382 igitur
658 3314 729 3371 cal)
744 3331 825 3387 quarn
843 3313 905 3373 101>
923 3317 967 3373 rel
980 3317 1056 3374 ΕΑΒ
1069 3324 1098 3374 et
1115 3323 1188 3373 uter·

348 3401 403 3458 que
420 3390 510 3458 major
526 3402 602 3449 recto
621 3394 775 3464 quantitate
794 3411 908 3452 arcuum
927 3394 1164 3452 remidiumorum.

455 3470 522 3525 Cum
545 3471 629 3541 igitur
646 3473 764 3544 anguina
788 3474 1008 3531 commutationis
1032 3479 1189 3544 quaeratur,

348 3557 400 3614 per
418 3561 499 3616 quem
510 3550 623 3620 planeta
640 3551 690 3607 liat
701 3555 886 3624 stationarius,
906 3553 966 3623 elue
979 3553 1106 3624 equidem
1117 3567 1210 3610 coms
1276 3593 1283 3604 .

349 3622 518 3692 pleaneetnrn
536 3637 580 3686 eat
597 3631 631 3686 ad
650 3630 720 3689 duos
732 3641 822 3690 rectoa
841 3631 958 3704 unguina
971 3634 1040 3690 ASO
1051 3631 1095 3689 rel
1108 3629 1189 3689 ΟΑΕ.

349 3699 442 3769 Quare
461 3719 495 3759 ex
519 3706 591 3764 datia
608 3718 756 3779 quaeratur
774 3712 890 3783 angulus
909 3709 997 3781 ΟΑΕ,
1019 3711 1097 3767 initio
1115 3709 1189 3766 facto

347 3782 519 3850 aperitione
535 3786 623 3859 ipaiue
641 3790 720 3859 ΑΟΒ,
742 3796 774 3846 ut
791 3791 866 3861 noti,
877 3799 906 3846 at
923 3805 1055 3861 procerau
1072 3806 1122 3861 per
1139 3807 1187 3860 po-

347 3859 455 3917 uitionin
474 3868 670 3925 correctionem
687 3870 822 3927 truducm.

456 3957 609 4023 luterpeetto
634 3961 761 4025 exemplo,
790 3961 859 4028 quod
882 3963 990 4026 longiori
1019 3961 1117 4012 calculo
1144 3974 1189 4025 per

352 4029 480 4094 »reguiam
498 4041 666 4100 positionum«
688 4048 860 4106 computatur,
883 4044 947 4093 haee
964 4046 1103 4107 sequuntur
1120 4044 1265 4105 praecepta:
1295 4035 1402 4109 1)an
1422 4049 1506 4112 puero
1530 4045 1587 4103 eim
1609 4047 1708 4105 dueu-

346 4107 455 4166 mdar
470 4115 613 4180 παῐίοιιιε,
626 4118 720 4185 primo
738 4124 764 4175 ct
781 4117 924 4175 eeucado?
949 4117 1087 4188 Angulum
1105 4118 1324 4173 commutationis
1342 4116 1495 4193 inventum,
1519 4142 1568 4195 pro
1586 4128 1708 4198 superio·

345 4199 407 4242 rum
426 4190 536 4258 quidem
553 4193 641 4264 prima
659 4197 777 4252 aunone
794 4195 956 4266 indaganda,
975 4194 1106 4252 addemur
1124 4194 1260 4266 adipeam
1279 4196 1442 4254 anomallern
1455 4211 1632 4273 coaequatam
1650 4203 1708 4276 pla·

345 4272 444 4337 uuae,
467 4285 518 4340 pro
537 4271 658 4334 monada
676 4276 795 4330 statione
818 4275 972 4331 auferemur
990 4274 1025 4329 eb
1049 4272 1111 4343 illa3
1136 4287 1187 4344 pro
1210 4272 1369 4332 lniemorum
1391 4291 1456 4336 cero
1479 4282 1596 4339 eudone
1620 4286 1709 4355 prima

345 4346 552 4420 rubtrahemue,
578 4366 629 4420 pro
653 4353 773 4411 secunda
793 4351 935 4409 addemua.
970 4351 1141 4408 Contrarium
1162 4352 1224 4424 fiet,
1252 4353 1277 4410 ai
1303 4353 1529 4427 complementum
1556 4361 1708 4420 anomaliae

344 4423 476 4494 planetae
498 4428 535 4484 ed
557 4429 687 4485 &culum
710 4439 835 4487 versetur
855 4433 884 4487 in
908 4428 1082 4502 quaestione;
1107 4429 1252 4501 utrobique
1274 4431 1434 4503 adjiciemus
1458 4437 1559 4506 apheiil
1580 4439 1708 4510 planetae

345 4502 506 4562 dimautiam
525 4507 559 4564 ab
578 4524 699 4580 apogaeo
719 4510 797 4572 Solis,
814 4513 855 4567 ita
872 4511 1032 4568 conficietur
1049 4510 1185 4594 anomalia
1203 4510 1275 4567 Solia
1293 4520 1446 4584 coaequata
1460 4513 1550 4588 juata,
1575 4519 1708 4577 exhibens

341 4579 450 4654 Jnuum
467 4591 496 4641 et
513 4601 605 4643 arcum
624 4587 750 4644 diurnum
769 4598 797 4646 et
813 4587 998 4661 intervalium,
1017 4587 1118 4659 quibus
1136 4588 1207 4646 datia
1226 4588 1370 4661 corrigitur
1387 4599 1504 4664 utraque
1521 4598 1663 4669 proportio
1679 4605 1710 4658 et

453 4762 476 4829 ⁸)
501 4760 534 4816 lu
553 4761 648 4826 ,Notio
672 4769 701 4819 et
721 4763 1015 4820 rtniruadreraionibuet
1041 4764 1076 4819 ad
1100 4771 1248 4835 praecepta
1269 4764 1322 4821 hoc
1344 4776 1436 4824 mouet
1452 4768 1602 4841 Keplarua:
1626 4772 1708 4841 Quod

345 4835 414 4911 dixi,
433 4841 531 4904 ,tertio
548 4857 652 4912 ponere
670 4850 824 4911 oporteret,
841 4843 955 4899 etudeua
972 4844 1098 4901 facilitati
1115 4843 1226 4915 munli,
1249 4845 1287 4914 id,
1305 4857 1494 4918 praeterquam
1512 4849 1541 4904 lu
1559 4851 1709 4920 apaidibua,
1756 4852 1764 4871 ⁴

343 4934 409 4975 cum
427 4920 526 4976 damam
545 4920 586 4976 eic
601 4920 726 4990 paulurn
749 4923 823 4989 quod
840 4922 893 4978 hac
909 4923 1016 4978 ratione
1033 4921 1186 4989 cavebitur,
1209 4923 1248 4991 ai,
1272 4924 1320 4992 qui
1343 4924 1397 4982 bac
1414 4926 1544 4983 methodo
1562 4928 1707 4984 eliciuntur

344 5008 478 5070 tauquam
496 5008 624 5061 connut
642 5001 742 5070 anguli,
760 5018 817 5057 non
833 5017 897 5057 rere
915 5003 967 5059 hoc
984 5018 1046 5060 ease
1063 5001 1260 5072 intelligantur,
1278 5004 1353 5071 qaod
1369 5004 1505 5075 dicunctur,
1523 5021 1578 5061 nou
1591 5021 1630 5062 ec
1643 5021 1707 5063 cou-

344 5078 424 5134 etitui
443 5094 493 5148 per
510 5086 690 5149 coaequatum
708 5079 835 5149 planctae
853 5078 943 5137 iocum
960 5081 989 5135 iu
1009 5080 1173 5150 eccentrico,
1198 5080 1247 5136 aed
1265 5096 1315 5150 per
1331 5085 1560 5156 aemiaequatum,
1583 5084 1611 5141 b.
1630 5101 1654 5143 e.
1671 5101 1707 5143 ea

344 5156 486 5214 monella
504 5158 621 5215 accentui
639 5173 700 5212 curn
718 5157 820 5228 ephelii
836 5156 898 5214 loco
916 5158 1070 5226 commlaaa,
1087 5160 1277 5218 conutitutere.
