4459 6275
465 779 483 839 6
828 768 859 822 In
881 766 1027 836 Epitomen
1046 762 1234 822 astronomiae
1253 763 1454 834 coperuicanae

465 967 555 1026 quem
579 948 665 1007 finem
687 949 807 1006 nomina
830 953 984 1004 ventorum
1007 944 1109 1004 tabula
1125 952 1293 1020 comparat,
1326 946 1355 1002 in
1386 962 1446 1020 qua
1472 945 1695 1006 denominantur
1720 946 1820 1024 lingua

464 1037 646 1105 Germanica,
671 1033 784 1106 Italica,
810 1034 915 1092 balina
938 1036 1070 1108 (vetusta
1093 1041 1123 1091 et
1145 1032 1296 1109 moderna)
1319 1040 1349 1091 et
1365 1030 1488 1093 Graeca.
1534 1034 1643 1109 Quinto
1668 1034 1820 1094 traduntur

462 1125 583 1184 nomina
607 1132 636 1182 et
658 1140 728 1180 usna
751 1121 875 1180 aliorum
900 1122 1081 1194 circulorum,
1105 1138 1194 1196 quam
1216 1129 1284 1178 aunt
1307 1118 1350 1177 illi
1372 1138 1492 1181 numero
1509 1124 1534 1180 1.
1547 1121 1671 1196 deliniti,
1696 1132 1740 1181 ut:
1766 1144 1821 1200 pa-

462 1211 565 1284 ralleli,
590 1210 690 1269 circuli
714 1208 949 1280 declinationum,
973 1208 1136 1281 verticales,
1160 1208 1260 1266 circuli
1282 1209 1461 1285 positionum
1484 1207 1618 1288 (astrol).
1666 1209 1821 1270 Concludit

462 1300 540 1360 hauc
561 1298 666 1356 librum
690 1297 838 1371 explicans
857 1287 994 1368 circulos,
1018 1297 1125 1370 quibus
1148 1303 1267 1354 utuntur
1292 1298 1508 1371 ,gnomoniei“.

550 1385 777 1459 Libertatem.
822 1385 867 1442 De
884 1383 1016 1443 doctrina
1027 1385 1112 1458 primi
1128 1393 1234 1454 motus,
1259 1401 1348 1458 quam
1365 1383 1473 1456 dicunt,
1489 1382 1650 1460 sphaerica.
1697 1383 1820 1457 Causae,

380 1477 391 1489 ⁴
463 1493 514 1536 eur
537 1475 647 1551 primus
669 1468 812 1551 (diurnus)
835 1479 931 1553 motus
953 1473 1154 1546 praemittatur
1168 1471 1296 1529 motibus
1312 1471 1447 1530 secundis
1462 1468 1655 1548 (planetarum
1671 1474 1818 1551 propriis),

463 1563 520 1622 hae
543 1567 764 1620 enumerantur:
799 1559 848 1618 ille
877 1567 973 1616 motus
1002 1561 1100 1616 sensui
1129 1558 1280 1616 hominum
1303 1559 1409 1617 obvius
1433 1569 1478 1617 cst
1501 1560 1632 1617 atritas
1655 1562 1817 1619 rationibus

463 1650 559 1724 magis
581 1645 772 1722 respondens,
805 1646 834 1702 hi
859 1663 927 1705 vero
950 1654 1017 1703 sunt
1043 1644 1233 1718 occultiores,
1258 1646 1398 1705 tardiores
1422 1655 1451 1705 et
1474 1665 1492 1703 a
1514 1663 1602 1704 sensu
1625 1648 1815 1722 remotiores,

464 1735 569 1797 deinde
600 1737 709 1810 primus
742 1742 838 1791 motus
866 1733 990 1809 sphaera
1014 1732 1214 1792 tantummodo
1237 1734 1382 1792 materiali
1405 1733 1515 1809 indiget
1537 1742 1695 1809 possetque
1718 1735 1766 1793 vel
1791 1738 1819 1792 in

465 1829 530 1902 ipso
554 1823 637 1881 coelo
660 1823 812 1879 monstrari
836 1823 898 1879 sine
922 1823 1133 1894 instrumento,
1164 1820 1284 1879 secundi
1317 1829 1412 1879 motus
1444 1820 1545 1879 tabula
1568 1821 1656 1898 plana
1679 1820 1817 1898 indigent,

466 1920 496 1972 et
519 1929 563 1983 ea,
586 1927 661 1984 quae
678 1911 707 1964 in
725 1908 780 1966 hac
794 1907 884 1983 plana
897 1908 998 1966 tabula
1014 1907 1256 1980 demonstrantur,
1282 1907 1436 1967 difficulter
1452 1908 1636 1984 applicantur
1656 1907 1738 1967 coelo
1754 1911 1819 1984 ipsi,

465 1999 522 2058 nisi
544 1999 624 2074 prius
647 2003 801 2072 perceptus
824 1998 862 2053 sit
884 1999 993 2071 primus
1018 2003 1123 2053 motus.
1169 1995 1223 2053 His
1246 1997 1413 2071 praemissis
1436 2005 1641 2054 enumerantur
1656 2004 1764 2073 partes,
1789 2000 1818 2055 iu

464 2104 538 2163 quas
562 2084 701 2144 dividitur
724 2082 797 2141 liber
821 2085 930 2155 tertius,
954 2100 1065 2158 eaeque
1090 2090 1157 2140 sunt
1180 2085 1318 2158 quinque.
1367 2084 1447 2141 Pars
1464 2083 1489 2141 l.
1524 2083 1568 2141 De
1586 2094 1650 2141 ortu
1667 2092 1697 2143 et
1711 2101 1816 2143 occasu

464 2173 602 2234 siderum.
641 2171 681 2229 Hi
698 2171 833 2230 differunt
849 2170 1008 2230 secundum
1023 2171 1152 2245 positum
1169 2170 1339 2248 horizontis,
1354 2187 1443 2246 quare
1460 2170 1677 2247 distinguuntur
1693 2172 1818 2247 sphaera

463 2269 553 2338 reeta,
578 2258 750 2339 obliquaet
773 2257 922 2333 parallelo,
946 2268 975 2318 et
998 2261 1025 2315 in
1049 2257 1174 2333 siugulis
1197 2258 1242 2316 his
1259 2268 1339 2317 ortus
1355 2275 1535 2334 occasusque
1552 2258 1678 2317 siderum
1696 2259 1819 2319 demon·

463 2357 592 2408 strantur
615 2363 774 2421 earumque
798 2348 956 2405 varietates
979 2353 1197 2422 proponuntur,
1232 2363 1319 2404 voces
1348 2345 1473 2403 altitudo
1494 2346 1573 2421 poli,
1597 2350 1765 2422 aequatoris
1788 2356 1817 2405 et

463 2435 568 2514 stellae
591 2433 753 2493 meridiana
776 2432 967 2509 explicantur.
1012 2433 1070 2492 Hic
1093 2436 1197 2492 iterum
1219 2432 1302 2492 loeus
1326 2433 1410 2491 datur
1434 2432 1673 2492 demonstrationi
1690 2453 1818 2510 quarun-

464 2523 533 2584 dam
556 2524 758 2598 operationum
782 2523 810 2578 in
834 2523 1016 2597 gnomonicis
1039 2523 1224 2596 numerisque
1248 2519 1416 2598 explicatur.
1464 2519 1655 2580 Altitudinem
1678 2522 1738 2598 poli
1771 2522 1819 2580 al·

461 2611 559 2671 firmat
580 2609 726 2685 Keplerus
752 2627 867 2684 semper
896 2608 1020 2668 eandem
1052 2626 1189 2680 manere,
1222 2617 1323 2668 eontra
1346 2609 1469 2667 aliorum
1492 2610 1677 2684 opinionem,
1710 2609 1817 2669 deiude

463 2696 557 2772 deest,
582 2697 729 2774 quomodo
753 2696 898 2756 metienda
921 2699 959 2754 sit
981 2696 1106 2755 altitudo
1130 2695 1233 2755 stellae
1256 2714 1308 2756 seu
1333 2696 1472 2754 distantia
1496 2696 1559 2771 ejus
1575 2716 1593 2755 a
1610 2700 1726 2768 vertice,
1751 2699 1818 2772 qui·

462 2786 645 2849 busmediis
669 2787 835 2858 inveniatur
857 2784 935 2843 linea
957 2784 1131 2850 meridiana,
1163 2782 1319 2842 declinatio
1349 2782 1465 2856 stellae,
1497 2783 1622 2858 angulus
1645 2784 1683 2843 ad
1706 2783 1816 2860 polum,

441 2875 491 2946 ,ln
515 2892 540 2934 e.
565 2872 692 2949 angulus
715 2876 789 2932 inter
810 2871 1001 2931 meridianum
1025 2879 1054 2930 et
1077 2871 1217 2930 circulum
1241 2870 1443 2930 declinationis
1466 2870 1579 2943 stellae,
1603 2871 1728 2948 angulus
1745 2874 1818 2931 inter

461 2961 632 3023 verticalem
655 2969 684 3020 ct
704 2956 842 3018 'circulum
866 2958 1083 3031 declinationis,
1108 2957 1269 3033 amplitudo
1293 2961 1403 3028 ortiva,
1432 2958 1679 3020 demonstratione
1703 2978 1818 3035 semper

440 3050 593 3115 numeris
617 3039 772 3124 explicata.
825 3047 904 3105 Pars
928 3044 973 3103 11.
1019 3047 1065 3104 De
1089 3045 1310 3104 ascensionibus
1333 3054 1362 3104 et
1385 3046 1622 3105 descensionibus
1646 3057 1817 3124 punctorum

462 3135 626 3213 eclipticae,
673 3135 751 3194 Data
774 3138 902 3193 maxima
925 3133 1119 3194 declinatione
1142 3132 1295 3209 eclipticas
1317 3133 1355 3193 ab
1378 3143 1538 3210 aequatore
1561 3133 1649 3215 (quae
1673 3145 1717 3195 eat
1733 3154 1818 3194 meu·

461 3242 531 3286 sura
553 3223 674 3299 anguli,
698 3239 756 3298 quo
779 3240 811 3281 ss
834 3230 936 3280 secant
958 3231 1100 3297 aequator
1123 3230 1152 3280 et
1175 3221 1320 3298 ecliptica)
1346 3224 1514 3296 investigari
1538 3232 1636 3299 potest
1661 3224 1817 3283 declinatio

463 3312 606 3387 cujusque
635 3312 735 3386 puncti
767 3309 918 3385 eclipticas
950 3306 1113 3387 (calculus).
1169 3309 1300 3368 Maxima
1331 3309 1606 3369 declinatio-variis
1638 3312 1818 3388 temporibus

463 3401 560 3464 rariat
583 3402 615 3465 (a
639 3395 696 3457 ‘23¹'
720 3395 815 3478 30¹s.,‘
839 3396 877 3455 ad
901 3392 958 3454 23⁰
981 3397 1063 3471 35‘);
1093 3413 1182 3455 causa
1204 3396 1297 3455 altera
1319 3396 1407 3473 hujus
1432 3399 1602 3457 variationis
1626 3407 1670 3457 est
1693 3402 1816 3458 variatio

463 3486 659 3547 inclinationis
682 3487 745 3544 axis
769 3485 885 3555 Terrae,
909 3483 1002 3543 altera
1024 3484 1165 3543 retractio.
1211 3484 1350 3543 Definitio
1374 3487 1577 3544 ascensionum
1601 3498 1630 3544 et
1648 3486 1817 3547 descensio·

462 3591 552 3651 num3
577 3582 672 3633 rectae
696 3575 883 3631 ascensiones
907 3571 1024 3647 quidem
1047 3573 1187 3630 eveniunt
1210 3573 1238 3628 iu
1262 3572 1387 3648 sphaera
1409 3581 1502 3645 recta,
1531 3573 1669 3650 obliquae
1692 3576 1721 3631 in
1745 3575 1817 3633 obli=

464 3680 539 3739 qua,
562 3662 613 3721 sed
638 3662 687 3719 ille
710 3679 794 3718 arcus
817 3659 968 3735 seliptieae
993 3659 1096 3718 dicitur
1111 3668 1188 3718 reete
1203 3661 1279 3732 oriri,
1303 3677 1368 3718 eum
1384 3678 1442 3735 quo
1459 3661 1590 3720 aseendit
1605 3680 1689 3720 arcus
1705 3680 1817 3738 aequa·

462 3752 533 3810 toris
556 3749 649 3825 major
671 3766 703 3807 as
728 3752 802 3823 ipso,
827 3748 875 3807 ills
899 3748 1028 3822 oblique,
1053 3764 1118 3806 cunr
1142 3765 1201 3822 quo
1225 3749 1327 3805 minor.
1371 3747 1480 3807 Modus
1504 3749 1692 3825 computandi
1712 3768 1816 3809 ascen-

464 3839 577 3897 sionem
600 3845 709 3896 rsetam
732 3852 816 3894 arens
840 3834 1000 3911 eclipticae,
1025 3834 1100 3893 datis
1124 3834 1233 3909 angulo
1257 3837 1330 3895 inter
1353 3845 1543 3910 aequatorem
1566 3846 1594 3895 st
1610 3837 1748 3897 circulum
1764 3837 1817 3897 de·

464 3923 630 3985 clinationis
653 3922 698 4003 (2
713 3923 772 3995 R),
797 3925 923 3981 maxima
947 3921 1142 3981 declinatione
1166 3931 1195 3980 et
1217 3939 1285 3981 arcu
1308 3922 1459 3998 eclipticas
1483 3926 1641 4000 proposito.
1688 3926 1818 4002 Compa-

464 4015 539 4072 ratio
563 4031 621 4071 asc.
646 4021 788 4070 rectarum
813 4029 878 4069 cum
902 4010 1141 4069 descensionibus
1164 4018 1218 4068 etc.
1265 4010 1403 4069 Definitio
1427 4010 1605 4071 differentiae
1627 4016 1817 4072 ascensione·

462 4099 514 4173 lis3
548 4099 585 4159 de
614 4118 671 4160 asc.
702 4098 845 4174 obliquisr3
878 4098 913 4156 de
936 4096 1059 4173 angulo,
1091 4114 1150 4173 quo
1173 4104 1255 4156 secat
1277 4096 1412 4172 ecliptica
1434 4098 1624 4160 horizontem.
1670 4101 1813 4161 Tabulae.

464 4188 539 4247 Pars
561 4191 658 4245 tertio.
705 4187 749 4245 De
772 4203 859 4246 anno.
906 4184 971 4259 Quo
996 4184 1129 4244 differant
1152 4201 1245 4242 annus
1268 4185 1420 4260 politicus,
1451 4191 1662 4246 astronomicus
1685 4188 1816 4248 sidereus

361 4277 367 4297 '
461 4281 492 4334 et
518 4276 663 4351 tropicus,
698 4273 734 4332 de
764 4273 866 4333 diebus
896 4272 1091 4332 naturalibus:
1129 4271 1191 4330 dies
1221 4271 1363 4330 naturalis
1386 4274 1475 4348 paulo
1498 4274 1613 4350 longior
1635 4283 1680 4335 est
1703 4278 1816 4352 integra

462 4361 645 4422 revolutione
669 4361 786 4435 Terrae,
809 4362 972 4421 ‹lillersntia
994 4361 1066 4420 haee
1090 4359 1292 4418 denominatur
1317 4360 1603 4435 ,additamentum,“
1628 4367 1678 4439 qui
1702 4373 1746 4424 est
1768 4384 1816 4422 ar-

463 4466 514 4510 cus
537 4452 713 4524 aequatoris,
738 4467 824 4524 quem
847 4449 898 4508 Sol
922 4452 950 4505 in
974 4465 1032 4507 uno
1057 4447 1102 4506 die
1125 4447 1252 4505 naturali
1276 4448 1392 4507 conficit
1414 4452 1443 4507 in
1467 4450 1610 4526 ecliptica.
1655 4450 1738 4511 Ilaec
1760 4453 1816 4510 ad·

463 4536 624 4596 ditamenta
646 4546 714 4595 sunt
737 4536 904 4613 inaequalia
926 4536 1040 4594 duabus
1065 4534 1100 4592 de
1124 4536 1229 4607 causis,
1254 4534 1354 4608 altera,
1378 4537 1456 4612 qnod
1471 4547 1568 4596 motus
1585 4537 1662 4596 Solis
1679 4541 1706 4595 in
1722 4538 1816 4617 eclip-

462 4627 521 4684 tica
544 4624 706 4700 inaequalis
729 4632 781 4696 est,
806 4624 907 4697 altera,
931 4622 1010 4700 quod
1034 4624 1220 4681 ascensiones
1243 4631 1340 4683 rectae
1356 4627 1522 4700 aequalium
1540 4642 1660 4684 arcuum
1677 4629 1704 4683 in
1724 4625 1816 4704 eclip-

462 4715 521 4773 tica
547 4712 576 4769 in
605 4712 728 4771 diversis
758 4711 830 4771 locis
858 4719 926 4770 srmt
954 4710 1134 4786 inaequales.
1181 4709 1226 4768 De
1249 4714 1424 4786 aequatione
1448 4714 1596 4791 temporis.
1643 4713 1764 4773 Dierum
1787 4725 1815 4774 et

460 4801 590 4861 noctium
619 4800 813 4860 artificialium
846 4802 973 4857 varietas
1002 4814 1053 4874 per
1075 4798 1174 4854 varios
1198 4797 1339 4873 sphaerae
1363 4802 1444 4857 situs.
1492 4802 1580 4860 lnitia
1602 4799 1713 4860 dierum
1737 4802 1815 4878 apud

461 4890 561 4946 varias
584 4896 696 4961 gentes.
741 4887 787 4946 De
811 4884 988 4961 crepusculis
1010 4895 1040 4943 ct
1063 4884 1237 4943 climatibus.
1286 4887 1365 4945 Pars
1395 4897 1516 4962 quarto.
1564 4888 1610 4948 De
1635 4892 1814 4965 temporibus

462 4978 531 5035 anui
554 4986 583 5035 et
606 4974 641 5034 de
665 4977 755 5033 zonis.
802 4974 973 5032 Dillereutia
995 4974 1178 5046 umbrarum3
1204 4990 1293 5033 causa
1316 4976 1427 5032 numeri
1443 4984 1472 5034 et
1487 4975 1650 5035 latitudinis
1666 4995 1814 5036 sonarum.

462 5063 542 5123 Pars
565 5066 683 5139 quinto.
730 5062 775 5120 De
803 5064 983 5136 apparitione
1007 5069 1036 5119 et
1058 5059 1254 5120 occultatione
1277 5061 1403 5122 siderum
1426 5081 1477 5138 per
1500 5064 1630 5123 diversas
1654 5068 1723 5123 anni
1745 5085 1814 5142 par·

462 5162 515 5211 tes.
560 5151 660 5210 blotus
683 5151 941 5224 aequinoctiorum.
988 5147 1034 5207 De
1056 5164 1134 5207 anno
1157 5148 1270 5209 sidereo
1294 5151 1323 5207 in
1354 5152 1466 5226 speeie:
1502 5150 1650 5229 quodnam
1683 5154 1721 5211 sit
1751 5155 1814 5229 ejus

462 5239 601 5300 initium?
635 5237 719 5299 Haec
746 5237 897 5315 inquisitio
928 5236 1009 5299 ducit
1029 5234 1191 5316 Koplarum
1212 5236 1252 5300 ad
1274 5237 1488 5322 Aegyptiorqm
1509 5256 1603 5313 aanor
1625 5239 1813 5315 caniculares,
