4459 6275
439 779 501 841 668
920 775 954 830 In
971 772 1093 831 Tabulas
1110 771 1301 844 Budolphlnas

437 954 514 1017 a‘e'ris
539 958 711 1014 consecutas
734 969 913 1032 comparare
956 952 1018 1015 Nec
1040 959 1138 1014 emtat
1159 952 1206 1012 his
1227 950 1351 1015 &neeis
1372 953 1568 1015 vetustiorum
1595 951 1793 1028 mnsigustio·

373 1052 376 1057 ·
437 1059 507 1101 num
517 1043 667 1115 memorie,
691 1039 864 1116 videturque
879 1039 1036 1102 Chaldaeis
1047 1042 1129 1119 ipsis,
1152 1047 1311 1118 antequam
1333 1040 1388 1101 sub
1403 1038 1603 1103 Macedonum
1618 1046 1793 1117 potestatem

436 1127 644 1205 redigerentur,
668 1131 697 1186 in
720 1134 1017 1206 mentemnunquam
1040 1120 1166 1202 venisse,
1188 1145 1276 1205 posse
1298 1136 1431 1188 monium
1453 1129 1589 1206 quinque
1610 1124 1792 1205 planetum

436 1215 664 1294 praedictionem
692 1223 826 1275 exactam
855 1222 917 1276 erte
948 1215 1169 1292 comprehendi,
1200 1225 1233 1275 ut
1254 1234 1320 1295 eam
1341 1214 1512 1276 methodum
1536 1217 1601 1292 ipsi
1623 1213 1794 1290 descriptio·

438 1303 525 1363 nibus
559 1320 679 1379 suarum
712 1303 951 1363 observationum
982 1302 1146 1363 sediciosis
1181 1318 1234 1380 per
1261 1305 1480 1387 circnmstentes
1507 1301 1584 1362 lixas
1613 1299 1795 1379 adjuvandas

438 1398 597 1450 censerent.
642 1390 718 1450 Nam
748 1392 803 1452 etei
834 1389 983 1467 viderunt,
1016 1390 1149 1467 singulos
1172 1407 1273 1450 eorum
1300 1399 1393 1452 certos
1415 1406 1559 1451 aonomm
1582 1390 1726 1449 cinerum
1745 1388 1795 1447 oh·

436 1494 572 1552 serrare,
596 1478 723 1538 varietas
745 1485 843 1538 tamen
866 1480 897 1536 in
919 1495 956 1537 ee
977 1495 1007 1537 re
1030 1486 1172 1555 perpetue
1193 1480 1295 1537 testari
1318 1476 1489 1549 videbatur,
1512 1476 1597 1553 leges
1619 1474 1692 1537 illes
1712 1491 1795 1535 sero

434 1565 577 1626 lntionum
600 1581 666 1624 cum
688 1564 781 1625 multa
802 1564 937 1626 libertate
960 1582 1024 1625 esse
1047 1565 1229 1642 coniunctas,
1253 1573 1286 1625 ut
1307 1566 1337 1624 in
1359 1563 1459 1643 alique
1468 1563 1544 1641 Rep.
1568 1570 1652 1625 stete
1673 1565 1795 1641 maghi-

434 1660 551 1712 ratnum
582 1654 752 1721 interstitia,
782 1659 813 1712 et
841 1669 931 1728 penes
961 1639 1111 1712 Romanos
1139 1650 1324 1727 consulatue,
1351 1659 1420 1729 post
1449 1650 1552 1713 decem
1582 1667 1682 1711 annos
1708 1652 1796 1729 repeti

417 1739 554 1800 solitus.
598 1738 677 1798 Hine
700 1738 775 1799 adeo
797 1747 868 1798 nata
892 1739 1008 1799 videtur
1030 1740 1124 1799 illae
1142 1737 1299 1800 Cleomede
1320 1747 1496 1799 ammenta
1518 1755 1581 1799 ror
1602 1760 1797 1819 spnmqsrq,

422 1831 532 1887 'motus
554 1826 734 1900 arbitrarius,
758 1843 845 1902 quem
867 1830 1015 1904 proprium
1037 1844 1093 1887 nos
1116 1825 1259 1903 dicimus3
1281 1827 1349 1887 hinc
1371 1828 1471 1904 opinio
1494 1825 1665 1886 divinitatis
1688 1822 1795 1903 iupls·

434 1915 510 1974 netis
539 1923 569 1973 et
590 1916 746 1991 potestatis
776 1916 805 1972 in
827 1931 874 1975 res
896 1914 1054 1988 humanas,
1084 1915 1154 1974 hinc
1184 1913 1253 1975 illae
1276 1910 1305 1972 in
1335 1912 1497 1991 astrologis
1517 1910 1682 1975 chaldaica
1710 1912 1794 1974 velut

437 2001 661 2076 magistratuum
677 2001 846 2061 sortitiones
868 2001 1024 2079 quaedem,
1047 2004 1113 2078 quis
1137 1999 1273 2060 dominae
1295 2003 1456 2079 geniturae,
1480 2000 1620 2060 dominus
1638 2002 1724 2075 anui,
1745 1998 1796 2059 de·

437 2090 533 2151 minus
556 2087 765 2150 ascendentis?
788 2090 854 2164 quis
878 2091 926 2147 cni
950 2089 1017 2163 diei,
1040 2091 1087 2149 cui
1110 2088 1200 2149 horae
1222 2088 1353 2165 praesit?
1376 2096 1448 2166 quot
1463 2089 1590 2165 quisque
1613 2089 1719 2149 vincet
1738 2088 1795 2147 sui·

436 2175 559 2253 fragiis?
597 2172 681 2250 Quae
705 2176 804 2234 omnia
833 2174 978 2235 libertatis
1001 2178 1168 2253 opinionem
1196 2177 1315 2252 sapiunt
1346 2178 1376 2233 in
1404 2175 1534 2235 modbns
1558 2191 1659 2252 eoque
1681 2182 1795 2237 muse

437 2261 686 2324 determinationis
710 2276 882 2322 eccmstmm
904 2263 943 2323 ed
965 2271 1061 2323 certas
1083 2262 1158 2324 lixas
1178 2263 1387 2340 negligentiam
1410 2262 1563 2324 inducunt.

523 2350 586 2411 Hes
602 2367 672 2411 vero
687 2348 870 2428 planetarum
886 2351 1106 2411 observationes
1129 2368 1249 2427 maenas
1265 2352 1408 2431 posterior
1429 2346 1681 2427 Hipparchus
1704 2356 1791 2411 mn·

436 2444 548 2497 namtas
571 2445 601 2497 et
623 2437 745 2513 digessit
767 2445 805 2524 et
818 2455 884 2497 cum
906 2439 1113 2521 sui‘temporis
1136 2439 1315 2514 experientia
1337 2440 1519 2515 compererit
1537 2435 1794 2515 rudimentumque

436 2524 585 2603 quoddam
617 2524 782 2585 tabularum
813 2523 920 2600 edidit,
957 2542 993 2585 ex
1021 2542 1081 2602 qun
1107 2523 1245 2603 planetae
1279 2525 1424 2603 cujusque
1455 2522 1571 2602 periodi
1601 2522 1793 2603 temperatius

310 2655 312 2659 -
436 2615 565 2691 conspici
593 2614 811 2691 stationemque
840 2620 869 2674 et
899 2612 1184 2690 retrogradatiouum
1212 2620 1344 2690 tempore
1374 2611 1479 2674 laxiori
1509 2611 1630 2673 werlo
1654 2611 1793 2692 prestent

433 2707 564 2778 possent.
607 2699 713 2777 Itaque
736 2699 809 2759 haec
832 2699 923 2760 veluti
945 2699 1146 2761 adolescentie
1167 2699 1332 2761 tabularum
1354 2700 1457 2760 haberi
1482 2706 1593 2776 potest

524 2787 640 2847 Primus
664 2785 912 2847 Ptolemaeus
934 2786 998 2862 luit,
1023 2791 1074 2865 qul
1097 2788 1207 2847 cuaeth
1229 2791 1258 2846 in
1275 2805 1364 2847 unum
1387 2804 1453 2847 cum
1468 2786 1655 2863 adJumentis
1669 2793 1792 2849 return

435 2875 636 2952 imprimisque
647 2874 817 2952 Hipparchi,
841 2881 903 2934 tum
926 2878 972 2934 sni
994 2876 1135 2952 temporis
1150 2876 1290 2953 motibus,
1312 2875 1480 2935 tabularum
1495 2890 1572 2954 opus
1597 2872 1704 2937 ederet
1724 2877 1792 2935 iute-

345 2982 348 2995 ·
435 2980 537 3039 gum,
568 2979 725 3039 earumque
756 2961 903 3038 quendam
926 2964 1011 3039 quasi
1036 2963 1223 3039 juventutem
1246 2961 1365 3021 adultae
1385 2964 1574 3040 proceritatis
1596 2964 1790 3023 consument.

437 3049 495 3126 Qui
523 3052 577 3111 etsi
607 3052 718 3127 passim
748 3050 778 3107 in
802 3047 898 3126 Opere
921 3048 1030 3127 Magno
1054 3051 1248 3125 cogitationes
1270 3049 1368 3127 prodit
1397 3049 1435 3110 sd
1463 3066 1636 3126 supremam
1666 3048 1789 3127 philam

433 3140 534 3217 phiam
557 3141 734 3217 pertinentes
756 3136 903 3215 hujusque
925 3138 962 3199 ad
986 3136 1194 3216 perfectionem
1216 3145 1308 3197 artem
1334 3140 1571 3212 mnenomicsm,
1595 3145 1630 3197 ut
1655 3155 1712 3216 par
1727 3147 1789 3210 erst,

436 3230 571 3304 expresse
593 3226 697 3286 refert:
723 3224 801 3284 idem
823 3233 921 3290 tamen
944 3224 994 3284 ille
1016 3225 1080 3296 suit,
1104 3227 1154 3301 qui
1177 3233 1292 3302 praeter
1315 3222 1396 3302 Opus
1418 3224 1575 3302 Magnum,
1599 3224 1639 3286 de
1663 3226 1788 3290 menius

437 3316 523 3374 etiam
540 3313 790 3388 Quadripertitum
814 3313 849 3372 de
873 3314 1023 3372 effectibus
1047 3313 1146 3385 edidit,
1171 3316 1220 3389 qui
1245 3314 1272 3370 in
1296 3321 1419 3389 utroque
1435 3329 1522 3389 opere
1547 3312 1679 3373 eundem
1694 3313 1787 3392 Syrum

435 3400 602 3477 alloquitur,
628 3403 677 3476 qni
693 3402 768 3459 inter
790 3400 862 3459 lines
879 3398 983 3476 Operis
1000 3400 1102 3477 Magni
1119 3418 1176 3460 non
1200 3407 1377 3476 postremum
1392 3399 1489 3459 locum
1512 3400 1651 3474 assignat
1674 3400 1786 3479 geneth·

434 3489 517 3548 liacis
539 3487 800 3566 praedictionibus,
825 3504 899 3563 ques
922 3487 1045 3547 alterum
1069 3505 1144 3563 opus
1167 3487 1417 3565 Quadripertitum
1441 3485 1659 3564 complectitur,
1686 3492 1715 3547 in
1736 3505 1785 3564 quo

439 3593 525 3653 opere
549 3575 704 3652 plerasque
720 3574 934 3634 Chaldaeorum
958 3593 1052 3652 nugas
1069 3574 1170 3635 videas
1186 3575 1241 3634 sub
1265 3574 1410 3650 quandam
1427 3576 1498 3635 artis
1513 3576 1642 3634 sormam
1657 3575 1785 3644 redactas,

436 3671 468 3722 ut
490 3662 541 3721 ille
559 3662 730 3722 'littilissima
751 3665 831 3738 prius
855 3663 977 3722 infantia
993 3663 1197 3737 conjecturalis
1220 3660 1396 3738 astrologiae
1419 3663 1475 3722 sub
1492 3662 1550 3722 hoc
1569 3664 1636 3739 J'am
1660 3667 1786 3741 magistro

435 3753 528 3828 prima
551 3750 643 3810 veluti
665 3749 815 3809 literarum
838 3750 981 3810 elementa
1005 3750 1116 3810 discere
1138 3752 1267 3827 incipiat.

522 3837 580 3898 Sed
611 3837 711 3896 incidit
741 3837 928 3913 philosophia
951 3838 1006 3897 sub
1029 3837 1192 3896 Ptolemaei
1220 3853 1479 3911 successorumque
1508 3844 1641 3896 aetutem
1670 3837 1700 3895 iu
1722 3834 1787 3894 dnn·

438 3926 506 3983 cilia
529 3933 677 4000 tempora,
702 3942 766 3983 cum
784 3924 909 3983 Graecia
931 3927 1053 3983 serviret
1068 3924 1220 3996 Romanis,
1244 3942 1309 3983 cum
1332 3941 1390 3982 una
1413 3940 1477 3981 cum
1498 3921 1639 3983 libertate
1663 3925 1787 4001 pristinus

314 4063 317 4072 ,
437 4015 524 4072 ctiam
548 4012 597 4070 ille
619 4014 703 4087 vigor
726 4014 907 4086 ingeniorum
931 4013 1119 4086 concidisset,
1152 4021 1181 4072 et
1209 4028 1266 4070 non
1288 4013 1383 4069 minus
1405 4021 1485 4069 recta
1508 4013 1586 4069 ratio
1608 4013 1786 4088 superstitio·

436 4101 531 4172 nibus,
556 4118 643 4173 quam
661 4102 826 4175 ingenuitas
848 4100 946 4159 servili
965 4102 1107 4176 patientia
1130 4098 1246 4175 publice
1262 4101 1461 4158 contaminata
1484 4107 1572 4157 esset.
1608 4097 1691 4173 Quin
1713 4100 1788 4157 etiam

436 4204 518 4262 gens,
544 4187 690 4245 Christum
713 4188 852 4262 professu,
877 4194 939 4246 toto
958 4195 1026 4247 tnnc
1049 4188 1119 4247 orbe
1144 4187 1275 4258 dilatata,
1300 4188 1370 4261 quia
1393 4186 1639 4244 contemnebatur
1663 4203 1682 4245 a
1703 4185 1787 4263 philo-

435 4275 536 4350 sophis
559 4274 637 4333 illius
660 4276 807 4349 temporis,
832 4284 922 4332 artem
947 4277 1074 4333 vicissim
1097 4274 1304 4349 astrologicam
1327 4274 1451 4348 paganis
1474 4274 1658 4333 accensebat
1680 4275 1787 4338 artibus,

436 4369 465 4420 et
497 4360 576 4436 quod
606 4364 759 4436 inquinata
789 4362 906 4436 penitus
937 4362 1024 4420 esset'
1036 4361 1292 4437 superstitionibus
1314 4359 1623 4436 hariolationibusque
1653 4363 1684 4419 iu
1707 4361 1789 4419 bem

436 4449 593 4522 injuriosis,
618 4449 762 4507 interdum
788 4466 851 4506 eam
868 4447 1004 4507 densitare
1029 4451 1056 4505 in
1079 4448 1206 4508 solidum
1224 4456 1268 4507 est
1291 4465 1382 4522 ausa;
1406 4456 1438 4505 ut
1453 4456 1562 4521 essent,
1587 4450 1641 4523 qui
1659 4447 1789 4508 Christis·

436 4537 560 4593 nismum
595 4539 688 4611 ipsum
721 4553 808 4611 quam
838 4543 929 4594 artem
952 4554 1035 4594 suem
1066 4535 1199 4598 deserere
1232 4533 1360 4593 mallent
1408 4534 1449 4591 Er
1478 4533 1538 4593 alia
1571 4545 1660 4610 parte
1687 4545 1789 4594 coortas

436 4631 538 4698 gentes
561 4631 590 4680 et
613 4624 734 4698 imperia
757 4639 845 4695 nova,
868 4622 935 4681 hinc
958 4623 1130 4682 Hunnorum
1154 4631 1183 4683 ct
1207 4622 1386 4693 Gothorum,
1411 4620 1477 4681 iude
1502 4621 1655 4695 litabam,
1680 4637 1790 4698 quamn

436 4710 519 4768 alteri
543 4709 658 4767 barbari
683 4718 711 4769 ct
734 4709 871 4782 hebetes,
903 4711 987 4769 alteri
1010 4713 1154 4786 ingeniosi
1178 4710 1308 4787 quidem,
1341 4708 1392 4769 sed
1415 4711 1711 4784 superstitiosissimi.
1753 4709 1790 4766 Ah

437 4797 496 4854 illis
527 4798 614 4871 igitur
645 4814 680 4855 cx
714 4797 832 4873 Europa
861 4797 946 4873 pulsa
975 4805 1004 4856 ct
1030 4798 1068 4857 ad
1099 4799 1152 4858 hos
1183 4801 1212 4856 in
1237 4798 1362 4855 Africam
1393 4794 1531 4878 devoluta
1560 4793 1694 4857 siderum
1717 4795 1791 4854 dhri-

435 4884 516 4959 plina
539 4886 709 4942 servitutem
732 4886 855 4944 servivit
880 4885 1077 4962 turpissimam
1100 4887 1155 4944 sub
1171 4883 1371 4960 genethliacis,
1395 4882 1553 4958 sortilegis,
1577 4887 1688 4962 magis,
1711 4899 1790 4961 quss-

435 4973 599 5043 stionariis,
629 4972 789 5030 sciscitanti
819 4972 938 5032 cuilibet
966 4990 1107 5048 responsa
1134 4972 1272 5033 dantibus
1301 4972 1383 5031 velut
1410 4987 1445 5030 ex
1474 4970 1591 5048 tripode
1616 4971 1790 5033 oraculum

437 5057 519 5116 loco:
550 5058 657 5133 quibus
681 5057 860 5133 hominibus,
884 5058 965 5118 lucre
988 5060 1051 5119 sola
1075 5061 1282 5137 quaerentibus
1304 5067 1334 5119 et
1357 5059 1505 5135 impietate
1530 5059 1702 5134 obstrictis,
1723 5055 1789 5117 side·

438 5162 501 5201 rum
530 5146 672 5222 inspectio
703 5146 928 5223 tabularumque
959 5149 1100 5208 certitudo
1132 5158 1162 5210 et
1192 5166 1257 5209 cum
1281 5146 1364 5208 coelo
1389 5148 1572 5223 comparatio
1595 5165 1685 5210 curas
1707 5141 1788 5207 haut·

440 5247 590 5308 quaquam
611 5233 667 5293 luit
689 5250 740 5309 per
762 5233 877 5312 aliquot
898 5235 1008 5297 meula.
1038 5228 1040 5232 ’
